1820 3106
336 262 1064 314 METAMORPHOSEON
1096 263 1228 308 LIB.
1262 265 1375 310 XV.

146 362 276 411 Mota
291 399 303 421 ,
327 358 458 411 soror
477 359 641 408 Phoebi
664 357 860 422 gelidum
880 358 935 406 de
959 376 1149 425 corpore
1172 357 1343 406 fontem

1489 265 1577 327 537

1515 371 1582 406 550

144 441 294 500 Fecit,
318 452 363 489 et
385 452 567 489 aeternas
589 450 712 487 artus
734 437 931 486 tenuavit
952 437 1000 485 in
1020 436 1177 486 undas.

210 519 289 567 IV.
314 516 628 584 AtNymphas
653 517 802 580 tetigit
823 535 941 564 nova
962 534 1058 573 res3
1085 527 1130 564 et
1151 515 1374 564 Amazone
1399 527 1531 564 natus

146 596 279 646 Haud
303 595 431 646 aliter
449 596 649 664 stupuit,
677 615 809 663 quam
833 613 972 662 quum
995 594 1254 662 Tyrrhenus
1275 605 1424 642 arator

144 673 338 724 Fatalem
363 673 538 738 glebam
559 673 718 723 mediis
740 673 944 741 adspexit
964 672 1012 721 in
1034 672 1150 722 arvis
1164 710 1177 731 ,

144 753 316 820 Sponte
341 772 420 803 sua
441 753 636 820 primum
654 791 666 812 ,
692 752 907 820 nulloque
930 750 1124 815 agitante
1139 789 1151 810 ,
1176 751 1366 809 moveri,

1518 764 1585 799 555

143 833 326 882 Sumere
350 851 456 881 mox
477 833 673 881 hominis
687 869 699 890 ,
727 844 942 898 terraeque
963 829 1162 880 amittere
1179 829 1386 890 formam,

145 912 328 978 Oraque
348 911 548 960 venturis
570 911 741 978 aperire
766 909 960 959 recentia
976 908 1092 958 fatis.

144 988 372 1052 Indigenae
395 988 542 1038 dixere
564 989 716 1053 Tagen
731 1027 743 1047 ,
769 988 845 1055 qui
867 988 1041 1055 primus
1059 989 1292 1037 Etruscam

144 1066 341 1116 Edocuit
362 1078 539 1130 gentem
561 1085 690 1116 casus
711 1067 881 1133 aperire
904 1066 1095 1115 futuros,

211 1145 268 1193 V.
293 1146 446 1211 thue
468 1144 685 1194 Palatinis
706 1145 946 1194 haerentem
971 1144 1162 1194 collibus
1187 1144 1293 1193 olim

1520 1160 1590 1195 560

147 1223 303 1287 Quum
328 1223 482 1272 subito
506 1223 620 1272 vidit
642 1223 926 1274 frondescere
950 1223 1174 1274 Romulus
1193 1224 1390 1284 hastam,

149 1303 265 1366 Quae
288 1303 434 1351 radice
457 1321 595 1361 nova,
617 1322 711 1351 non
734 1302 853 1351 ferro
877 1303 1026 1352 stabat
1047 1302 1227 1362 adacto,

148 1379 212 1428 Et
229 1379 319 1446 jam
335 1399 429 1446 non
448 1379 611 1438 telum,
641 1380 719 1429 sed
740 1380 851 1428 lenti
871 1379 1050 1428 viminis
1072 1379 1211 1427 arbor

146 1458 254 1507 Non
274 1469 549 1525 exspectatas
573 1458 710 1507 dabat
732 1458 1056 1508 admirantibus
1079 1457 1276 1505 umbras.

211 1533 292 1582 VI.
316 1534 412 1582 Aut
430 1553 512 1584 sua
534 1534 743 1583 fluminea
768 1553 908 1601 quum
928 1534 1041 1582 vidit
1066 1533 1208 1600 Cipus
1230 1533 1277 1580 in
1299 1532 1421 1581 unda

1519 1546 1586 1583 565

149 1611 329 1661 Cornua
344 1649 358 1671 ,
379 1611 492 1661 vidit
515 1613 658 1671 enim,
682 1612 924 1680 falsamque
947 1613 994 1661 in
1015 1612 1208 1675 imagine
1234 1610 1418 1661 credens

150 1692 262 1741 Esse
284 1690 442 1751 fidem,
467 1691 621 1755 digitis
643 1691 699 1740 ad
721 1691 916 1740 frontem
937 1710 1052 1758 saepe
1072 1690 1250 1749 relatis,

190 1803 269 1837 550.
283 1803 441 1837 Gelidum
457 1804 498 1836 de
511 1814 646 1846 corpore
658 1807 722 1836 ete.
740 1801 836 1846 Ege-

147 1854 200 1890 ria
224 1855 306 1890 fons
332 1862 369 1890 et
391 1855 489 1891 lucus
521 1854 565 1889 ad
590 1854 748 1889 Ariciam
775 1861 837 1889 est.

148 1907 266 1952 Fons,
291 1906 376 1943 olim
401 1907 561 1953 religiose
584 1907 698 1942 cultus
716 1914 752 1941 et
769 1919 837 1940 or-

149 1966 253 1995 natus
266 1986 276 2003 ,
293 1959 457 1995 Juvenal.
470 1960 507 1996 ΙΙ
516 1986 525 2004 ,
545 1974 581 2006 17
593 1986 602 2004 ,
614 1960 720 1994 etiam
732 1959 837 1994 hodie

148 2011 359 2048 ostenditur.
373 2031 418 2039 —
438 2014 588 2047 Tenum·
608 2012 749 2058 proprie
774 2012 837 2046 di-

148 2071 280 2100 cuntur
305 2077 458 2111 quorum
486 2078 612 2111 corpus
639 2065 814 2101 evanescit
826 2091 836 2110 ,

150 2124 211 2152 aut
226 2117 263 2152 in
280 2130 409 2163 aquam
424 2117 505 2153 abit.

195 2171 365 2217 552—559.
388 2172 520 2214 Tages,
539 2177 662 2205 auctor
676 2169 840 2217 haruspi-

151 2225 239 2260 cinae
260 2225 354 2271 apud
372 2225 540 2261 Etruscos
557 2251 567 2269 ,
592 2239 634 2260 ex
657 2225 777 2271 gleha;
794 2225 841 2261 cf.

155 2277 282 2314 Cicero
299 2278 342 2313 de
361 2277 442 2312 Div.
454 2278 513 2322 11,
532 2278 678 2313 23.Vid.
692 2279 840 2313 omnino

152 2330 358 2377 Dempsteri
370 2331 491 2366 Etrur.
503 2331 623 2377 Regal.
637 2332 713 2375 111,
731 2346 758 2366 1.
770 2332 842 2366 Ad-

154 2383 263 2418 mixta
279 2390 400 2418 autem
419 2389 473 2418 est
488 2395 580 2417 nova
599 2382 674 2419 haec
698 2390 734 2418 et
752 2384 843 2418 mira

154 2435 273 2471 fabula
293 2449 358 2482 per
381 2435 683 2481 comparationem
700 2463 710 2479 ,
737 2437 842 2482 eique

155 2495 192 2523 et
203 2489 277 2524 aliae
291 2489 340 2525 sic
355 2489 493 2525 additae.
505 2508 549 2517 —-
566 2490 758 2536 Hippolyte
774 2490 844 2526 fuit

157 2553 229 2575 una
244 2555 285 2576 ex
297 2542 540 2576 Amazonibus.
552 2560 596 2567 —
610 2541 843 2587 Quantopere

157 2601 274 2628 arator
287 2593 343 2628 ille
362 2594 397 2628 in
417 2607 501 2639 agro
519 2594 716 2639 Tarquinio
729 2597 845 2629 obstu-

153 2649 285 2690 puerit,
307 2653 428 2681 narrat
441 2645 570 2680 Cicero
586 2645 621 2680 d.
636 2645 659 2680 l.
673 2664 716 2672 -
730 2648 845 2680 Fata-

159 2699 241 2738 lem,
262 2711 282 2732 a
297 2697 378 2734 fatis
396 2705 533 2733 motam
550 2724 561 2743 ‚
584 2701 624 2733 ut
638 2697 747 2733 homo
762 2697 846 2733 inde

162 2750 326 2786 oriretur.

209 2803 380 2849 560-564.
398 2805 541 2840 Romuli
556 2805 658 2841 basta
682 2803 719 2839 in
742 2803 848 2839 arbo-

900 1815 988 1837 rem.
1000 1801 1110 1836 Conf.
1120 1800 1330 1836 Plutarchus
1343 1800 1381 1834 in
1392 1800 1499 1835 Rom.
1508 1798 1590 1834 Ser-

901 1855 976 1890 vius
988 1854 1032 1889 ad
1042 1854 1244 1899 Virgilium,
1256 1852 1398 1887 AEneid.
1408 1853 1478 1897 111,
1491 1852 1592 1896 46.—

900 1907 1208 1942 lia-rentemMissa
1219 1905 1443 1941 exAventino
1449 1912 1587 1948 monte,

901 1962 1000 1994 hasil
1009 1987 1018 2002 ,
1036 1959 1103 1995 fixa
1113 1967 1165 1994 est
1175 1985 1184 2003 ,
1198 1959 1237 1993 in
1248 1959 1408 1994 Palatino
1418 1972 1426 2000 ;
1440 1959 1590 1994 Lactan-

902 2014 972 2049 tius
986 2014 1023 2048 in
1039 2013 1273 2059 Argumento.
1286 2012 1373 2047 Erat
1383 2024 1510 2047 cornea
1525 2038 1534 2055 ‚
1552 2017 1590 2046 et

904 2065 1074 2112 quamdiu
1084 2065 1140 2100 illa
1152 2065 1288 2110 vigebat
1297 2091 1306 2107 ,
1320 2064 1472 2099 florebat
1481 2064 1590 2098 etiam

902 2119 1095 2164 imperium
1112 2118 1329 2153 Romanum.
1345 2134 1390 2143 --
1408 2117 1514 2151 lenti
1528 2119 1590 2150 vi—

904 2174 1027 2214 m1'71115‚·
1044 2170 1202 2205 flexibilis
1216 2170 1322 2215 virgae
1332 2182 1339 2204 :
1350 2181 1480 2204 cornus
1491 2167 1590 2202 enim

906 2224 1011 2259 arbor
1048 2236 1165 2258 ramos
1197 2222 1392 2257 admodum
1422 2219 1590 2255 flexibiles

905 2275 1011 2310 habet
1029 2289 1038 2310 ι
1052 2278 1173 2310 bonum
1188 2277 1275 2309 bello
1290 2280 1391 2308 vocat
1402 2272 1588 2319 Virgilius,

906 2327 1038 2373 Georg.
1052 2328 1109 2363 lib.
1127 2328 1164 2363 ll
1175 2353 1185 2371 ,
1202 2341 1290 2362 vers.
1301 2328 1376 2372 447.
1392 2327 1458 2360 Ed.

954 2381 1123 2416 555—621.
1144 2382 1310 2415 Genutius
1323 2381 1447 2424 Ctjvpus
1461 2389 1595 2413 cornu-

907 2442 965 2470 tus
980 2434 1102 2469 sactus.
1128 2432 1234 2468 Cous.
1256 2432 1375 2467 Valer.
1396 2431 1593 2472 Maximus,

910 2488 958 2531 V,
973 2488 1005 2523 6.
1030 2486 1200 2521 Meminit
1218 2486 1294 2530 ejus
1311 2485 1417 2520 etiam
1437 2483 1594 2526 Plinius,

911 2541 964 2576 XI
976 2566 986 2583 ,
1004 2540 1058 2584 37.
1078 2539 1160 2573 Fuit
1175 2545 1324 2584 praetor;
1341 2537 1402 2572 sed
1420 2549 1491 2582 quo
1503 2542 1597 2571 tem-

910 2605 995 2638 pore
1010 2590 1134 2626 vixerit
1146 2617 1155 2633 ,
1174 2603 1246 2624 non
1269 2596 1415 2625 constat.
1440 2589 1522 2624 Hoc
1537 2588 1596 2623 vi—

912 2644 1037 2679 demus
1053 2643 1120 2678 hoc,
1138 2643 1211 2688 ipso
1229 2642 1304 2678 loco
1315 2669 1324 2687 ‚
1342 2641 1430 2677 nihil
1445 2640 1478 2677 ei
1490 2641 1598 2677 fuisse

912 2697 1026 2733 carius
1043 2696 1211 2742 patria.—
1223 2697 1343 2740 Cipus,
1360 2708 1435 2730 non
1451 2697 1576 2741 Cippus
1589 2722 1598 2737 ‚

912 2748 1069 2785 scribunt
1086 2748 1213 2784 vetusti
1229 2747 1364 2785 codices
1377 2774 1388 2794 ,
1409 2747 1487 2784 val.
1507 2748 1599 2784 Ma·-

913 2801 1026 2838 ximus
1042 2808 1077 2839 et
1093 2801 1245 2839 nummi.
