1820 3106
355 221 1036 269 METAMORPHOSEON
1079 224 1212 267 LIB.
1255 226 1402 270 XIV.

1504 226 1585 282 481

163 319 293 367 Nune
318 337 522 386 quoque,
551 335 689 383 quum
709 315 853 379 fugias
876 316 1171 383 averserisque
1193 329 1418 384 petentes,
1466 340 1468 342 ¹

163 394 291 445 Mille
312 395 438 463 proci
461 394 672 461 cupiunt,
694 394 739 442 'et
765 393 1067 461 Semideique‚
1096 395 1269 463 Deique
1283 432 1296 453 9

163 476 225 523 Et
247 491 530 542 quaecumque
555 483 707 520 tenent
729 471 931 522 Albanos
953 473 1135 523 numina
1153 486 1341 522 montes.

165 552 252 602 Sed
277 563 352 609 tu,-
370 550 408 599 si
431 549 598 617 sapies,
622 548 659 598 si
685 561 727 598 te
754 550 867 599 bene
887 550 1098 616 jungere,
1121 565 1342 618 anumque

1524 568 1589 614 675

163 629 289 679 Hanc
311 627 462 676 audire
483 626 631 685 voles,
658 646 756 695 quae
780 626 824 675 ie
846 626 947 694 plus
972 628 1182 676 omnibus
1203 628 1292 676 illis
1307 666 1319 687 ‚

163 695 291 764 Plus,
317 725 448 773 quam
471 705 613 754 credis
628 743 640 763 ‚
661 724 762 754 amo
783 725 793 762 ;
817 705 1019 769 vulgares
1043 705 1173 772 rejice
1196 706 1329 755 taedas
1343 744 1355 765 ‚

162 785 544 851 Vertumnumque
570 784 658 832 tori
679 784 847 835 socium
874 783 956 831 tibi
979 782 1121 848 delige
1140 804 1150 832 ε
1170 803 1252 851 pro
1273 803 1362 851 quo

162 864 240 912 Me
265 881 446 930 quoque
463 862 627 930 pignus
648 863 765 912 habe
785 883 795 911 ε
818 880 962 929 neque
980 861 1098 911 enim
1116 862 1207 910 sibi
1224 863 1382 911 notior
1401 862 1476 912 ille
1500 876 1567 912 est
1580 902 1592 919 ‚

162 942 310 1007 Quam
332 941 443 990 mihi
465 961 474 989 :
497 960 578 990 nec
604 953 700 990 toto
723 941 888 1008 passim
911 959 1047 1004 vagus
1069 952 1184 989 errat
1203 940 1250 988 in
1276 941 1398 990 orbe.

1528 957 1597 991 Gau

162 1021 269 1069 Haec
294 1018 392 1068 loca
417 1018 509 1069 sola
532 1017 640 1068 colit
660 1039 670 1067 :
691 1037 771 1067 nec
786 1056 797 1077 ,
822 1018 888 1067 uti
911 1037 1016 1085 pars
1033 1037 1191 1082 magna
1212 1038 1474 1085 procorum,

164 1099 311 1163 Quam
335 1097 470 1146 modo
492 1096 629 1155 vidit,
656 1108 771 1145 amat
792 1116 801 1143 :
826 1108 873 1144 tu
891 1096 1061 1162 primus
1075 1134 1086 1154 ‚
1116 1108 1160 1143 et
1182 1095 1366 1146 ultimus
1387 1096 1454 1145 illi

169 1175 315 1224 Ardor
336 1173 446 1231 eris;
473 1172 648 1240 solique
672 1191 778 1222 suos
802 1172 886 1220 tibi
910 1172 1093 1221 devovet
1117 1190 1272 1221 annos.

165 1251 319 1310 Adde,
345 1249 466 1317 quod
489 1262 556 1299 est
575 1249 771 1315 juvenis,
800 1248 919 1315 quod
944 1248 1141 1297 naturale
1168 1248 1337 1297 decoris

164 1333 335 1381 Munus
360 1329 499 1380 habet
518 1349 527 1377 :
550 1329 804 1394 formasque
826 1339 928 1393 apte
948 1327 1141 1390 fingetur
1162 1327 1208 1375 in
1230 1346 1411 1387 omnes3

1528 1343 1597 1380 685

165 1409 249 1466 Et,
275 1406 398 1474 quod
424 1405 507 1454 erit
524 1406 700 1471 jussus,
723 1404 879 1469 jubeas
904 1402 1005 1451 licet
1026 1403 1196 1462 omnia,
1219 1403 1308 1452 fiet.

166 1485 290 1552 Quid
305 1523 318 1544 ‚
341 1483 463 1552 quod
475 1482 639 1533 amatis
654 1482 808 1531 idem?
833 1481 974 1547 quod,
1003 1499 1100 1546 quae
1116 1481 1199 1530 tibi
1216 1501 1351 1547 poma
1370 1481 1600 1542 coluntur,

165 1563 342 1612 Primus
363 1561 522 1621 habet,
546 1560 733 1627 laetaque
754 1571 877 1609 tenet
899 1571 974 1608 tua
996 1578 1179 1608 munera
1202 1559 1388 1609 dextra?

166 1641 254 1691 Sed
278 1659 423 1708 neque
442 1640 531 1706 jam
553 1638 686 1687 foetus
713 1637 932 1686 desiderat
951 1637 1110 1684 arbore
1132 1636 1304 1685 demtos
1318 1674 1330 1695 ,

165 1722 277 1780 Nec,
306 1740 416 1788 quas
438 1720 598 1772 hortus
621 1717 723 1777 alit,
751 1736 850 1766 cum
876 1715 1017 1765 succis
1038 1715 1222 1764 mitibus
1244 1716 1403 1764 herbas
1418 1754 1430 1774 ,

1538 1732 1606 1778 690

165 1803 258 1850 Nec
282 1799 552 1868 quidquam,
578 1798 666 1846 nisi
690 1809 762 1846 te:
782 1797 987 1845 miserere
1010 1794 1239 1843 ardentis:
1261 1807 1304 1843 et
1328 1795 1477 1861 ipsum
1492 1834 1504 1854 ‚

167 1916 355 1951 :emiliam
366 1914 533 1954 audacis,-
551 1910 612 1946 sed
628 1909 798 1945 Heinsius
811 1922 853 1944 ex

169 1966 240 2002 MS
251 1964 434 2001 Barbaria.
447 1963 578 2008 recepit
587 1963 726 2002 timidis,
742 1961 776 1996 h.
788 1974 854 1995 au-

170 2019 262 2055 dacis
276 2019 313 2053 in
332 2015 496 2059 timidos,
514 2022 553 2050 ut
570 2016 627 2059 X,
649 2016 734 2058 544,
745 2012 853 2057 sorttlr

159 2071 347 2117 fugacibus
359 2076 441 2105 esto.
450 2066 654 2103 —Codices
667 2066 770 2101 ambo
784 2066 852 2100 Re-

171 2125 217 2171 gii
207 2124 343 2159 'timida
344 2128 406 2158 aut
413 2123 571 2161 audacis,
586 2119 681 2165 quod
692 2107 852 2165 explicari

171 2174 337 2218 deberet,
355 2173 496 2209 timidi·
487 2186 524 2207 m
543 2185 688 2218 pugna,
715 2170 852 2206 audacis

171 2227 210 2262 in
223 2226 399 2265 struendi
416 2223 664 2267 1‘7151‘d1‘12558ed
684 2224 779 2258 bona
800 2230 853 2258 est

172 2278 384 2314 emendatio.
399 2279 466 2313 Ed.

217 2333 295 2378 675.
321 2332 362 2366 St
379 2334 502 2375 sapies.
522 2328 629 2364 Multi
651 2331 789 2373 sapias,
817 2335 853 2363 et

173 2397 255 2420 mox
268 2386 378 2425 velim
402 2381 577 2428 improbat
595 2387 713 2415 autem
728 2380 851 2415 Hein—

175 2439 267 2481 nius,
295 2443 334 2472 et
353 2436 471 2479 bene,
496 2434 576 2479 quia
596 2436 673 2468 tum
699 2440 776 2467 erat
793 2446 853 2467 re-

165 2491 279 2536 jicAas
301 2497 338 2524 et
361 2491 494 2532 deligas
518 2486 719 2522 dicendum.
754 2485 856 2531 Regii

176 2541 311 2577 codices
328 2540 415 2575 nihil
429 2546 580 2575 mutant.
597 2540 664 2572 Ed.

221 2594 296 2630 681.
307 2596 391 2628 Hac
400 2597 478 2628 loca
489 2595 575 2628 sola.
588 2591 687 2626 MSS
697 2590 772 2625 fere
785 2603 857 2627 om-

177 2659 240 2682 nes
248 2672 258 2690 ,
272 2647 356 2681 Hac
367 2673 375 2687 ‚
392 2647 452 2680 a'ut
464 2647 536 2680 Nec
548 2648 625 2680 loca
634 2657 780 2688 magum·
795 2644 857 2679 sed

176 2698 347 2733 Vivianus
374 2710 416 2733 ex
439 2698 508 2732 suis
532 2700 610 2732 loca
630 2699 707 2731 sola
723 2723 733 2737 ‚
763 2695 856 2741 quod

177 2751 283 2786 etiam
299 2751 336 2786 in
355 2762 427 2785 uno
445 2762 509 2785 suo
524 2755 706 2795 repertum
728 2748 859 2794 recepit

304 2818 398 2865 JV.

918 1907 1096 1943 Heinsius.
1112 1906 1234 1942 Codex
1244 1907 1377 1953 Regius
1389 1907 1422 1942 A
1431 1909 1517 1943 Haec
1525 1910 1604 1943 loca

917 1972 1040 2004 magna
1053 1970 1066 2002 ‚¹
1081 1959 1190 1994 codex
1204 1960 1236 1995 Β
1250 1962 1322 1996 Nec
1337 1962 1414 1995 loca
1423 1973 1604 2005 magna.—

920 2014 1087 2051 Devovet,
1107 2018 1222 2046 vovet.
1281 2008 1283 2010 ’

961 2063 1036 2107 684.
1053 2065 1202 2098 Juvemzr.
1221 2063 1387 2110 Itapingi
1400 2070 1436 2099 et
1449 2063 1534 2110 fingi
1546 2077 1605 2099 so-

918 2115 1032 2158 lebat,
1056 2116 1190 2151 cinctus
1216 2127 1346 2150 corona
1374 2129 1393 2150 e
1417 2115 1606 2152 frondibus

917 2166 1106 2211 viridibus,
1130 2174 1326 2213 tenensque
1350 2179 1463 2202 cornu
1485 2169 1605 2214 copiae.

917 2239 961 2247 —
975 2223 1077 2265 Quod
1094 2224 1250 2256 naturale
1270 2228 1334 2257 etc.
1359 2221 1453 2266 quod
1478 2229 1606 2257 natura

917 2287 1002 2308 eum
1030 2273 1114 2309 fecit
1143 2273 1324 2309 decorum.
1340 2292 1384 2299 —-
1403 2275 1606 2319 Formasque

916 2334 997 2372 apte
1013 2335 1078 2363 etc.
1100 2327 1278 2372 Tibullus,
1300 2327 1354 2362 IV
1367 2353 1376 2371 ,
1395 2338 1426 2361 11
1440 2354 1450 2371 ,
1475 2329 1536 2372 14,
1562 2327 1605 2362 de

919 2380 1124 2416 Vertumno
1142 2407 1152 2425 ,
1183 2382 1282 2415 Male
1309 2382 1412 2415 habet
1440 2387 1580 2416 ornatus
1595 2407 1605 2422 ,

919 2437 1011 2469 mille
1024 2436 1179 2469 decenter
1192 2436 1302 2471 habet.

924 2502 926 2505 ’
965 2486 1040 2532 687.
1069 2488 1150 2529 Quoe
1171 2489 1239 2520 tibi
1246 2499 1351 2530 poma
1372 2488 1528 2520 coluntur
1542 2493 1606 2522 etc.

921 2539 1118 2573 Fructuum
1146 2539 1313 2584 primitiae
1339 2539 1498 2575 solebant
1514 2541 1610 2575 Ver-

921 2598 1048 2626 tumno
1063 2590 1157 2631 dari;
1173 2591 1377 2636 Propertius
1387 2617 1396 2634 ‚
1410 2591 1444 2627 d.
1458 2591 1478 2626 l.
1490 2605 1536 2627 vs.
1554 2606 1565 2627 ι
1577 2607 1605 2636 ι,

922 2648 1002 2689 quia
1010 2646 1168 2679 vertentis
1167 2643 1319 2688 fructum
1322 2648 1540 2689 proecepc'mus
1549 2659 1608 2680 an-

923 2701 979 2740 n1'‚‘
1003 2704 1038 2731 et
1055 2709 1103 2731 vs.
1124 2697 1180 2740 13,
1198 2699 1316 2732 Prima
1337 2700 1548 2735 me‘hivarl'at
1561 2703 1604 2735 li·

923 2751 1075 2788 pentibus
1085 2762 1151 2784 uva
1165 2754 1319 2786 racemtlr.

1367 2820 1417 2863 31
