1820 3106
285 279 369 337 ms

638 253 1330 332 P.ovin11NAsoN15

285 374 375 422 Ore
399 392 504 431 suo,
526 373 813 441 volucresque
836 395 963 439 vagas
986 378 1168 427 retinere
1194 378 1377 428 solebat.

1626 397 1690 443 340

284 449 396 512 Quae
419 449 521 498 dum
546 449 730 499 feminea
749 451 1002 501 modulatur
1025 453 1214 502 carmina
1235 473 1339 504 voce
1353 494 1364 514 ‚

282 525 457 573 Exierat
480 537 596 574 tecto
620 529 860 578 Laurentes
884 528 1016 578 Picus
1036 530 1080 577 in
1105 549 1257 593 agros,

280 602 509 665 Indigenas
532 604 697 653 fixurus
721 624 878 673 apros;
905 619 1163 674 tergumque
1185 609 1411 674 premebat

279 682 407 730 Acris
429 684 556 750 equi,
581 683 771 750 laevaque
794 684 968 733 hastilia
991 686 1099 733 bina
1124 685 1316 746 ferebat,

279 759 523 808 Poeniceam
546 760 668 809 fulvo
693 761 963 827 chlamydem
988 772 1238 810 contractus
1257 762 1314 810 ab
1339 781 1458 812 auro.

1615 780 1680 824 ³45

280 835 469 884 Venerat
490 836 534 884 in
559 837 688 897 silvas
711 850 755 886 et
775 838 865 886 filia
886 837 1001 885 Solis
1012 836 1195 900 neasdem·
1216 856 1226 884 z
1319 897 1321 899 ῃ
1411 899 1415 903 ,

279 912 428 977 thue
451 931 585 961 novas
603 913 766 976 legeret
784 912 982 962 fecundis
1004 912 1192 962 collibus
1214 912 1374 963 herbas
1388 952 1401 972 ‚

278 989 464 1037 Nomine
487 990 600 1038 dicta
627 1009 708 1039 suo
724 1028 736 1048 ‚
764 991 925 1039 Circaea
947 990 1191 1058 reliquerat
1212 1010 1324 1041 arva.

280 1065 392 1127 Quae
417 1066 547 1114 simul
572 1085 621 1114 ac
640 1067 866 1132 juvenem,
892 1066 1093 1130 virgultis
1113 1067 1286 1126 abdita,
1310 1068 1445 1127 vidit,

282 1140 528 1207 Obstupuit
548 1161 557 1189 ε
579 1143 766 1191 cecidere
788 1161 945 1201 manu,
972 1162 1081 1210 quas
1103 1142 1295 1206 legerat,
1317 1144 1484 1203 herbae;

1627 1161 1691 1194 350

277 1218 556 1286 Flammaque
579 1241 659 1288 per
682 1233 799 1270 totas
819 1222 908 1271 visa
934 1234 1001 1271 est
1021 1240 1162 1270 errare
1181 1221 1411 1271 medullas..

234 1304 237 1306 ’
278 1296 343 1343 Ut
364 1297 555 1363 primum
576 1298 718 1347 valido
743 1311 932 1349 mentem
955 1298 1131 1362 collegit
1150 1298 1205 1347 ab
1227 1310 1333 1347 aestu
1351 1319 1361 1357 ;

280 1372 404 1435 Quid
428 1387 606 1441 cuperet
620 1413 631 1433 ‚
658 1375 824 1425 fassura
846 1376 932 1424 fuit
952 1396 962 1424 :
982 1395 1038 1424 ne
1060 1388 1213 1443 posset
1231 1376 1373 1435 adire,

282 1448 447 1497 Cursus
471 1451 572 1516 equi
597 1452 725 1509 fecit,
747 1452 1124 1519 circumfususque
1148 1453 1332 1502 satelles·

321 1576 396 1619 342.
413 1577 635 1611 laurentinus
655 1590 737 1622 ager
759 1578 955 1613 abundabat

278 1633 389 1674 apris3
405 1630 500 1665 unde
515 1643 604 1676 saepe
617 1631 766 1665 Lnurens
775 1643 874 1676 apem·
887 1631 954 1666 vid.

279 1683 395 1717 Bentl.
414 1683 455 1717 ad
473 1684 562 1718 Hor.
582 1684 694 1729 Epod.
709 1697 744 1727 v,
765 1684 956 1719 28.—Ob-

278 1742 391 1770 servat
412 1736 565 1780 Rodius,
583 1739 723 1772 hastilia
738 1737 841 1772 fuisse
862 1737 956 1772 insi-

281 1786 360 1831 gnia
382 1786 484 1832 regiae
506 1787 680 1833 dignitatis
706 1795 864 1834 tempore
884 1788 956 1823 he-

281 1838 385 1872 roica
399 1838 457 1874 Sic
469 1838 656 1884 Cephalus,
667 1839 756 1874 Met.
765 1840 855 1887 Vll,
869 1840 933 1886 673
945 1865 954 1882 ,

271 1891 429 1935 jaculum
447 1891 608 1936 gestabat.
625 1891 695 1926 Sed
710 1891 811 1926 Picus
823 1890 957 1925 hastilia

282 1950 424 1977 venatus
440 1956 538 1977 causa
547 1951 727 1978 sumserat.
738 1944 844 1979 Notat
855 1943 958 1978 Dou-

281 2007 319 2028 za
332 2020 341 2037 ,
358 1997 532 2038 indigenas
543 1995 693 2030 Martial.
707 1997 722 2030 1
736 2021 745 2038 ,
764 2007 783 2030 L
794 2021 804 2038 ‚
823 1997 882 2039 24,
895 2008 956 2029 vo-

280 2059 371 2081 casse
393 2060 513 2082 vernas
527 2061 635 2092 apros.

326 2098 400 2141 345.
417 2099 622 2134 Contractus.
642 2099 767 2144 Quum
786 2099 882 2134 MSS
901 2099 957 2133 hic

281 2149 378 2183 valde
403 2150 537 2185 varient
550 2175 559 2193 ,
580 2157 615 2184 et
631 2150 687 2185 alii
711 2150 860 2185 habeant
876 2163 958 2184 con-

282 2207 424 2242 tractus,
444 2201 500 2236 alii
515 2207 691 2236 contactus
701 2229 709 2242 ‚
727 2215 953 2245 comprensus,

223 2248 226 2252 ’
282 2256 476 2288 concinctus
494 2280 502 2295 ,
540 2259 726 2293 contortus,
760 2260 927 2288 contectus
946 2280 955 2293 ‚

283 2318 486 2347 compressus
514 2313 577 2340 etc.
608 2306 773 2340 Heinsius
805 2305 956 2348 fatetur,

283 2368 319 2390 se
344 2369 462 2390 veram
487 2357 672 2392 lectionem
702 2357 854 2402 reperire
885 2369 957 2391 non

282 2420 380 2453 posse
393 2422 401 2449 ;
418 2409 579 2454 suspicari
593 2416 709 2443 tamen
721 2421 756 2443 se
769 2434 778 2451 ,
790 2408 958 2453 scriptum

285 2459 460 2505 reliquisse
476 2459 581 2495 Ovid.
597 2473 800 2505 conspersus.
820 2459 958 2494 Videa-

284 2523 364 2546 mus
379 2511 503 2556 igitur,
519 2524 563 2546 an
581 2513 707 2546 certius
723 2511 850 2557 aliquid
865 2523 958 2546 con-

286 2563 379 2597 stitui
392 2564 507 2608 possit.
525 2563 555 2597 E
574 2576 621 2597 vs.
639 2565 702 2609 394
719 2570 831 2608 patet,
853 2563 959 2598 fibula

285 2613 504 2648 constrictam
513 2614 732 2661 chlamydem
741 2614 896 2649 habuisse
904 2614 959 2649 -Pi-

287 2677 389 2706 cum;
415 2665 552 2700 aliunde
574 2678 678 2709 ver-0,
697 2679 730 2700 v.
753 2679 781 2700 c.
804 2679 822 2700 e
842 2666 959 2701 statuis

285 2723 321 2751 et
332 2716 619 2762 descriptionibus
630 2718 754 2753 Dianae
768 2717 958 2765 Nympha-

285 2779 434 2812 rumque
455 2769 679 2804 venatricium
694 2795 704 2813 ,
726 2769 876 2813 scimus,
901 2781 959 2804 ve-

1018 1579 1143 1614 nantes
1160 1579 1318 1613 breviore
1339 1586 1432 1613 veste
1454 1592 1531 1614 usos
1552 1591 1636 1614 esse.
1656 1580 1696 1615 Si

1020 1632 1136 1679 itaque
1152 1645 1215 1678 per
1230 1646 1346 1667 aurum
1362 1645 1457 1668 nune
1473 1633 1618 1668 fibulam
1633 1647 1697 1668 au-

1021 1696 1118 1718 ream
1150 1683 1372 1728 intelligimus
1393 1686 1402 1726 {
1435 1690 1470 1718 et
1501 1691 1696 1719 contractus

1020 1735 1226 1780 chlamydem
1253 1734 1385 1769 dictum
1411 1739 1572 1779 pu’tamus
1602 1747 1667 1780 pro
1684 1761 1695 1779 ,

1021 1792 1236 1820 contractam
1274 1785 1494 1832 chlamydem
1533 1786 1664 1821 habens
1683 1812 1693 1829 ,

1021 1851 1140 1873 sensus
1155 1837 1268 1871 oritur
1287 1837 1495 1883 optimus.--
1503 1839 1699 1872 Contractus

1022 1890 1227 1935 chlamydem
1245 1889 1422 1934 optimum
1440 1900 1581 1922 sensum
1601 1900 1698 1934 prae-

1023 1941 1083 1975 bet
1099 1965 1108 1983 ‚
1136 1940 1183 1974 ait
1210 1939 1384 1984 Gierigius
1401 1965 1411 1983 ‚
1441 1946 1477 1974 et
1498 1939 1593 1974 idem
1612 1938 1696 1974 illud

1025 1992 1146 2038 rejecit
1158 2017 1167 2034 ,
1186 1990 1280 2036 quod
1297 1997 1500 2036 receperant
1527 1992 1699 2025 Van'orum

1021 2043 1135 2078 editor
1152 2049 1188 2076 et
1204 2043 1451 2083 Burmannus3
1469 2053 1533 2075 nos
1548 2053 1567 2075 e
1579 2047 1699 2075 nostro

1020 2093 1136 2128 codice
1150 2094 1180 2128 B
1196 2092 1452 2136 revocavimus;
1473 2091 1580 2127 codex
1591 2091 1622 2126 A
1636 2091 1699 2125 ha-

1021 2146 1080 2180 bet
1104 2157 1324 2189 comprensus.
1343 2144 1411 2180 Ed.
1440 2162 1484 2171 —
1506 2146 1564 2179 Ab
1585 2157 1667 2179 auro
1683 2170 1692 2183 ,

1021 2209 1106 2230 auro
1121 2209 1129 2230 ε
1146 2199 1189 2230 ab
1206 2209 1294 2241 saepe
1311 2196 1586 2231 instrumentum
1605 2194 1700 2230 indi—

1024 2254 1079 2282 cat
1092 2274 1101 2291 ,
1124 2260 1193 2293 quo
1211 2247 1339 2293 aliquid
1355 2247 1406 2282 fit.

1064 2302 1138 2345 348.
1160 2303 1288 2336 Circoea
1302 2304 1478 2345 reliquerat
1492 2312 1584 2334 ama.
1613 2299 1697 2334 Ple-

1022 2351 1121 2397 rique
1138 2359 1172 2386 et
1187 2352 1334 2398 optimi(
1347 2360 1384 2387 et
1398 2352 1482 2397 Reg.
1502 2350 1532 2385 A
1547 2348 1696 2393 noster)

1026 2406 1151 2438 Ct‘rcoea
1165 2408 1342 2449 reliquerat
1350 2403 1698 2446 antra-Obstupuit:

1022 2458 1166 2490 cecidere
1184 2469 1283 2490 manu
1294 2462 1357 2490 etc.
1375 2455 1430 2490 De
1448 2454 1506 2489 tali
1521 2454 1620 2500 signo
1634 2454 1699 2488 ob-

1022 2507 1203 2552 stupefacti
1222 2507 1328 2541 animi
1345 2506 1468 2542 confer
1485 2506 1556 2549 IV,
1579 2509 1699 2552 175.—

1022 2561 1095 2595 Pro
1111 2562 1220 2595 herba·
1229 2587 1237 2599 ,
1262 2560 1363 2595 multi
1377 2562 1437 2604 (et
1450 2559 1527 2597 cod.
1543 2559 1629 2604 Reg.
1640 2558 1695 2601 A)

1025 2614 1151 2645 herbas.
1171 2630 1214 2637 —
1235 2613 1277 2646 In
1299 2615 1376 2646 sinu
1393 2611 1520 2646 servari
1542 2609 1698 2644 solebant

1024 2663 1157 2698 collecti
1167 2662 1271 2698 flores
1285 2677 1292 2705 ;
1308 2663 1354 2706 V,
1365 2665 1446 2711 499:
1461 2661 1513 2698 1V
1521 2662 1612 2697 Fast.
1623 2662 1696 2704 451.

1025 2715 1146 2760 Itaque
1158 2719 1236 2750 sinu
1247 2715 1366 2760 utique
1380 2721 1518 2760 praestat
1530 2719 1572 2761 τῷ
1581 2725 1680 2746 manu
1688 2738 1696 2752 ,

1028 2769 1120 2813 quod
1148 2776 1226 2804 ante
1255 2769 1442 2805 Heinsium
1467 2767 1643 2803 edebatur.
1657 2784 1699 2792 —-
