1820 3106
410 251 1104 303 METAMORPHOSEON
1137 252 1274 296 LIB.
1311 253 1405 295 XI.

1521 250 1606 295 263

182 353 303 400 Naut
322 350 396 400 alii
410 387 422 408 ,
448 348 651 415 celsoque
675 357 849 396 exstant
870 364 1005 412 super
1027 362 1204 411 aequora
1230 341 1361 391 collo.

183 429 368 498 Templa
388 427 499 481 mari
521 426 732 483 subsunt,
758 442 840 473 nec
862 442 1078 474 marmore
1104 421 1243 479 clara,
1266 440 1347 470 nec
1374 440 1481 469 auro
1500 440 1510 479 ;

185 507 270 571 Sed
298 505 500 557 trabibus
525 503 674 554 densis
689 541 701 561 ,
726 501 1150 570 lucoque‘umbrosa
1170 511 1346 549 vetusto
1366 519 1376 548 :

1547 511 1613 548 360

184 583 394 634 Nereides
415 585 673 649 Nereusque
695 593 849 630 tenent
867 602 876 629 :
896 580 983 628 hos
1006 579 1151 628 navita
1175 578 1328 646 templi

185 662 340 711 Edidit
361 679 456 711 esse
476 662 626 719 Deos,
653 660 760 709 dum
786 659 897 708 retia
917 658 1047 707 litore
1071 658 1218 707 siccat.

184 728 345 790 Juncta
366 739 495 807 palus
513 738 618 788 huic
641 750 732 796 est,
756 738 905 786 densis
927 737 1109 786 obsessa
1130 735 1322 794 salictis,

185 819 333 884 Quam
355 817 649 882 restagnantis
672 816 777 866 fecit
796 815 929 865 maris
951 815 1070 864 unda
1093 814 1314 882 paludem.

179 896 292 946 Inde
308 934 320 955 ,
342 896 516 960 fragore
541 895 663 959 gravi
687 895 950 962 strepitans,
973 894 1071 947 loca
1093 893 1297 962 proxima
1322 903 1483 950 terret,
1549 903 1615 939 365

184 973 342 1023 Bellua
364 986 485 1023 vasta
500 1011 513 1031 ,
537 973 697 1040 lupns;
721 971 930 1039 silvisque
952 971 1227 1039 palustribus
1251 971 1368 1028 exit,

185 1051 371 1102 Oblitus
393 1064 437 1101 et
458 1052 656 1119 spumis,
681 1063 726 1100 et
749 1051 895 1117 spisso
920 1049 1131 1113 sanguine
1153 1049 1291 1097 rictus

185 1168 355 1214 scriptura
370 1167 510 1203 videtur
523 1194 532 1211 ,
555 1167 619 1202 alia
637 1178 764 1201 manus
779 1165 871 1201 bene

186 1233 291 1266 supra
306 1219 480 1266 inscripsit
493 1232 544 1255 ex.
564 1218 630 1255 Ed.

230 1273 307 1320 359.
329 1274 484 1317 Templa,
506 1284 570 1318 pro
581 1298 592 1315 ,
607 1272 775 1316 templum.
787 1269 874 1303 Sub-

189 1332 271 1360 sunt
279 1352 288 1367 ,
306 1338 415 1372 prope
424 1332 528 1370 sunt,
542 1332 582 1360 ut
592 1338 681 1360 vers.
691 1323 766 1367 234.
777 1323 874 1358 Len-

190 1379 263 1413 zius
277 1391 364 1413 vero
383 1385 506 1414 monet
518 1404 528 1422 ,
549 1377 697 1412 domum
714 1375 822 1413 Nerei
838 1381 874 1409 et

190 1430 387 1466 Nereidum
395 1431 460 1466 sub
469 1430 559 1466 mari
569 1428 713 1474 intelligi
724 1427 874 1470 ;etenim

190 1489 227 1518 et
250 1483 335 1519 alios
357 1491 478 1530 poetas
497 1483 595 1519 ‘lucos
617 1494 818 1517 memorare
835 1481 872 1515 in

189 1534 302 1570 fundo
321 1535 438 1572 maris.
461 1536 511 1571 At
531 1535 580 1571 ita
600 1541 714 1571 custos
740 1533 874 1580 pecoris

190 1588 337 1624 domum
356 1588 451 1627 illam
474 1602 549 1625 non
565 1588 706 1624 vidisset
725 1602 733 1630 ;
756 1599 873 1634 neque

188 1641 364 1687 poe-tasio
385 1641 542 1678 elocutus
565 1650 654 1678 esset
678 1641 774 1676 illam
800 1640 874 1683 do-

189 1694 445 1730 mum.·—·Bene
460 1695 594 1741 judicat
614 1696 752 1738 Gienkq
774 1693 822 1728 sic
839 1697 874 1727 et

187 1744 356 1792 glossator
384 1746 506 1793 aliquis
539 1760 645 1794 supra
674 1750 707 1783 το·
733 1748 879 1781 subsunt

187 1797 323 1844 scripsit
337 1802 396 1835 vel
398 1799 524 1844 juncta
542 1795 580 1835 in
600 1795 722 1834 nostro
742 1797 876 1834 Codice

189 1851 230 1885 B.
246 1851 529 1887 Ed.—-Marmore
543 1854 649 1887 clara.
663 1852 770 1887 Unus
780 1848 878 1887 Gro-

190 1902 362 1938 novianus
375 1904 431 1947 (at
441 1914 516 1939 non
528 1905 630 1950 Regii
640 1904 774 1949 nostri)
786 1918 878 1940 mar-

191 1967 280 1989 more
297 1961 396 1990 tecta.
421 1957 525 1991 Clara
541 1963 614 1999 est,
634 1956 855 2004 splendentia
866 1983 875 2000 ‚

192 2014 233 2042 ut
249 2007 309 2052 11,
328 2021 360 2042 a.
373 2027 417 2035 -
428 2010 610 2050 Umbrosa,
630 2023 723 2045 unus
738 2010 878 2046 Heinsii

192 2062 344 2095 obscura.
354 2079 398 2089 —-
412 2062 514 2109 Regii
530 2058 643 2099 nostri
657 2066 825 2098 umbrosa.
834 2082 879 2090 --

198 2113 367 2148 Trabt'bus
388 2116 546 2150 umbrosa
561 2143 570 2158 ‚
598 2109 743 2151 obscura
761 2108 878 2151 'arbo-

195 2177 275 2200 rum
291 2166 428 2202 umbra.
445 2167 542 2213 Quia
557 2167 591 2203 in
605 2167 690 2204 lucis
704 2169 807 2205 sacris
822 2182 880 2204 ar-

194 2218 298 2253 bores
311 2218 444 2255 coedere
458 2233 531 2255 non
547 2220 689 2262 lic‘ebat;
708 2221 791 2256 hinc
804 2222 879 2257 sere

195 2283 336 2317 semper
347 2284 471 2307 eorum
485 2267 654 2314 vetustas,
673 2287 750 2319 quae
762 2281 797 2309 et
808 2274 880 2320 ipsa

196 2322 328 2369 aliquid
352 2325 544 2359 sanctitatis
562 2324 687 2370 habet,
713 2328 880 2361 comme—

195 2384 412 2412 moratur.·—
419 2378 546 2413 Tenent
560 2379 732 2425 templum
745 2406 754 2424 ,
769 2375 880 2425 quiin

196 2441 239 2463 eo
255 2429 605 2466 columam-Navita
617 2435 742 2477 templi.
760 2431 883 2468 Codex

199 2481 329 2528 Regius
345 2482 376 2517 B
395 2509 405 2526 ,
428 2486 546 2518 navim
559 2488 663 2528 ponti
676 2496 688 2527 ,·
716 2485 763 2520 ita
787 2492 824 2520 et
845 2486 882 2521 in

197 2547 272 2568 uno
286 2534 485 2580 antiquiore
499 2535 640 2571 Ciosani
653 2563 662 2580 ‚
679 2537 715 2571 in
732 2544 883 2584 utroque

200 2585 325 2621 Mafsei
341 2594 377 2622 et
391 2588 503 2623 tribus
515 2588 588 2624 aliis
600 2615 609 2633 ,
627 2596 777 2626 testante
789 2590 885 2626 Bur-

200 2651 345 2673 manno.
354 2641 594 2676 Eeb—Naana
602 2669 610 2682 ‚
622 2642 783 2687 piscator.
791 2643 863 2678 Pro
873 2670 882 2687 ‚

201 2692 236 2726 in
255 2691 357 2726 litore
373 2705 514 2729 versans
526 2720 536 2738 ,
554 2694 679 2729 maluit
700 2695 885 2742 specialem

203 2751 238 2779 et
254 2751 389 2791 gratam
407 2746 521 2782 ideam
532 2773 541 2790 ,
558 2749 636 2782 dum
647 2751 732 2783 retia
746 2748 828 2792 (in)
842 2751 887 2782 li-

202 2804 272 2832 tore
282 2801 583 2842 staua—Edidit,
600 2800 729 2836 scilicet
746 2799 843 2836 mihi.

982 1163 1058 1198 363.
1081 1164 1219 1198 Densis.
1243 1161 1395 1198 Plurimi
1419 1162 1435 1209 (
1451 1169 1486 1198 et
1501 1170 1621 1199 noster

939 1216 1071 1262 Regius
1088 1215 1120 1251 A
1136 1217 1149 1260 )
1165 1229 1206 1251 ex
1222 1216 1398 1250 veteribus
1411 1220 1498 1251 mnis
1515 1230 1525 1251 .·
1541 1216 1621 1251 vide

940 1268 1130 1304 Heinsium
1147 1275 1183 1309 et
1197 1268 1458 1303 Burmannum.
1475 1269 1624 1303 Obsessa

938 1324 1067 1362 densis,
1085 1320 1197 1356 cincta
1213 1320 1337 1355 salictis
1351 1347 1360 1363 ,
1378 1320 1414 1354 in
1431 1321 1556 1365 quihus
1573 1321 1625 1355 la—

939 1381 1014 1409 tere
1030 1372 1216 1408 commode
1233 1380 1270 1407 et
1284 1373 1499 1408 commorari
1522 1373 1624 1419 lupus

936 1432 1084 1472 poterat.
1099 1443 1143 1451 —-
1162 1427 1270 1470 Quam
1283 1452 1290 1460 .
1303 1452 1309 1459 .
1323 1453 1329 1460 .
1336 1428 1506 1470 paludem.
1525 1426 1623 1460 Solet

936 1479 983 1514 ita
993 1478 1249 1514 substantivum
1261 1477 1462 1524 praecedens
1474 1486 1550 1524 post
1567 1492 1627 1514 re-

936 1531 1083 1567 lativum
1097 1530 1229 1577 repeti,
1243 1530 1350 1566 etiam
1364 1531 1423 1566 ubi
1436 1531 1548 1566 oratio
1558 1531 1624 1566 mi-

937 1579 1034 1619 nim'e
1049 1583 1221 1630 ambigua.

981 1636 1057 1671 365.
1079 1638 1165 1670 Inde
1181 1662 1189 1676 ‚
1209 1635 1354 1681 fragore
1373 1638 1475 1680 gravi
1490 1642 1555 1683 etc.
1581 1635 1624 1671 In

938 1689 1095 1724 vastitate
1106 1688 1178 1735 lupi
1190 1695 1225 1723 et
1233 1688 1370 1723 feritate
1380 1689 1539 1734 augenda
1549 1701 1623 1723 non

937 1743 1069 1778 nimius
1079 1750 1130 1778 est
1142 1769 1152 1787 ,
1169 1743 1280 1776 immo
1292 1741 1454 1787 praeclare
1466 1742 1626 1777 imitatur

938 1810 1143 1842 sermonem
1166 1796 1354 1831 hominum
1370 1803 1538 1842 portento
1556 1797 1626 1832 ali-

940 1857 1011 1896 q'uo
1029 1848 1359 1896 obstupefactorum.
1380 1849 1486 1885 Conf.
1508 1851 1629 1887 Hora-

940 1894 1028 1946 tius,
1044 1903 1081 1951 ξ,
1096 1902 1168 1937 Od.
1182 1913 1282 1947 xxu,
1298 1903 1336 1937 13
1348 1916 1411 1949 sqq
1426 1929 1435 1947 ,
1449 1911 1485 1938 et
1500 1904 1629 1940 Noster

942 1957 1057 2000 VIII,
1078 1957 1139 1991 282
1151 1952 1375 2001 Sqqe—Inde,
1399 1969 1440 1991 ex
1455 1956 1525 1992 istis
1542 1957 1629 1992 lati-

940 2012 1030 2047 bulis
1044 2010 1455 2058 prodiens.-Strep17ans
1468 2025 1533 2058 pro
1548 2020 1630 2048 stre-

937 2069 1030 2110 pitus
1043 2064 1140 2100 dedit
1156 2062 1387 2099 Constantius
1398 2065 1484 2100 Fan.
1495 2078 1630 2111 appro—

943 2118 1048 2166 bante
1064 2115 1215 2152 Heinsio
1229 2131 1237 2158 ;
1253 2115 1308 2151 alii
1321 2119 1452 2160 gravis,
1469 2117 1523 2152 vel
1535 2121 1636 2162 gravi

941 2172 1102 2215 strepit&
1121 2168 1293 2214 Excerpta
1313 2167 1500 2204 Calandrae
1516 2174 1631 2215 crepi—

943 2221 1205 2260 tans.-Codex
1215 2222 1347 2269 Regius
1358 2222 1391 2258 A
1403 2249 1413 2267 ,
1426 2227 1541 2267 gravis
1550 2231 1634 2258 stre-

938 2282 1059 2323 pitus;
1081 2275 1204 2311 Codex
1230 2276 1260 2310 B
1273 2302 1283 2319 ,
1307 2279 1409 2321 gravi
1428 2279 1577 2321 strepitu.
1590 2295 1634 2304 —·

943 2332 1091 2374 Fragor-e
1102 2331 1203 2374 gravi
1210 2331 1392 2372 strepitans
1401 2355 1411 2370 ,
1431 2335 1467 2364 et
1481 2328 1633 2375 plurima

945 2390 982 2417 et
996 2381 1163 2418 crassiora
1178 2380 1272 2427 ligna
1286 2379 1451 2427 frangens
1466 2407 1475 2424 ‚
1493 2388 1533 2416 ut
1544 2388 1635 2417 stre-

946 2435 1038 2480 pitus
1046 2434 1183 2480 longius
1193 2432 1386 2468 audiretur.
1397 2432 1525 2467 Audiri
1536 2441 1636 2479 pote-

947 2495 1002 2522 rat
1017 2513 1026 2531 ,
1048 2500 1124 2521 non
1139 2485 1250 2520 videri
1273 2492 1418 2531 propter
1433 2485 1635 2522 salictorum

949 2540 1170 2576 densitatem.
1182 2558 1226 2566 —·
1243 2541 1407 2585 Silvt'sque
1416 2542 1638 2585 palustribus.

950 2593 1180 2628 Burmannus
1196 2598 1300 2637 negat
1315 2591 1432 2627 salicta
1449 2604 1546 2628 nunc
1556 2594 1638 2629 satis

952 2653 1031 2691 apte
1045 2647 1152 2679 siluas
1167 2643 1301 2686 vocari;
1319 2643 1362 2679 de
1374 2657 1438 2680 suo
1454 2644 1563 2691 igitur
1576 2645 1639 2681 de-

952 2696 1004 2731 dit
1020 2698 1189 2740 ulvisque:
1210 2695 1281 2730 duo
1284 2692 1422 2740 fidaslm·
1442 2696 1498 2732 alii
1517 2701 1644 2732 niveis-

953 2750 1360 2797 quepaludtbus.—-Regii
1379 2749 1528 2787 Codices
1541 2752 1646 2787 ambo
1679 2783 1681 2785 .

954 2804 1106 2836 silvis.—
1113 2802 1259 2837 Oblitus.
1272 2800 1443 2839 Ciosanus
1456 2803 1492 2838 in
1503 2803 1572 2839 suis
1588 2816 1646 2837 re-
