1820 3106
310 241 1007 289 METAMORPHOSEON
1044 242 1176 287 LIB.
1214 243 1374 289 XIII.

131 362 156 384 »
184 337 388 390 Muneris
409 348 564 386 auctor
584 355 744 404 opem:
771 337 810 386 si
830 338 944 387 miro
966 338 1148 405 perdere
1168 357 1293 387 more

1465 243 1557 306 409

1491 355 1560 402 670

131 439 158 462 »ι
183 419 314 467 Ferre
334 427 516 481 vocatur
537 434 667 482 opem
687 434 697 463 :
718 435 799 464 nec
822 435 908 482 qua
931 417 1102 466 ratione
1125 416 1312 481 figuram

131 517 156 540 »
182 493 481 553 Perdiderint,
508 494 638 562 potui
659 494 769 543 scire
784 532 797 552 ,
822 506 899 543 aut
916 513 1034 543 nunc
1057 495 1202 544 dicere
1223 495 1405 563 possim.

130 595 155 617 n
182 573 363 622 Summa
381 572 487 622 mali
508 585 618 622 nota
641 585 732 630 est;
758 591 926 640 pennas
951 592 1143 622 sumsere
1157 611 1170 632 ,
1193 586 1367 641 tuaeque

128 673 154 695 »
180 650 395 715 Coniugis
416 650 463 698 in
485 649 710 698 volucrem
725 688 737 708 ,
760 650 908 698 niveas
930 650 1075 699 abiere
1093 650 1336 701 columbas.
1362 673 1387 696 ›>

187 726 374 778 Talibus
394 739 526 795 atque
545 727 642 777 aliis
663 739 902 795 postquam
924 729 1120 778 convivia
1146 729 1279 779 dictis

1488 740 1555 788 675

123 804 397 873 Implerunt,
424 824 575 856 mensa
600 824 806 854 somnum
829 806 993 874 petiere
1016 819 1213 857 remota:

125 884 329 951 Cumque
353 883 424 932 die
445 895 657 947 surgunt,
682 883 934 952 adeuntque
962 884 1139 934 oracula
1160 884 1348 944 Phoebi3

74 1015 86 1025 „
124 963 219 1028 Qui
243 974 390 1031 petere
410 962 639 1030 antiquam
662 974 871 1022 matrem,
895 976 1170 1032 cognataque
1191 963 1324 1031 jussit

123 1041 276 1091 Litora
298 1061 308 1090 ε
328 1041 618 1109 prosequitur
640 1060 744 1100 rex,
771 1052 815 1090 et
838 1040 912 1089 dat
934 1061 1096 1090 munus
1121 1041 1278 1100 ituris}

118 1119 327 1169 Anchisae
342 1131 565 1187 sceptrum
579 1139 589 1178 3
618 1118 891 1187 chlamydem
904 1157 920 1178 ,
936 1120 1276 1187 pharetramque
1294 1118 1470 1186 nepoti,
1488 1132 1558 1169 680

120 1199 299 1248 Cratera
321 1199 500 1257 AEneae3
528 1217 659 1266 quem
685 1198 908 1266 quondam
932 1198 1112 1248 miserat
1136 1198 1204 1247 illi

120 1279 300 1346 Hospes
322 1278 378 1327 ab
409 1278 564 1327 Aoniis
584 1267 777 1328 Therses
800 1279 1016 1327 Ismenius
1040 1278 1143 1327 oris.

119 1356 305 1407 Miserat
325 1356 446 1406 hunc
469 1356 535 1405 illi
558 1356 775 1416 Therses3
797 1356 1084 1406 fabricaverat
1106 1356 1253 1406 Alcon

163 1469 241 1515 673.
256 1469 392 1504 Summa
400 1471 485 1505 mali
497 1474 578 1504 nota
587 1476 641 1503 est
650 1481 714 1514 pro
724 1469 803 1503 vul-

118 1520 214 1568 gari,
225 1520 267 1556 ad
279 1532 458 1556 summam
469 1547 479 1566 ,
499 1534 578 1556 aves
589 1519 686 1556 sactae
696 1528 779 1555 sunt
790 1547 799 1564 ,

116 1580 156 1608 ut
181 1579 307 1608 uotum
325 1579 377 1609 est
395 1585 404 1608 ε
423 1585 554 1607 summa
573 1572 623 1607 rei
641 1598 650 1616 ,
676 1571 713 1606 id
730 1584 800 1617 quo

117 1633 189 1661 tota
199 1639 256 1662 res
267 1626 368 1662 redit.
377 1645 422 1654 —
430 1628 471 1661 In
481 1628 648 1661 volucrem
658 1653 666 1667 ‚
686 1626 724 1661 in
736 1638 801 1661 vo-

116 1679 228 1715 lucres
238 1705 248 1723 ,
265 1686 305 1714 ut
317 1680 366 1723 V,
380 1681 463 1728 298,
479 1682 554 1714 ales
567 1685 671 1715 erant.

145 1731 221 1778 675.
232 1733 394 1767 Convivia
401 1734 504 1766 datm
512 1734 699 1777 implerunt,
713 1743 772 1765 mu
776 1731 800 1766 l-

114 1784 156 1819 tis
165 1784 336 1829 variisque
350 1810 360 1828 ,
378 1791 417 1819 ut
430 1783 471 1819 fit
482 1810 492 1828 ,
509 1783 800 1820 confabulationi-

113 1836 178 1871 bus
198 1837 365 1871 institutis
388 1835 590 1884 convivium
612 1843 800 1882 transege—

114 1896 211 1924 runt.
226 1891 398 1924 —Mensa
413 1895 538 1924 remota
548 1916 556 1929 ‚
569 1888 648 1923 vide
660 1887 701 1922 ad
719 1889 796 1933 IX,

115 1957 169 1990 92.
186 1961 230 1969 -—
250 1943 332 1977 Cum
351 1944 408 1977 die
421 1969 430 1983 ,
460 1942 586 1978 eodem
614 1949 773 1988 tempore
787 1969 797 1987 ,

117 2009 186 2041 quo
202 1995 275 2030 dies
291 1995 508 2031 illucescebat
520 2010 529 2038 ς
541 1995 619 2030 vide
632 1994 798 2031 Cortium

116 2048 161 2083 ad
178 2048 316 2093 Sallust.
328 2048 495 2096 Jugurth.
510 2048 671 2084 LXVIII
687 2075 696 2092 ,
713 2063 742 2083 2.
755 2068 798 2075 —

116 2103 256 2137 Adeunt
273 2105 432 2143 oracula,
450 2115 549 2137 more
567 2115 691 2138 eorum
703 2130 712 2146 ,
738 2103 798 2149 qui

117 2167 224 2191 novas
234 2161 343 2191 terras
355 2155 517 2201 querunt
527 2169 536 2197 ;
545 2155 623 2190 vide
635 2155 677 2190 ad
689 2156 757 2199 111,
768 2157 798 2191 8.

116 2227 160 2234 —
176 2207 360 2253 Antiquam
378 2215 530 2249 matrem,
550 2214 680 2243 terram
701 2208 797 2244 unde

115 2261 217 2307 prisci
234 2260 349 2307 gentis
364 2260 531 2306 Trojanae
546 2268 702 2296 auctores
719 2262 798 2296 ori-

115 2314 235 2361 ginem
254 2313 430 2348 ducebant
447 2339 456 2356 ,
483 2326 612 2359 nempe
637 2314 775 2349 ltaliam
787 2341 797 2358 ,

117 2366 212 2402 unde
223 2365 413 2401 Dardanus
427 2372 594 2407 venerat;
613 2365 710 2411 Virg.
727 2365 760 2400 d.
777 2366 798 2401 l.

118 2433 204 2456 vers.
222 2421 288 2469 94,
305 2434 324 2451 «
341 2432 419 2465 quae
433 2432 493 2454 vos
509 2433 527 2454 a
543 2419 650 2465 stirpe
670 2432 799 2465 paren-

118 2487 138 2505 »
157 2480 235 2508 tum
259 2473 381 2508 Prima
407 2474 487 2509 tulit
512 2473 613 2508 tellus
633 2500 643 2517 ,
674 2472 799 2508 eadem

121 2539 139 2556 ›-
155 2537 217 2560 νος
231 2525 339 2560 ubere
360 2524 440 2561 laeto
462 2525 619 2571 Accipiet
634 2524 798 2561 reduces:

119 2592 138 2609 ι·
157 2578 339 2624 antiquam
380 2578 550 2624 exquirite
595 2585 757 2613 matrem.
779 2593 798 2609 »

121 2631 217 2666 Hinc
238 2631 368 2666 Noster
389 2644 430 2666 ex
450 2631 582 2676 ingenii
604 2631 657 2666 sui
679 2631 799 2666 abun-

115 2683 235 2718 dantia
255 2682 389 2718 addidit
407 2689 552 2727 cognata
568 2686 679 2718 litora.

160 2735 236 2784 679.
255 2737 473 2780 Prosequitur
484 2735 700 2772 discedentes
710 2763 719 2780 ,
732 2736 800 2772 ho-

117 2789 214 2826 noris
229 2802 330 2827 causa
350 2801 410 2826 eos
425 2790 612 2827 comitatur
630 2797 666 2827 et
685 2790 799 2827 dedu»-

866 1469 923 1505 cit.
937 1488 980 1498 —-
991 1469 1161 1514 sceptrum
1175 1469 1267 1504 sorte
1283 1481 1365 1504 cum
1376 1467 1551 1515 significa-

866 1524 963 1560 tione
992 1523 1102 1559 futuri
1132 1523 1271 1569 imperii
1291 1550 1299 1563 ‚
1335 1535 1550 1568 quamquam

864 1583 1042 1622 sceptrum
1057 1576 1206 1612 omnino
1215 1576 1350 1622 insigne
1360 1575 1548 1614 hominum

864 1628 1003 1664 honore
1026 1635 1086 1663 aut
1110 1641 1240 1675 genere
1267 1628 1548 1674 conspicuorum.

863 1682 953 1716 —In
967 1681 1173 1716 muneribus
1188 1680 1341 1715 heroum
1354 1687 1463 1715 crater
1474 1680 1550 1725 ple-

862 1746 1014 1780 rumque
1029 1747 1100 1769 esse
1117 1734 1269 1776 solebat,
1286 1732 1389 1777 isque
1398 1735 1547 1767 caelatus.

865 1786 1100 1821 Additursere
1111 1785 1255 1831 singulis
1265 1784 1365 1828 Ιοείε,
1378 1784 1456 1829 quis
1464 1796 1547 1818 eum

863 1838 1114 1882 elaboraverit,
1131 1845 1166 1873 et
1183 1851 1247 1883 per
1262 1849 1347 1882 quas
1363 1849 1488 1871 manus
1503 1835 1548 1871 ad

864 1891 1094 1927 novissimum
1121 1890 1308 1925 dominum
1324 1888 1527 1935 pervenerit
1537 1902 1553 1930 3-

863 1943 986 1978 conser
1008 1944 1156 1978 Homer.
1186 1941 1257 1977 Od.
1291 1948 1340 1986 O,
1370 1943 1431 1976 115
1455 1953 1545 1986 sqq;

864 1996 1052 2043 Virgilium
1064 2023 1073 2040 ,
1091 1996 1174 2031 AEn.
1187 1996 1234 2040 V,
1255 1996 1320 2030 535
1332 2008 1396 2040 sqq
1409 2021 1418 2039 ,
1439 2008 1547 2041 quem

862 2050 993 2086 Noster
1013 2050 1167 2085 imitatus
1191 2055 1268 2084 est:
1289 2063 1307 2079 «
1327 2048 1438 2094 Ipsius
1462 2048 1548 2082 An—

864 2118 882 2135 »
901 2103 1003 2139 chisae
1015 2103 1163 2148 longaevi
1177 2101 1243 2137 hoc
1253 2101 1545 2144 munushabebis,

864 2170 882 2187 »
905 2155 1052 2192 Cratera
1067 2155 1278 2201 impressum
1294 2154 1399 2200 signis
1414 2169 1422 2196 ;
1440 2167 1546 2199 quem

863 2225 883 2242 ιο
903 2210 1074 2246 Thracius
1095 2210 1181 2244 olim
1209 2209 1371 2244 Anchisae
1397 2207 1548 2254 genitori

865 2278 885 2295 ν
905 2264 941 2298 ἰη
962 2275 1092 2309 magno
1111 2274 1261 2297 munere
1282 2260 1421 2296 Cisseus
1438 2260 1546 2295 Ferre

866 2330 884 2349 »ι
902 2316 955 2351 sui
973 2315 1119 2350 dederat
1134 2321 1410 2349 monumentum
1430 2320 1465 2348 et
1485 2313 1547 2358 pi-

866 2384 884 2400 »
904 2382 992 2415 gnus
1003 2368 1145 2404 amoris.
1157 2382 1175 2399 ι)
1193 2369 1235 2403 In
1251 2366 1456 2402 nominibus
1472 2378 1549 2411 quae

862 2423 919 2459 hic
929 2422 1157 2469 reperiuntur
1168 2421 1339 2456 librorum
1353 2432 1480 2465 magna
1491 2432 1547 2454 va-

863 2474 999 2510 rictas:
1018 2486 1083 2520 pro
1109 2475 1235 2509 Aoniis
1262 2474 1318 2508 alii
1343 2474 1546 2509 Haemoniis.

863 2529 1051 2571 anepamk,
1074 2528 1182 2561 Ioniis
1206 2527 1220 2570 (
1237 2526 1344 2562 codex
1365 2525 1497 2571 Regius
1516 2525 1549 2560 Α

864 2580 1004 2620 Aoniis,
1027 2586 1062 2614 et
1079 2580 1108 2614 B
1126 2580 1231 2614 Ioniis
1248 2581 1280 2622 );
1300 2585 1336 2613 et
1355 2590 1419 2624 pro
1433 2579 1548 2613 Isme-

863 2636 941 2667 nius
966 2631 983 2678 (
1003 2631 1097 2677 quod
1124 2630 1255 2666 habent
1284 2631 1389 2666 ambo
1412 2630 1548 2667 codices

864 2683 1000 2731 Regii)
1017 2711 1027 2728 ,
1054 2697 1147 2719 unus
1173 2683 1313 2720 Heinsii
1339 2685 1521 2719 rma-acius
1537 2711 1546 2726 ,

864 2737 1070 2774 Graevianus
1093 2738 1278 2779 lmenes‘us,
1303 2735 1399 2772 unde
1422 2736 1547 2771 Hein-

864 2790 935 2827 sius
958 2789 1102 2835 coniicit
1127 2789 1307 2838 Minyeias.
1337 2807 1381 2816 —
1409 2789 1520 2825 Alcon
1535 2815 1545 2829 ,
