1820 3106
245 217 334 260 208

609 217 662 260 P.
699 217 939 262 OVIDII
974 216 1273 262 NASONIS

247 308 518 358 Conditione
540 308 666 372 fugat
685 329 696 357 z
720 332 741 352 «
768 309 860 358 Nec
884 328 982 357 sum
1008 309 1228 376 potiunda
1244 348 1256 367 ‚
1278 309 1363 357 n'isi
1378 346 1390 368 ,
1413 309 1586 377 inquit,

249 410 273 430 «
300 387 430 436 Victa
451 387 575 454 prius
601 406 732 435 cursu
756 407 766 435 :
786 387 975 453 pedibus
1000 387 1252 435 contendite
1273 406 1441 435 mecum
1463 408 1473 436 ε

1604 400 1671 447 57⁰

248 489 273 509 »
300 466 485 515 Praemia
505 465 646 513 veloci
671 465 832 530 conjux
857 464 1124 531 thalamique
1149 464 1404 524 dabuntur3

248 566 274 587 »
304 544 433 592 Mors
455 543 648 610 pretium
667 543 805 591 tardis
825 563 834 590 :
861 562 909 591 ea
931 542 1000 591 lex
1025 542 1274 591 certaminis
1297 555 1405 591 esto.
1433 565 1456 587 »

246 620 329 670 Illa
355 620 534 686 quidem
559 620 768 677 immitis3
794 619 896 677 sed,
924 631 1046 677 tanta
1068 620 1269 686 potentia
1291 620 1442 669 formae
1463 621 1557 669 est!

247 698 384 746 Venit
407 698 462 746 ad
485 697 599 745 hanc
623 696 765 760 legem
787 698 1013 746 temeraria
1037 697 1165 746 turba
1190 717 1443 764 procorum.

246 776 429 824 Sederat
455 775 759 841 Hippomenes
784 793 939 822 cursus
961 787 1185 841 spectator
1206 775 1349 842 iniqui
1369 797 1379 824 ε
1607 788 1673 836 575

247 855 334 910 Et,
363 874 386 895 «
413 852 588 900 Petitur
612 851 818 917 cuiquam
838 871 918 918 per
941 864 1061 901 tanta
1084 852 1280 919 pericula
1304 854 1490 920 conjux!
1517 875 1541 897 »

246 930 453 988 Dixerat3
477 949 526 978 ac
550 930 714 977 nimios
734 930 945 994 juvenum
970 930 1198 978 damnarat
1221 950 1404 981 amores.

248 1010 313 1072 Ut
334 1007 488 1057 faciem
503 1045 515 1066 ‚
540 1019 584 1055 et
604 1006 756 1073 posito
782 1025 944 1072 corpus
969 1006 1181 1055 velamine
1203 1008 1315 1055 vidit
1330 1046 1342 1067 ‚

252 1086 396 1150 Quale
419 1105 565 1134 meum
581 1123 592 1145 ‚
616 1084 685 1133 vel
709 1083 836 1150 quale
863 1095 989 1133 tuum
1004 1121 1016 1142 ‚
1041 1084 1078 1132 si
1100 1083 1262 1133 femina
1283 1084 1387 1142 fias;

251 1163 503 1230 Obstupuit
523 1183 532 1210 ε
556 1161 807 1228 tollensque
829 1181 985 1210 manus
1002 1200 1013 1220 ,
1044 1185 1066 1204 «
1092 1163 1314 1225 Ignoscite
1329 1200 1340 1219 ‚
1368 1162 1479 1210 dixit
1494 1199 1506 1220 ‚

1612 1175 1678 1210 580

254 1266 277 1286 »
307 1243 435 1306 Quos
458 1240 594 1289 modo
620 1239 793 1306 culpavi
815 1259 823 1287 :
849 1239 1051 1288 nondum
1075 1241 1184 1288 mihi
1207 1241 1382 1307 praemia
1407 1251 1514 1288 nota
1529 1278 1541 1299 ‚
1608 1262 1611 1266 ¹

256 1344 277 1362 »
308 1321 421 1384 Quae
442 1318 652 1385 peteretis
670 1355 681 1375 ‚
708 1329 845 1366 erant.
873 1340 894 1360 »
922 1318 1166 1367 Laudando
1191 1319 1387 1386 concipit
1406 1318 1580 1381 ignem3

251 1401 310 1447 Et
327 1436 337 1455 ,
362 1416 418 1445 ne
444 1396 543 1463 quis
564 1397 776 1461 juvenum
801 1406 949 1442 currat
972 1395 1168 1443 velocius
1183 1434 1194 1453 ,
1219 1407 1369 1462 optat,

252 1474 513 1539 Invidiaque
542 1472 680 1520 timet.
713 1494 735 1514 «
764 1471 850 1519 Sed
873 1491 952 1519 cur
975 1472 1226 1520 certaminis
1250 1471 1383 1536 hujus

246 1598 311 1631 per
318 1591 406 1620 tecta
415 1584 566 1628 sorores)
579 1609 588 1627 ,
605 1590 666 1618 aut
679 1582 722 1618 de
733 1582 936 1628 vagantibus

254 1638 322 1672 huc
345 1644 380 1671 et
396 1636 476 1671 illuc
489 1662 498 1679 ,
525 1643 564 1670 ut
580 1635 647 1670 hoc
666 1635 753 1669 loco.
771 1653 814 1661 --
835 1636 935 1670 Viam

256 1688 437 1724 Mediceus
454 1689 550 1728 Ibat,
574 1687 668 1732 quod
685 1687 824 1722 latinius
837 1694 937 1733 putat

253 1742 537 1776 Burmannus.-
545 1739 646 1785 Regii
662 1740 773 1774 nostri
795 1741 938 1774 Vivit.—

260 1795 437 1835 Violenta5
455 1791 589 1836 Tanaq.
609 1791 722 1826 Faber
742 1791 937 1836 corrigebat

254 1847 427 1885 violente„
462 1843 543 1889 quia
572 1855 758 1888 perperam
789 1845 939 1877 violenta

255 1909 338 1932 cum
354 1897 546 1931 conditione
561 1894 622 1939 jun
628 1894 750 1940 gebat3
772 1894 833 1929 sed
844 1895 940 1929 Bur-

257 1961 409 1983 mannus
417 1946 574 1982 defendit
583 1946 770 1981 lectionem
778 1946 940 1981 codicum

257 2009 293 2036 et
307 2001 416 2036 mittit
431 2001 601 2034 lectorem
616 1998 659 2034 ad
673 1999 867 2042 Velleium,
881 1999 916 2034 II
929 2025 939 2042 ,

255 2055 275 2088 3
289 2079 298 2097 ,
322 2053 383 2087 ubi
405 2054 594 2087 conditione
617 2051 672 2086 vel
695 2053 942 2086 conditionibus

256 2104 459 2150 simpliciter
475 2103 543 2138 dici
561 2102 662 2137 docte
680 2103 815 2148 probat·
832 2104 943 2137 Ed.—

266 2159 440 2197 Violenta‚
455 2167 543 2192 saeva
553 2180 562 2197 ,
580 2167 657 2199 quae
667 2154 942 2189 crudelissimam

257 2207 499 2244 conditionem
527 2206 703 2251 proponit.
729 2225 774 2232 ·-
795 2209 943 2241 Pretium

258 2261 386 2307 passim
410 2267 463 2295 est
486 2259 670 2305 praemium
684 2285 694 2303 ,
719 2266 759 2293 ut
776 2259 830 2293 IX
845 2286 854 2303 ,
874 2261 914 2304 47
931 2274 940 2302 ;

259 2315 321 2350 sed
337 2314 372 2349 h.
389 2314 410 2348 l.
427 2312 519 2347 malo
532 2325 652 2353 sensu,
674 2324 775 2357 poena
786 2338 795 2354 ,
811 2319 943 2356 utprae-

260 2370 361 2401 mlum
374 2366 467 2400 VIII
483 2391 492 2409 ,
512 2365 576 2400 503
592 2371 627 2399 et
642 2363 782 2399 Phaedr.
795 2363 861 2407 IV,
874 2365 942 2398 sab.

263 2430 341 2454 xvn
353 2445 362 2462 ,
380 2418 432 2452 30.
445 2418 621 2461 —Legem
637 2416 731 2450 illam
747 2416 943 2451 secundum

264 2472 449 2518 Hyginum
461 2497 470 2514 ‚
485 2477 583 2515 pater
594 2469 784 2505 constituit.
796 2468 886 2515 Vide
900 2469 943 2503 ad

264 2539 351 2560 vers.
370 2527 446 2572 599.

308 2577 381 2623 573.
400 2578 511 2610 Tanta
517 2577 670 2619 potentia
677 2573 810 2618 fhrmae.
827 2572 944 2608 Etiam

263 2629 341 2663 Art.
354 2628 470 2662 Amat.
482 2627 551 2670 III,
565 2627 628 2660 258
638 2653 647 2669 ‚
657 2633 693 2660 et
704 2625 942 2671 Propertium,

263 2683 318 2718 III
333 2708 341 2725 ,
367 2693 460 2715 xvln
471 2707 480 2724 ,
502 2695 519 2726 7
535 2679 671 2723 ,forma
680 2685 812 2723 polens.
828 2698 872 2710 -.
886 2679 949 2713 Ad

262 2735 351 2768 hanc
366 2735 468 2777 legem
477 2759 486 2776 ‚
520 2731 562 2766 ad
587 2738 765 2767 certamen
780 2757 790 2775 ,
815 2731 851 2766 in
875 2742 946 2775 quo

1001 1589 1074 1617 tam
1090 1581 1177 1616 dura
1195 1582 1248 1616 lex
1267 1581 1442 1627 proposita
1461 1595 1470 1624 ;
1496 1581 1578 1616 hinc
1599 1593 1681 1616 mox

999 1647 1116 1668 cursus
1130 1638 1274 1679 iniquus.

1045 1687 1064 1720 5
1070 1700 1084 1731 7
1091 1687 1120 1719 5.
1129 1686 1273 1721 Sederat.
1283 1686 1449 1731 Quatuor
1458 1691 1594 1721 venerat
1601 1713 1608 1726 ,
1621 1685 1683 1721 sed

1001 1738 1092 1772 mala
1103 1738 1264 1783 repetitio
1278 1752 1319 1773 ex
1329 1751 1431 1773 versu
1446 1737 1658 1784 praecedenti
1671 1751 1682 1778 ;

1003 1791 1103 1837 Regii
1119 1792 1229 1826 nostri
1243 1794 1386 1826 sederat.
1401 1810 1446 1818 -
1459 1793 1683 1836 Hippomenes

1003 1850 1147 1878 vocatur
1163 1843 1269 1878 etiam
1287 1844 1329 1878 ab
1344 1843 1524 1892 Eurypide
1536 1870 1546 1887 ‚
1562 1843 1685 1878 Theo·

1004 1896 1091 1931 crito
1100 1922 1110 1940 ,
1123 1903 1158 1931 et
1169 1897 1314 1943 Hygino
1326 1908 1334 1930 :
1347 1896 1407 1931 sed
1421 1909 1440 1930 a
1451 1895 1567 1931 schol,
1581 1894 1686 1940 Apol·

1003 1949 1089 1983 lonii
1105 1948 1508 1992 Htjopomedon'vocatum
1528 1948 1571 1982 ab
1590 1947 1661 1982 aliis
1672 1973 1682 1990 ‚

1005 2008 1044 2036 ut
1069 2001 1110 2036 ab
1137 2001 1351 2046 Apollodoro
1369 2028 1379 2045 ,
1407 2002 1590 2036 ffilanion.
1613 1999 1686 2035 Sed

1005 2055 1180 2087 Melant'on
1186 2053 1380 2088 secundum
1388 2053 1471 2088 alios
1480 2051 1685 2087 Arcadicam

1007 2104 1208 2139 Atalantam
1222 2105 1380 2140 habuisse
1393 2104 1529 2140 dicitur.
1546 2104 1687 2149 Hippo-

1006 2157 1120 2191 menis
1137 2164 1254 2191 autem
1271 2157 1470 2202 exemplum
1483 2183 1493 2201 ‚
1513 2156 1612 2202 quale
1630 2155 1686 2191 hic

1006 2215 1168 2258 notatum
1177 2235 1186 2253 ,
1200 2209 1253 2243 vel
1266 2209 1414 2243 maxime
1425 2210 1547 2243 sormae
1558 2215 1687 2254 poten-

1006 2261 1091 2296 tiam
1103 2261 1264 2296 declarat.
1272 2263 1523 2296 —DamnaraL
1537 2259 1686 2296 Plurimi

1007 2316 1214 2349 condemnat.
1222 2314 1402 2360 —Regius
1416 2321 1535 2348 noster
1546 2314 1578 2348 A
1586 2340 1596 2358 ,
1607 2326 1687 2348 con-

1008 2369 1185 2411 dempnat,·
1209 2373 1243 2401 at
1260 2366 1368 2401 codex
1388 2367 1418 2401 Β
1435 2392 1444 2410 ,
1467 2369 1687 2410 dampnarat:

1007 2419 1086 2453 vide
1100 2432 1175 2464 quae
1187 2418 1228 2453 ad
1245 2425 1425 2463 temptare,·
1441 2431 1543 2453 versu
1554 2418 1615 2464 371
1628 2444 1639 2462 ,
1651 2424 1688 2452 et

1008 2485 1111 2517 supra
1129 2471 1287 2505 diximus.
1303 2472 1370 2504 Ed.

1052 2523 1127 2556 580.
1143 2524 1337 2566 Tollensque
1352 2533 1480 2556 manus.
1493 2520 1620 2555 Gestus
1631 2532 1688 2555 ve-

1009 2574 1104 2608 niam
1119 2575 1314 2620 petentium
1327 2586 1470 2617 ‚manus
1479 2573 1610 2608 tollere.
1620 2575 1689 2608 Ed.

1054 2627 1128 2670 584.
1153 2628 1347 2670 Inus'diaqne
1364 2628 1466 2660 timet.
1483 2624 1598 2669 Vulgo
1617 2624 1630 2667 (
1651 2631 1688 2658 et

1010 2678 1045 2711 in
1058 2678 1184 2713 nostris
1196 2678 1334 2722 Regiis)
1346 2679 1574 2722 Invidiamque
1584 2679 1687 2710 timet.

1011 2729 1207 2766 Invideudo
1219 2729 1291 2765 aliis
1302 2729 1420 2775 timet,
1433 2742 1478 2768 ne
1491 2728 1567 2774 quis
1578 2728 1690 2765 victo-
