1820 3106
265 241 352 302 374

638 246 689 287 Ρ.
725 246 954 290 OVIDII
987 248 1287 296 NASONIS

263 335 358 382 Rex
378 334 505 400 jubet
528 335 706 403 incoepti
730 356 875 386 curam
899 338 1114 388 dimittere
1139 339 1243 389 belli
1264 361 1275 389 z

263 409 342 459 Ille
367 423 514 479 potest
536 426 712 463 auctore
739 434 861 463 suam
884 416 1111 466 defendere
1137 437 1321 467 causam.

211 492 217 494 ⁷
261 488 364 536 Non
389 488 502 538 sinat
522 490 611 538 hoc
633 491 743 556 Ajax
758 529 769 548 ‚
796 482 1063 559 delendaque
1086 494 1296 557 Pergama
1318 505 1498 560 poscat3

262 565 486 632 Quodque
508 578 657 632 potest
671 605 682 626 ,
706 580 876 634 pugnet
897 589 907 617 ε
930 589 1007 618 cur
1029 590 1120 619 non
1141 584 1384 621 remoratur
1404 574 1579 622 ituros?
1609 598 1675 622 220

264 642 355 689 Cur
373 662 465 690 non
489 662 606 691 arma
630 645 783 711 capit?
808 645 908 703 dat,
934 647 1053 712 quod
1077 667 1183 710 vaga
1209 649 1337 697 turba
1360 651 1602 716 sequatur?

259 719 362 766 Non
386 731 476 767 erat
500 720 583 768 hoc
605 721 788 769 nimium
812 742 1036 788 nunquam
1057 724 1142 772 nisi
1165 744 1320 789 magna
1343 726 1556 792 loquenti.

259 795 419 858 Quid?
442 797 560 862 quod
584 809 626 846 et
650 798 745 864 ipse
766 798 885 861 fugis
906 801 924 847 Ρ
946 800 1064 858 vidi,
1088 803 1335 869 puduitque
1358 804 1504 853 videre
1519 841 1531 863 ‚

259 873 410 935 Quum
438 886 486 921 tu
508 886 628 937 terga
651 876 798 932 dares,
825 877 1145 944 inhonestaque
1166 880 1262 928 vela
1288 900 1475 947 parares.

256 949 347 996 Nec
368 969 514 1008 mora,
549 972 571 993 «
595 951 719 1014 Quid
738 952 912 1000 facitis?
936 972 1032 1019 quae
1054 975 1135 1003 vos
1157 956 1398 1016 dementia,
1424 959 1537 1017 dixi,
1604 974 1670 1009 225

259 1046 283 1067 »
313 1026 541 1084 Concitat,
567 1047 593 1075 o
617 1028 749 1085 socii,
774 1041 943 1095 captam
967 1030 1185 1081 dimittere
1200 1034 1386 1099 Trojam
1401 1036 1435 1083 ?‘

255 1107 280 1143 >›'
306 1101 480 1164 Quidve
503 1103 684 1151 domum
709 1103 831 1152 fertis
855 1105 1022 1153 decimo
1038 1144 1050 1164 ‚
1069 1108 1154 1156 nisi
1180 1108 1390 1168 dedecus,
1417 1113 1576 1161 anno?
1602 1134 1623 1154 »

254 1176 440 1226 Talibus
460 1190 590 1245 atque
615 1179 736 1237 aliis,
765 1180 812 1228 in
833 1200 927 1246 quae
954 1181 1084 1230 dolor
1106 1183 1201 1249 ipse
1225 1185 1435 1233 disertum

253 1290 343 1324 sium
356 1291 556 1326 offendebat
572 1305 757 1327 concursus
772 1293 926 1338 plurium

252 1342 545 1377 substantivorum
569 1345 630 1378 uni
652 1345 759 1379 verbo
779 1345 926 1389 juncto-

254 1405 356 1435 rum;
384 1394 497 1439 itaque
518 1395 704 1438 suadebat,
727 1398 818 1430 Ecce
830 1399 928 1430 ,Τορώ-

252 1448 395 1479 monitos
424 1447 578 1490 deceptus
609 1450 753 1490 imagine
783 1460 926 1482 somnos.

253 1497 468 1531 Durissimus
494 1499 700 1542 graecismus.
730 1499 800 1533 Sed
827 1500 925 1534 illum

253 1561 463 1583 concursum
475 1561 547 1583 non
561 1562 633 1584 esse
645 1550 852 1584 insolentem
866 1577 875 1594 ,
891 1558 926 1585 et

251 1603 378 1634 monitu
391 1600 521 1635 dictum
539 1614 601 1646 pro
615 1627 624 1644 ,
642 1615 686 1635 ex
699 1604 823 1636 monitu
834 1629 842 1643 ‚
862 1615 925 1637 os-

253 1650 364 1685 tendit
387 1652 623 1687 Burmannus.
650 1654 786 1687 Monere
807 1661 925 1688 autem

252 1715 324 1736 esse
341 1703 487 1737 verbum
505 1703 742 1747 somniorum,
764 1707 835 1748 jam
853 1718 925 1739 sae—

253 1753 327 1797 pius
343 1753 503 1788 vidimus.
513 1754 636 1789 -Hie
651 1755 925 1790 administranda

249 1811 331 1839 sunt
354 1804 513 1850 quaedam
537 1807 692 1851 exempla
709 1832 718 1850 ,
750 1819 826 1852 quae
848 1807 922 1849 IX,

252 1870 315 1902 7⁰0
327 1883 336 1900 ‚
350 1857 571 1902 promisimus
589 1871 596 1893 ε
617 1858 798 1894 Claudian.
815 1860 831 1894 I
849 1859 933 1894 Stil.·

252 1910 316 1944 216
334 1936 344 1953 ‚
371 1910 444 1945 Aut
464 1914 605 1945 monitos
629 1918 720 1945 certa
747 1913 928 1956 dlgnanlur

251 1965 394 2005 imagine
405 1975 539 1996 somnos
550 1973 563 2004 ,·
579 1962 673 2007 quod
685 1962 821 1997 Heinsii
836 1976 920 1997 con-

248 2014 390 2057 jecturae
412 2015 547 2061 egregie
569 2015 786 2061 suffragatur.
806 2015 923 2051 Valer.

251 2066 443 2109 Maximus,
459 2067 475 2100 I
487 2093 497 2110 ‚
511 2078 585 2110 vn,
604 2068 623 2101 8
635 2071 858 2110 :propioribus
867 2075 923 2102 ta-

248 2131 321 2151 men
331 2144 339 2158 ‚
357 2123 394 2152 ut
402 2122 453 2152 ita
465 2120 575 2152 dicam
583 2144 592 2158 ‚
614 2122 713 2153 linet&
723 2120 837 2154 Alerii
845 2121 927 2164 Rufi

247 2174 408 2205 somnium
417 2177 505 2205 certo
513 2178 628 2206 eventu
635 2174 837 2206 admonitum
850 2179 902 2207 est
909 2183 923 2214 ‚⁶

249 2222 435 2257 Petronius
459 2223 495 2257 in
516 2223 673 2269 Satyrico
691 2249 700 2267 ,
717 2237 744 2258 c.
767 2224 850 2267 106,
877 2223 920 2258 de

247 2274 323 2309 Diis
339 2285 477 2320 quoque
496 2288 504 2309 :
521 2280 554 2309 et
573 2275 831 2319 qut‘dftcr'ssent
849 2278 921 2310 ad·-

247 2334 440 2361 monuerunt
442 2330 524 2370 pari
529 2331 727 2362 somniorum
736 2340 898 2363 consensu
906 2340 920 2370 ‚·

248 2378 432 2424 Virgilius,
452 2379 533 2412 AEn.
546 2379 618 2414 VII
630 2405 639 2423 ‚
666 2392 746 2414 102:
762 2392 920 2423 responsa

243 2432 354 2474 patris
364 2431 475 2463 Fauni
481 2433 685 2475 monitusque
694 2432 921 2465 silentiNocle

249 2484 348 2515 datos
369 2493 378 2514 ,-
397 2481 544 2525 plurima
559 2490 641 2516 sunt
662 2489 827 2527 praeterea
844 2482 917 2516 loca

248 2532 311 2566 alia
331 2532 562 2577 plurimorum
582 2534 788 2580 scriptorum
803 2560 813 2576 ‚
841 2547 918 2578 quae

248 2585 374 2629 possim
390 2585 541 2626 reserre3
563 2585 623 2620 sed
639 2585 694 2619 illa
709 2586 920 2631 praetermit-

247 2643 283 2670 to
296 2662 306 2678 ‚
332 2649 376 2670 ne
392 2636 429 2670 in
449 2636 583 2682 longius
599 2637 781 2671 discedam.
800 2638 918 2671 Ed.—

248 2686 427 2722 Caeterum
437 2687 530 2732 quod
544 2687 599 2722 hic
608 2694 915 2731 commemoratur,

990 1295 1184 1339 pernicioso
1193 1296 1235 1331 ad
1252 1297 1556 1342 Agamemnonem
1570 1312 1666 1334 som-

993 1347 1053 1380 nio
1074 1347 1177 1382 misso
1192 1374 1201 1391 ,
1235 1350 1373 1384 monuit
1388 1376 1397 1393 ,
1426 1357 1466 1386 ut
1490 1351 1669 1386 invaderet

994 1398 1183 1443 Trojanos;
1198 1399 1272 1434 sore
1285 1401 1378 1435 enim
1389 1428 1399 1445 ‚
1417 1409 1456 1437 ut
1470 1403 1592 1438 urbem
1605 1417 1667 1438 eo-

991 1462 1072 1482 rum
1097 1451 1215 1495 capiat.
1248 1451 1495 1497 Agamemnon
1523 1461 1641 1489 autem
1652 1480 1662 1498 ‚

991 1508 1029 1535 ut
1041 1508 1190 1537 tentaret
1202 1504 1326 1539 milites
1337 1531 1346 1547 ‚
1356 1505 1454 1549 jussit
1464 1509 1664 1550 incoepticu·

989 1564 1059 1585 ram
1070 1555 1231 1587 dimittere
1239 1557 1334 1595 belli,
1354 1555 1517 1591 desistere
1530 1569 1549 1590 a
1560 1557 1663 1600 bello,

990 1610 1092 1647 atque
1111 1605 1256 1639 navibus
1279 1606 1317 1640 in
1337 1619 1433 1640 mare
1452 1606 1607 1642 deductis
1626 1608 1663 1642 in

989 1654 1135 1698 patriam
1157 1655 1281 1691 redire.
1305 1655 1414 1700 Quod
1438 1657 1492 1690 vix
1514 1657 1663 1692 audive-

989 1714 1068 1741 rant
1084 1708 1207 1742 milites
1221 1734 1230 1751 ,
1255 1721 1364 1753 quum
1379 1709 1446 1743 laeti
1467 1721 1663 1754 magnoque

988 1770 1067 1792 cum
1085 1758 1234 1793 clamore
1253 1759 1295 1793 ad
1312 1772 1416 1794 naves
1431 1759 1638 1798 festinarent
1650 1786 1660 1803 ,

988 1809 1209 1855 reditumque
1233 1818 1405 1855 pararent.
1431 1811 1500 1845 Hic
1521 1811 1661 1858 Ulysses

988 1873 1079 1894 unus
1095 1860 1179 1905 fuit,
1196 1862 1254 1906 qui
1266 1861 1469 1896 festinantes
1484 1862 1538 1896 vel
1548 1862 1661 1897 verbis

987 1911 1140 1955 reduxit,
1157 1913 1211 1946 vel
1228 1913 1428 1948 verberibus
1438 1913 1608 1956 coercuit,
1625 1921 1661 1948 et

987 1975 1051 2008 pro
1063 1964 1229 1998 concione
1243 1964 1367 1999 milites
1382 1965 1424 1999 ad
1441 1964 1571 1999 bellum
1581 1977 1661 2000 con-

987 2016 1196 2050 tinuandum
1210 2016 1409 2052 cohortatus
1423 2024 1491 2058 est;
1512 2017 1660 2053 Homer.

987 2081 1073 2102 vers.
1098 2069 1161 2111 284
1183 2080 1257 2112 sqq.
1283 2068 1325 2101 In
1348 2068 1414 2102 hoc
1437 2069 1543 2115 igitur
1564 2081 1660 2105 nune

986 2119 1128 2152 exsultat
1144 2119 1217 2163 ejus
1237 2118 1572 2161 oratio—Auctore,
1588 2132 1658 2153 au-

985 2171 1141 2204 ctoritate
1159 2170 1275 2214 Jovis,
1303 2184 1409 2216 quem
1434 2172 1496 2206 sibi
1516 2172 1657 2206 suasisse

984 2220 1137 2256 reditum
1153 2222 1399 2258 mentiebatur.
1414 2241 1458 2248 —-
1474 2221 1661 2266 Defendens

983 2286 1137 2316 causam‚·
1147 2274 1250 2318 vulgo
1260 2274 1436 2318 defendere
1446 2285 1576 2316 voccm‚·
1585 2275 1658 2318 qui-

983 2325 1064 2359 dam
1087 2329 1219 2369 culpam
1229 2337 1241 2368 ,·
1265 2325 1372 2360 codex
1393 2326 1522 2371 Regius
1538 2326 1571 2359 A
1587 2330 1654 2359 vo·-

982 2391 1072 2421 cem,·
1094 2378 1201 2413 codex
1225 2379 1253 2412 Β
1272 2390 1401 2418 vocem,
1422 2378 1583 2423 additque
1600 2381 1660 2411 vel

981 2443 1129 2464 causam.
1141 2449 1185 2456 —-
1195 2431 1282 2470 Dat,
1295 2429 1349 2462 vel
1365 2430 1526 2474 proponit
1539 2429 1651 2463 consi-

980 2482 1066 2516 lium
1078 2508 1088 2525 ,
1105 2482 1158 2516 vel
1173 2481 1232 2515 dat
1245 2481 1451 2525 exemplum.
1461 2482 1592 2525 Magna
1604 2484 1650 2515 lo-

979 2536 1111 2578 quent1'‚·
1128 2532 1206 2567 vide
1225 2533 1264 2574 I,
1285 2534 1357 2578 751.

1023 2587 1097 2620 226.
1128 2588 1291 2629 Captum,
1317 2585 1389 2629 jam
1413 2585 1615 2631 capiendam
1634 2611 1644 2629 ,

980 2651 1084 2683 quam
1100 2638 1323 2687 obsidebant,
1343 2645 1383 2672 ut
1402 2645 1573 2683 caperent.
1590 2639 1647 2673 Sic

978 2693 1141 2735 captiuum
1166 2693 1280 2725 caelum
1300 2691 1337 2734 I,
1368 2692 1428 2734 184
1441 2717 1450 2733 ,
1475 2698 1511 2725 et
1531 2697 1648 2735 captas

245 2746 399 2775 sumtum
421 2752 461 2774 ex
483 2740 522 2774 Il.
545 2746 566 2774 B
580 2766 589 2783 ,
618 2742 735 2775 1-332.
754 2740 914 2786 Jupiter,
971 2741 1048 2786 jam
1072 2743 1260 2785 despectare
1282 2749 1387 2776 terras
1409 2742 1499 2787 apud
1523 2740 1648 2786 Virgi-
