1820 3106
355 220 1104 287 „METAMORPHOSEON
1131 222 1268 268 LIB.
1309 225 1404 269 XI.

1518 227 1602 270 285

181 317 285 366 Non
304 315 411 380 vigil
434 315 523 366 ales
546 315 611 364 ibi
638 315 806 364 cristati
835 316 1040 365 cantibus
1064 317 1154 365 oris

183 395 350 443 Evocat
372 394 612 451 Auroram3
638 412 719 442 nec
742 412 848 443 voce
871 394 1046 444 silentia
1070 407 1284 461 rumpunt

184 470 422 520 sollicitive
444 489 593 529 canes,
620 470 856 520 canibusve
878 473 1077 536 sagacior
1100 491 1240 521 anser.

181 548 287 597 Non
307 547 418 607 fera,
443 567 533 597 non
559 548 771 616 pecudes,
795 569 887 598 non
910 551 1020 599 moti
1041 550 1215 600 flamine
1241 550 1374 610 rami,

1539 566 1606 602 600

183 625 446 675 Humanaeve
471 645 631 675 sonum
653 627 845 676 reddunt
868 628 1065 677 convicia
1085 627 1262 691 linguae.

183 701 322 752 Muta*
337 703 461 770 quies
482 703 656 753 habitat
681 725 691 753 :
719 724 824 754 saxo
847 718 993 755 tamen
1015 705 1104 755 exit
1124 707 1179 755 ab
1205 706 1295 755 imo

183 779 324 829 Rivus
347 800 470 848 aquae
492 781 654 832 Lethes
675 803 686 840 ς
711 803 794 850 per
813 803 943 850 quem
965 803 1064 833 cum
1088 803 1311 833 murmure
1334 783 1488 832 labens

180 857 344 907 Invitat
367 878 548 909 somnos
571 860 892 928 crepitantibus
914 862 1032 911 unda
1053 861 1230 929 lapillis.

179 986 280 1019 mus,
305 973 376 1009 duo
399 974 532 1011 diversa
554 988 647 1011 vocc-
671 977 732 1011 uni
754 978 862 1012 verbo

181 1025 315 1061 addidit
334 1040 343 1061 :
360 1029 467 1062 dubia.-
478 1030 584 1069 Iucis,
604 1028 683 1063 vide
699 1030 753 1064 IV
766 1055 775 1073 ,
798 1032 864 1073 400

178 1092 250 1125 seq.
267 1073 375 1116 Multi
390 1084 585 1126 crepuscula
597 1085 716 1117 noctis.
733 1102 777 1109 —
792 1083 864 1118 Sed

179 1132 304 1177 justius
321 1140 372 1169 est
386 1136 474 1169 lucis
490 1134 584 1180 quod
605 1134 736 1169 habent
753 1135 864 1171 nostri

182 1183 296 1231 Regii.
313 1186 380 1221 Ed.

225 1237 301 1284 597.
317 1237 404 1272 Ales
416 1264 424 1278 ,
443 1237 550 1284 gallus
562 1237 768 1284 gallinaceus
779 1265 789 1283 ,
805 1239 864 1284 qui

180 1300 271 1334 sape
284 1288 488 1335 simpliciter
505 1294 582 1340 ὅρνις
595 1297 631 1325 et
640 1293 712 1325 ales
727 1290 863 1326 dicitur.

181 1358 226 1366 -
241 1340 314 1375 Pro
337 1343 498 1376 cntctatus
522 1344 595 1376 ales
622 1341 707 1377 dixit
733 1346 870 1378 crektati

181 1395 338 1428 cantibus
347 1397 417 1429 ωὑ-
426 1419 435 1435 ,
454 1394 534 1439 quia
550 1394 706 1439 alesiam
719 1402 863 1430 ornatus

181 1450 234 1478 est
249 1456 319 1479 suo.
328 1444 494 1491 epitheto.
511 1445 685 1480 Lucianus
699 1445 754 1480 ibi>
763 1447 863 1491 ponit

182 1496 260 1542 galli
275 1497 452 1543 gallinacei
467 1497 640 1543 templum
654 1523 663 1542 ,
683 1498 766 1532 etin
779 1499 862 1533 silva

180 1559 345 1594 magnam
357 1547 644 1593 vespertilionum
659 1549 741 1584 virn'.
755 1549 861 1595 Apud

179 1599 337 1636 statium
344 1607 419 1636 atra
429 1601 539 1636 boum
551 1609 711 1636 armenta
726 1602 762 1636 in
779 1615 859 1648 gra-

177 1654 274 1691 mine
281 1655 655 1701 quiescunt—Evocat
663 1669 681 1690 e
692 1656 782 1690 mari
789 1657 861 1691 Au-

176 1720 286 1743 mmm
299 1736 308 1749 ‚
336 1721 414 1755 quae
435 1709 594 1755 sequitur
611 1709 686 1754 ejus
705 1716 859 1744 cantum.

177 1761 344 1808 Virgilius
356 1789 365 1807 ,
384 1762 511 1808 Geor-g.
523 1763 540 1798 1
552 1788 561 1806 ,
575 1763 640 1803 3338
653 1789 662 1807 ,
675 1765 861 1806 vocatplu-

174 1817 263 1850 aiam
277 1818 406 1850 cornia
422 1833 466 1840 —
481 1815 630 1849 Solliciti
642 1841 651 1855 ,
680 1814 859 1860 vigilaces;

175 1867 285 1901 etiam
310 1866 429 1901 Livius
441 1892 451 1909 ,
468 1867 517 1910 V,
540 1868 580 1911 47
595 1891 605 1908 ,
628 1867 738 1900 Canes
756 1869 860 1901 solli—

175 1922 278 1954 citum
292 1921 344 1954 ad
356 1925 536 1954 nocturnos
549 1922 706 1964 strepitus
721 1923 861 1955 animal.

177 1971 317 2007 Eodem
334 1985 431 2007 nunc
450 1971 541 2007 redit
560 1984 672 2017 sagax
687 2000 696 2014 ‚
721 1973 781 2018 qui
800 1973 860 2007 fa-

177 2023 241 2059 cile
267 2023 515 2059 animadvertit
537 2024 711 2070 strepitus.
734 2025 858 2070 Neque

178 2088 263 2111 vero
282 2075 339 2111 hie
359 2075 509 2122 respexit
526 2075 567 2110 ad
585 2076 675 2111 solos
695 2075 861 2122 Capitolii

178 2140 318 2164 anseres
329 2134 488 2174 tempore
504 2127 630 2162 Manlii
643 2155 652 2171 ‚
667 2135 751 2163 tunc
762 2130 859 2164 enim

178 2181 380 2227 importune
402 2180 469 2216 hoc
491 2188 580 2215 esset
602 2181 780 2227 additum,
798 2183 859 2219 sed

178 2232 327 2267 omnino
343 2232 385 2267 ad
403 2239 565 2267 naturam
578 2245 753 2269 anserum.
766 2234 858 2270 Vide

177 2283 220 2318 ad
236 2285 352 2328 VIII,
370 2284 446 2328 684.

217 2337 295 2373 Boo.
307 2337 472 2382 Nonsera
487 2345 551 2373 etc.
570 2339 656 2374 Post
672 2338 767 2374 hunc
779 2353 861 2375 ver-

174 2402 254 2424 sum
268 2389 386 2436 plures
404 2391 417 2434 (
432 2398 467 2424 et
481 2398 601 2426 noster
613 2390 743 2436 Regius
756 2392 785 2427 B
802 2405 861 2427 so-

174 2440 228 2476 lus
239 2467 249 2485 ‚
268 2447 304 2476 et
319 2442 414 2476 inter
430 2442 563 2488 lineas)
581 2443 800 2489 subjungunt
814 2444 861 2478 is-

175 2500 253 2527 tum
266 2519 276 2536 ,
297 2495 446 2529 Gamala
463 2507 524 2529 nec
541 2497 671 2530 Procne
689 2499 861 2531 stertenlt‘a

170 2550 330 2588 pectora,
353 2552 412 2579 aut
434 2558 572 2590 corpora
584 2572 592 2585 ,
617 2548 747 2580 mulcet.
768 2547 860 2582 Pes-

176 2596 274 2630 sime.
300 2595 410 2631 Recte
436 2597 606 2632 Heinsius
624 2623 632 2641 ,
652 2598 680 2631 si
700 2597 830 2634 mulcet
848 2626 858 2643 ,

177 2647 314 2693 inquit,
335 2648 470 2683 Procne
495 2649 677 2684 stertentia
699 2657 857 2694 pectora,

178 2701 264 2735 nihil
283 2713 393 2736 causae
409 2709 459 2736 est
474 2728 485 2746 ,
503 2715 565 2736 cur
578 2702 660 2737 hinc
671 2703 859 2748 ablegetur.

179 2754 410 2795 —Conriciau
433 2766 544 2789 voces.
563 2754 670 2790 Notat
685 2755 860 2789 Burman·

931 991 998 1013 nus
1020 978 1211 1013 Paulinum
1228 1005 1237 1023 ‚
1263 978 1372 1023 Epist.
1392 978 1433 1022 Ι,
1459 977 1502 1012 ad
1529 978 1611 1012 Auf.

928 1030 1130 1075 expressisse
1150 1030 1185 1065 h.
1203 1030 1224 1066 l.
1245 1032 1336 1065 Dum
1358 1033 1444 1065 levia
1461 1031 1615 1064 humana·

928 1087 1045 1118 metuit
1060 1087 1213 1119 convicia
1228 1086 1359 1128 h‘nguoe.

981 1136 1058 1170 503.
1089 1138 1198 1171 Bivus
1228 1149 1324 1181 aquoe
1351 1136 1482 1170 Lethes.
1517 1135 1613 1180 Quia

928 1188 1145 1223 dormientes
1158 1188 1410 1227 obliviscuntur
1425 1201 1589 1223 curarum
1600 1215 1609 1231 ,

929 1233 1114 1286 propterea
1137 1244 1225 1275 rivus
1247 1241 1371 1274 Lethes
1388 1246 1468 1274 ante
1487 1239 1612 1274 Somni

930 1292 1054 1327 aulam.
1073 1292 1107 1327 A
1127 1291 1344 1327 Callimacho
1368 1291 1401 1326 h.
1424 1291 1503 1326 Del.
1524 1304 1613 1326 vers.

930 1345 994 1388 234
1007 1371 1016 1388 ‚
1034 1350 1155 1382 λυθαῖον
1165 1346 1267 1393 πτερὸν
1277 1343 1308 1378 ei
1321 1343 1496 1378 tribuitur.
1507 1343 1611 1389 Apud

928 1397 1029 1442 Virg.
1044 1396 1129 1431 AEn.
1143 1395 1191 1439 V,
1207 1397 1273 1439 854
1285 1421 1294 1438 ,
1313 1397 1482 1430 letheum
1490 1408 1613 1440 aquam

927 1448 1096 1494 inspergit
1126 1448 1165 1482 in
1191 1447 1309 1482 oculos
1339 1448 1507 1482 Palinuri.
1526 1449 1611 1496 Jpse

926 1501 1068 1535 Somnus
1083 1502 1221 1535 letha-us
1233 1499 1364 1545 Geor-g.
1379 1501 1396 1534 I
1408 1526 1417 1543 ,
1433 1501 1486 1546 87.
1507 1501 1610 1546 Apud

929 1553 1042 1599 Orph.
1057 1554 1104 1588 Η.
1118 1554 1180 1598 84,
1197 1553 1237 1596 8,
1257 1552 1412 1587 Somnus
1436 1560 1487 1587 est
1505 1551 1614 1588 frater

927 1604 976 1639 Le
982 1604 1180 1640 thes.—Per
1187 1617 1281 1649 quem
1292 1618 1367 1639 cum
1376 1617 1540 1639 murmure
1549 1612 1614 1640 etc.

927 1657 1093 1692 Barthius
1110 1656 1153 1691 ad
1172 1657 1326 1691 Statium
1342 1655 1455 1690 Theb.
1469 1657 1524 1700 X,
1547 1658 1613 1704 96,

925 1708 1008 1755 legit
1032 1711 1167 1754 querulo
1196 1722 1270 1742 cum
1297 1722 1457 1742 murmure
1485 1711 1614 1743 labens.

926 1760 1155 1795 Burmannus
1163 1761 1294 1804 mallet,
1306 1763 1440 1805 querulo
1448 1774 1519 1805 qua·
1526 1774 1616 1795 mun<

927 1826 1033 1855 mure,
1059 1813 1114 1847 vel
1134 1815 1244 1847 Bl'vus
1265 1827 1358 1858 aquoe
1381 1815 1521 1853 Lethes,
1546 1817 1617 1849 lens

926 1878 997 1910 quoe
1016 1879 1178 1900 murmure
1195 1868 1314 1899 labens
1333 1879 1343 1900 :
1364 1879 1455 1900 unus
1480 1866 1612 1903 Moreti

926 1919 1035 1951 Bious
1041 1930 1137 1962 aquae
1147 1918 1394 1964 lasum—Regii
1405 1919 1515 1953 nostri
1525 1919 1614 1954 nihil

926 1976 1087 2011 mutant;
1106 1976 1142 2003 et
1158 1969 1247 2004 bene
1265 1982 1273 2004 ε
1292 1969 1371 2004 vide
1388 1983 1465 2015 quae
1478 1983 1558 2005 mox
1572 1972 1613 2006 cl.

930 2026 1058 2068 Gt'erig.
1074 2023 1142 2059 Ed.
1159 2042 1203 2050 —
1219 2024 1299 2059 Noli
1316 2037 1398 2059 cum
1416 2025 1562 2060 Bar-thio
1579 2033 1614 2060 et

926 2078 1137 2112 Burmanno
1162 2076 1295 2111 offendi
1319 2081 1412 2113 unda
1428 2092 1493 2122 per
1509 2082 1612 2113 rivum

925 2132 1059 2164 labente
1074 2156 1082 2170 ,
1104 2142 1188 2163 nam
1210 2127 1280 2164 fert
1301 2129 1368 2164 hoc
1390 2142 1506 2164 sermo
1530 2130 1612 2164 Ro-

925 2196 1020 2218 man.
1033 2184 1210 2229 poeticus,
1228 2183 1287 2228 qui
1301 2196 1390 2228 saepe
1402 2187 1506 2218 tivum
1518 2196 1613 2227 aque

926 2234 1009 2269 dicit
1018 2261 1027 2278 ,
1041 2235 1100 2269 ubi
1110 2239 1202 2278 ripas
1213 2243 1441 2281 exspectasses
1450 2262 1459 2278 ,
1472 2242 1512 2270 ut
1520 2235 1611 2280 apud

927 2286 1107 2321 Tibullum
1127 2313 1136 2331 ,
1161 2288 1178 2322 1
1195 2313 1205 2331 ,
1227 2294 1244 2321 ἰ
1260 2314 1269 2331 ,
1296 2288 1347 2321 28.
1371 2287 1485 2322 Licuit
1504 2288 1611 2321 etiam

926 2339 1075 2385 Virgilio
1093 2365 1102 2382 ‚
1129 2339 1259 2386 Georg.
1278 2340 1314 2374 11
1332 2365 1342 2382 ,
1368 2339 1433 2383 460
1445 2366 1454 2382 ,
1473 2339 1588 2374 dicere
1601 2367 1609 2379 ‚

931 2392 1046 2425 Tellus
1052 2390 1178 2435 suadit
1187 2394 1286 2426 humo
1298 2397 1421 2426 victum
1432 2417 1442 2433 ,
1462 2391 1518 2425 ubi
1533 2391 1612 2426 vide

926 2444 1048 2491 Heyn.
1062 2443 1163 2479 Idem
1179 2443 1309 2489 Georg.
1322 2444 1388 2486 lv,
1405 2442 1613 2487 457,su5ere

918 2497 1139 2539 perflamina
1161 2507 1224 2540 pro
1241 2521 1250 2538 ‚
1281 2496 1318 2528 in
1345 2495 1420 2540 ripa
1446 2495 1612 2530 fluminis.

925 2549 1033 2582 Rimas
1041 2559 1130 2592 saepe
1143 2554 1194 2581 est
1203 2546 1318 2580 alveus
1331 2561 1338 2587 ;
1352 2547 1539 2590 Horatius,
1551 2547 1587 2582 Il
1599 2573 1609 2589 ,

924 2598 997 2633 Od.
1015 2610 1060 2633 111
1071 2625 1081 2642 ,
1109 2613 1120 2633 ι
1131 2613 1143 2632 1
1158 2625 1168 2642 ,
1193 2601 1328 2633 laborat
1347 2601 1484 2646 lympha
1493 2599 1609 2643 fugax

923 2654 1090 2694 trepidare
1107 2654 1199 2692 rivo‚·
1227 2651 1240 2685 l
1256 2677 1265 2694 ,
1287 2651 1352 2696 Ep.
1374 2663 1396 2685 x
1411 2677 1421 2695 ,
1440 2665 1478 2685 αι
1493 2678 1503 2695 ,
1522 2664 1612 2696 aqua

920 2717 984 2748 per
988 2717 1131 2747 pronum
1148 2707 1293 2749 trepidat
1302 2717 1376 2739 cum
1385 2717 1547 2739 murmure
1556 2708 1611 2738 ri-

925 2769 1008 2791 vum.
1025 2774 1069 2783 —-
1084 2757 1294 2802 Crepttantes
1309 2759 1438 2801 lapilli,
1460 2768 1612 2804 quorum
