1820 3106
288 277 374 334 450

665 279 718 321 P.
759 278 994 324 OVIDII
1033 277 1335 322 NASONIS

353 370 515 420 AEolon
539 369 612 418 ille
636 369 768 419 refert
789 371 937 418 Tusco
960 388 1137 433 regnare
1161 368 1411 436 profundo;

291 447 454 497 AEolon
479 447 791 514 Hippotaden,
812 447 1089 496 cohibentem
1113 464 1279 494 carcere
1303 457 1482 502 ventos;
1530 503 1534 507 ⁵

292 525 420 588 Quos
443 524 573 572 bovis
598 522 795 572 inclusos
818 536 941 586 tergo
955 560 967 582 ‚
990 521 1273 589 memorabile
1295 540 1476 579 munus,

1639 535 1704 570 225

291 600 548 649 Dulichium
571 599 778 648 sumsisse
800 595 978 656 dueen13
999 598 1192 665 flatuque
1215 597 1407 647 secundo

289 677 485 727 Lucibus
509 676 593 726 isse
616 694 797 735 novem,
822 688 866 725 et
889 688 1045 724 terram
1069 675 1316 741 adspexisse
1339 674 1548 742 petitam:

290 753 495 802 Proxima
516 764 624 819 post
645 771 806 801 nonam
833 771 969 818 quum
993 770 1085 800 sese
1107 752 1280 799 Aurora
1300 762 1512 808 moveret,

292 830 461 879 Invidia
482 830 626 878 socios
648 829 888 896 praedaeque
914 827 1120 895 cupidine
1143 827 1326 884 ductos,

291 909 402 956 Esse
425 918 543 954 ratos
565 924 719 954 aurum
733 943 744 964 ‚
772 904 976 953 demsisse
999 904 1203 968 ligamina
1219 904 1391 961 ventis;

1641 918 1707 950 230

295 986 408 1034 Cum
433 984 596 1051 quibus
619 983 706 1031 isse
726 995 868 1041 retro,
893 1001 972 1048 per
995 1002 1103 1049 quas
1126 983 1262 1031 modo
1281 994 1456 1034 venerat
1476 981 1641 1041 undas,

294 1063 517 1129 AEoliique
538 1073 676 1110 ratem
699 1073 859 1128 portus
883 1062 1093 1130 repetisse
1115 1061 1300 1128 tyranni.

298 1164 320 1184 α
345 1139 455 1188 Inde
474 1139 598 1188 Lami
618 1150 803 1187 veterem
824 1138 1124 1204 Laestrygonis
1139 1174 1151 1195 ‚
1178 1137 1350 1204 inquit,
1374 1138 1422 1185 in
1441 1138 1598 1187 urbem

292 1216 518 1265 Venimus.
542 1215 808 1281 Antiphates
832 1226 946 1263 terra
968 1214 1182 1277 regnabat
1202 1214 1248 1262 in
1272 1212 1373 1270 illa;

295 1293 462 1341 Missus
484 1292 538 1340 ad
561 1292 678 1339 hunc
700 1310 782 1354 ego
807 1310 928 1348 sum,
949 1309 1132 1339 numero
1153 1290 1386 1338 comitante
1408 1290 1616 1338 duorum:
1640 1304 1710 1337 235·

294 1370 467 1435 Vixque
490 1369 595 1430 fuga
620 1368 802 1433 quaesita
824 1366 941 1415 salus
964 1368 1222 1434 comitique,
1248 1367 1470 1434 mihique;

292 1445 469 1493 Tertius
489 1463 512 1492 e
537 1443 670 1491 nobis
693 1444 991 1509 Laestrygonis
1014 1444 1148 1511 impia
1174 1445 1306 1493 tinxit
1351 1437 1355 1441 ⁴

235 1556 244 1560 -
298 1524 389 1571 Ora
414 1539 567 1569 cruore
589 1538 670 1567 suo
691 1539 701 1566 ;
722 1519 996 1582 fugientibus
1015 1520 1176 1578 instat,
1202 1532 1246 1568 et
1267 1539 1422 1582 agmen

298 1597 504 1647 Concitat
526 1594 816 1662 Antiphates3
844 1607 1020 1653 coeunt,
1046 1607 1090 1643 et
1112 1614 1211 1644 saxa
1233 1597 1466 1662 trabesque

300 1673 599 1731 Continuant,
624 1683 915 1737 merguntque
938 1671 1080 1729 viros,
1105 1684 1394 1738 merguntque
1418 1672 1597 1720 carinas.
1643 1686 1708 1729 240

339 1794 413 1829 223.
425 1794 544 1828 AEolon
553 1793 612 1826 ille
622 1791 722 1836 restrt
734 1796 798 1825 etc.
810 1790 972 1835 Sequun-
1027 1796 1107 1832 ptos
1122 1816 1130 1829 ‚
1157 1795 1192 1823 et
1209 1801 1271 1834 pro
1295 1788 1388 1823 varia
1413 1787 1566 1824 lectione-
1586 1772 1704 1824 matos.

298 1859 354 1884 tur
361 1846 433 1882 fata
445 1845 577 1894 Ulyssis
586 1858 629 1880 ex
639 1844 799 1879 Home-ro
811 1869 821 1887 ,
839 1842 909 1878 Od.
922 1850 950 1879 K
959 1869 968 1886 ,

297 1900 445 1936 fideliter
454 1909 622 1943 expressa.
631 1898 749 1931 AEolus
759 1895 925 1941 regnabat
934 1895 971 1930 in

297 1966 368 1988 una
378 1965 418 1986 ex
426 1950 544 1986 insulis
553 1949 690 1993 AEoliis,
699 1961 775 1994 quae
787 1949 859 1983 sitae
870 1955 971 1983 erant

297 2008 333 2041 in
349 2005 438 2039 mari
454 2004 579 2039 Tusco.
597 2002 630 2043 Is
642 2028 652 2046 ,
675 2001 865 2038 secundum
883 2001 969 2036 Ho-

297 2059 435 2090 merum
451 2081 460 2098 ,
487 2054 621 2088 utribus
653 2052 800 2088 inclusos
832 2053 969 2088 cohibet

296 2114 417 2143 ventos
428 2132 437 2149 ‚
454 2107 570 2150 itaque
585 2105 690 2139 etiam
702 2104 817 2151 Ulyssi
833 2117 891 2138 eos
907 2104 969 2138 de·

296 2161 347 2195 dit
362 2162 453 2194 bovis
467 2160 615 2195 inclusos
633 2164 722 2200 tergo
735 2168 747 2198 7·
765 2156 945 2190 Homerus
957 2182 967 2199 ,

294 2224 382 2246 vers.
402 2224 441 2256 19
458 2235 468 2252 ‚
496 2213 595 2258 δείμας
610 2209 699 2243 ἆσκᾶν
722 2211 790 2246 βοὸς
812 2210 969 2252 ε’ννεώροιφ.

294 2281 337 2289 ··-
351 2262 407 2296 De
426 2261 614 2304 Ihppolade
629 2266 663 2293 et
682 2271 812 2292 earcere
835 2265 968 2292 vento-—

296 2326 376 2348 rum
400 2311 523 2347 confer
544 2311 616 2356 IV,
635 2310 710 2344 662.
734 2327 778 2334 --
793 2311 936 2343 petitam
952 2336 961 2351 ,

294 2379 422 2411 nempe
437 2365 583 2410 patriam
597 2378 605 2405 ;
627 2364 823 2405 Homerus,
841 2375 887 2397 vs.
903 2376 966 2410 29:

295 2425 331 2452 et
348 2417 383 2451 h.
400 2416 421 2451 l.
442 2423 511 2450 tres
537 2414 632 2449 MSS
645 2440 655 2458 ,
674 2427 725 2459 pr.
746 2414 822 2448 Bas.
841 2420 876 2447 et
896 2413 967 2447 duo

296 2471 451 2506 Gronov.
466 2468 595 2503 habent
610 2494 619 2511 ,
639 2474 822 2511 paternam.
854 2497 858 2499 a

338 2536 412 2569 229.
435 2523 567 2555 lnus‘dia
583 2547 591 2559 ‚
615 2519 810 2554 invidentes
825 2517 939 2564 Ulyssi
955 2545 965 2562 ,

296 2587 400 2619 quern
416 2573 528 2607 solum
545 2585 600 2606 res
616 2571 779 2617 pretiosas
796 2582 911 2604 secum
929 2569 965 2603 in

294 2626 441 2671 patriam
466 2624 590 2659 ducere
619 2629 780 2668 putarent
789 2635 798 2663 3
820 2621 966 2655 Home-—

293 2689 372 2719 rus,
396 2689 483 2710 vers.
507 2679 549 2718 4ο
573 2687 643 2719 sqq.
661 2691 704 2699 -—
722 2675 792 2708 Pro
815 2674 967 2716 cupidine

293 2730 408 2763 ductos
422 2754 430 2768 ,
458 2727 511 2762 alii
529 2730 653 2765 victos,
672 2733 731 2760 aut
745 2731 871 2769 captos.
893 2724 966 2758 Co-

295 2781 358 2816 dex
375 2781 502 2824 Regius
523 2780 553 2814 A
569 2787 684 2823 captos
693 2791 706 2822 ;
726 2779 832 2813 codex
850 2777 879 2812 B
897 2790 965 2812 ca·-

1089 1842 1163 1876 233.
1187 1843 1271 1875 Inde
1295 1842 1398 1876 Lami
1411 1848 1476 1876 etc.
1501 1841 1679 1879 Homerus
1695 1866 1705 1884 ‚

1033 1905 1122 1927 vers.
1140 1893 1178 1926 81
1195 1918 1205 1936 ,
1224 1895 1365 1938 ἱκόμεσθα
1382 1893 1488 1937 Λάμον
1503 1895 1574 1928 αἰπὺ
1589 1897 1707 1929 πτολίε-

1035 1946 1277 1994 essem—Lamus
1289 1945 1544 1990 antiquissimus
1558 1945 1711 1992 Laestryd

1035 2011 1167 2043 gonum
1189 2011 1248 2032 rex
1270 1997 1360 2033 suit:
1380 1998 1439 2043 qui
1465 1997 1582 2044 populi
1606 2004 1706 2033 erant

1032 2049 1170 2084 feritate
1184 2049 1308 2084 famosi
1330 2050 1367 2084 in
1383 2049 1507 2085 ultimo
1525 2050 1632 2085 Italiae
1642 2063 1705 2084 an-

1033 2101 1113 2146 gulo
1129 2101 1331 2135 habitantes.
1344 2100 1399 2134 Ad
1413 2113 1472 2135 eos
1485 2113 1595 2146 quum
1610 2101 1706 2136 venit

1034 2152 1174 2198 Ulysses
1191 2178 1200 2195 ‚
1230 2151 1435 2197 Antiphates
1463 2153 1628 2198 regnabat
1645 2179 1656 2197 ,
1685 2165 1705 2187 a

1032 2216 1101 2248 quo
1126 2203 1303 2238 nonnullis
1326 2211 1361 2238 et
1384 2203 1527 2239 navibus
1549 2212 1584 2239 et
1602 2203 1701 2239 sociis

1031 2254 1096 2289 suit
1105 2255 1276 2300 spoliatus.
1285 2255 1705 2301 Ed—LoestrygouesFor-

1032 2307 1118 2339 mias
1131 2304 1331 2351 Campaniae
1341 2305 1577 2340 inhabitabant
1589 2319 1597 2347 3
1613 2305 1703 2340 Plin.

1033 2356 1107 2400 111,
1120 2359 1158 2397 5;
1178 2356 1250 2391 Cic.
1264 2356 1304 2391 ad
1321 2357 1492 2400 Attio-II,
1513 2357 1552 2390 13
1566 2370 1575 2398 ;
1590 2364 1702 2391 erant-

1033 2422 1098 2454 que
1116 2410 1267 2455 gigantes
1286 2417 1321 2444 et
1343 2410 1591 2458 ἄνθρωποφάγοιῑ
1618 2410 1703 2444 Ho-

1033 2476 1149 2497 merus
1161 2489 1170 2505 ,
1196 2476 1281 2497 vers.
1301 2474 1371 2497 120.
1388 2462 1538 2503 Iacultos
1549 2489 1558 2502 ,
1583 2461 1618 2495 id
1631 2469 1700 2505 est,

1031 2514 1239 2548 inhumanos
1255 2540 1264 2556 ,
1297 2526 1355 2548 eos
1383 2521 1481 2548 vocat
1509 2513 1665 2547 Tibullus
1690 2539 1700 2556 ,

1031 2568 1087 2602 lib.
1112 2569 1184 2610 1v,
1205 2578 1238 2609 1,
1259 2569 1310 2613 59.

1075 2620 1149 2655 238.
1173 2621 1300 2663 Agmen
1315 2621 1469 2653 concitat.
1492 2617 1673 2652 Homerus
1689 2642 1699 2660 ,

1031 2684 1117 2705 vers.
1134 2672 1193 2705 118
1206 2697 1215 2714 ,
1235 2672 1348 2714 ἕτεῡχε
1366 2676 1439 2712 βοὴ-ι
1459 2672 1511 2704 διὰ
1525 2672 1630 2708 ἄστεος
1638 2675 1701 2703 etc.

1030 2742 1073 2751 -·
1100 2726 1302 2759 Continuant
1312 2750 1319 2763 ‚
1353 2724 1426 2758 sine
1445 2721 1700 2757 intermissione

1030 2778 1175 2820 jactant,
1191 2783 1227 2811 ut
1242 2776 1363 2812 Horat.
1380 2775 1415 2810 11
1429 2801 1437 2816 ,
1459 2774 1530 2809 Sat.
1545 2774 1602 2816 vi,
1620 2785 1709 2808 conv
