1820 3106
93 890 103 913 5

350 264 1071 316 METAMORPHOSEON
1099 269 1228 314 Lm,
1269 271 1420 317 XIV.

161 359 295 411 Rexit
316 379 448 428 opesz
471 359 769 427 Numitorque
789 379 920 410 senex
941 362 1099 412 amissa
1118 375 1332 431 nepotum

161 438 349 490 Munere
371 458 506 503 regna
526 439 644 507 capit
655 458 676 501 3:
690 439 905 507 festisque
930 442 1149 492 Palilibus
1172 444 1312 492 Urbis

163 516 329 566 Moenia
351 516 603 567 conduntur
625 536 637 566 ε
657 517 901 585 Tatiusque
923 531 1159 586 patresque
1185 520 1335 569 Sabini

1521 537 1586 583 775

162 593 284 644 Bella
307 606 492 659 gerunt3
517 595 719 662 arcisque
742 595 811 644 via
835 595 1022 663 Tarpeia
1043 596 1215 645 reclusa

161 671 310 736 Digna
331 672 521 722 animam
543 692 676 740 poena
697 674 920 737 congestis
941 675 1063 724 exuit
1084 675 1230 724 armis.

159 749 270 799 Inde
290 751 375 799 sati
396 751 592 801 Curibus
606 789 619 810 ,
644 751 880 800 tacitorum
903 771 1024 800 more
1045 751 1254 819 luporum
1271 791 1284 812 ‚

157 827 254 877 ⁴Ore
276 839 485 894 premunt
504 847 633 877 voces
647 865 660 886 ,
685 840 729 877 et
752 847 939 895 corpora
961 830 1073 878 victa
1098 836 1257 896 'sopore

158 905 405 966 Invadunt,
429 918 671 974 portasque
694 918 882 975 petunt,
908 926 1018 974 quas
1041 907 1181 974 objice
1203 908 1330 958 firma

1524 925 1591 970 780

160 983 390 1034 Clauserat
413 984 572 1035 Iliades
592 1005 602 1033 :
624 1005 756 1034 unam
781 998 927 1034 tamen
950 986 1047 1052 ipsa
1068 986 1257 1036 recludit
1273 1025 1286 1047 ‚

158 1061 257 1111 Nec
280 1063 514 1130 strepitum
537 1082 663 1112 verso
687 1064 892 1113 Saturnia
916 1064 1091 1114 cardine
1114 1065 1230 1113 fecit.

161 1137 267 1187 Sola
291 1140 443 1188 Venus
466 1152 605 1207 portae
626 1140 833 1191 cecidisse
859 1140 1068 1208 repagula
1089 1141 1249 1200 sensit3

160 1218 223 1267 Et
245 1217 446 1269 clausura
468 1219 582 1279 fuit;
604 1220 691 1269 nisi
716 1220 839 1287 quod
860 1220 1106 1270 rescindere
1125 1239 1352 1288 nunquam

162 1341 272 1375 gnum
290 1328 389 1365 fratri
406 1336 590 1376 ereptum3
611 1332 718 1366 Dirus
734 1332 843 1367 Amu-

161 1384 231 1416 lius
245 1383 336 1418 Fast.
353 1383 420 1427 IV,
440 1384 492 1419 53.
503 1384 733 1420 —Palilibus.
754 1384 843 1419 Ple-

161 1433 263 1479 rique
280 1435 470 1477 Parilibus‚·
494 1436 722 1471 Burmannus
743 1443 844 1471 notat

163 1487 320 1533 quinque
333 1513 342 1530 ‚
355 1487 393 1522 in
405 1488 530 1533 quibus
534 1491 712 1532 paratibus
725 1487 791 1535 (ut
804 1489 843 1523 in
891 1512 897 1519 ι

162 1538 283 1574 codice
304 1547 426 1581 nostro
452 1540 564 1586 Regio
584 1541 614 1575 Α
631 1556 640 1583 ;
664 1541 772 1576 codex
788 1541 817 1576 B
831 1567 841 1585 ,

161 1593 374 1638 Palilibus);
390 1593 467 1642 vide
486 1593 673 1629 Heinsium
692 1594 734 1628 ad
751 1595 842 1629 Fast.

162 1645 233 1690 lv,
246 1657 319 1690 7²¹·
333 1647 462 1681 Palilia
473 1645 546 1682 dies
555 1646 665 1682 festus
679 1647 714 1681 in
727 1646 797 1681 hon
803 1659 845 1681 o·-

160 1711 240 1734 rem
252 1698 352 1734 Pales
363 1725 372 1743 ,
385 1698 472 1735 Deoe
484 1700 671 1746 pastoritiae
680 1726 689 1744 ,
706 1712 777 1745 quo
787 1700 842 1735 die

161 1749 278 1786 Roma
302 1751 443 1787 condita
471 1751 485 1795 (
503 1750 658 1786 Velleius
672 1778 681 1794 ,
711 1752 729 1786 Ι
745 1750 782 1797 ),
808 1757 844 1785 et

162 1816 269 1850 quem
293 1804 374 1839 ideo
396 1817 535 1839 summa
557 1804 725 1850 religione
745 1805 845 1840 cele-

160 1856 309 1892 brabant
323 1857 475 1892 Romani
490 1870 500 1898 ;
516 1856 662 1904 Dionys.
675 1857 787 1891 Halic.
801 1858 816 1891 1
832 1883 841 1899 ,

163 1908 217 1944 88.
233 1927 277 1935 —
292 1909 395 1943 Bella
412 1915 532 1954 gerunt
544 1915 691 1955 propter=
703 1916 843 1954 raptum

164 1960 387 1996 Sabinarum.
416 1962 482 1997 Ed.
501 1980 546 1993 ι·-
561 1963 650 1997 Arci
673 1962 844 1997 Romanae

165 2019 314 2059 praerat
329 2013 390 2060 Sp.
413 2015 576 2059 Tarpeius
590 2041 599 2055 ‚
631 2014 731 2060 cujus
750 2014 818 2049 filia
833 2041 842 2058 ,

167 2079 277 2113 quum
302 2079 428 2113 aquam
449 2068 553 2103 sacris
576 2068 725 2114 petitum
748 2075 845 2103 extra

166 2120 296 2155 moenia
306 2120 387 2156 isset
398 2146 407 2164 ,
419 2122 596 2166 corrumpi
607 2134 642 2155 se
655 2133 740 2155 auro
749 2134 845 2167 passa

167 2179 219 2207 est
232 2185 252 2206 a
268 2173 376 2212 Tatio,
394 2179 434 2207 ut
448 2173 591 2207 Sabinos
601 2172 638 2206 in
648 2173 771 2207 urbem
788 2186 845 2208 ac-

166 2225 324 2270 ciperet:
342 2224 531 2259 intromissi
556 2229 722 2270 conge-sm·
742 2230 846 2260 armis

168 2277 331 2313 obrutam
342 2289 520 2312 necavere.
534 2278 641 2312 Varie
657 2284 773 2312 tamen
789 2277 846 2312 illa

167 2328 380 2373 resvlraditm
399 2328 468 2363 vid.
481 2328 598 2363 Livius
610 2355 620 2372 ,
634 2329 651 2363 I
663 2355 673 2372 ‚
690 2343 708 2363 2
721 2343 730 2371 ;
747 2329 846 2364 Dio-

169 2382 288 2430 nysius
311 2381 424 2416 Halic.
449 2381 510 2425 11,
529 2381 653 2424 38-40.
668 2400 713 2409 -
730 2384 847 2427 Digna

171 2437 319 2470 aem'mam
331 2447 445 2479 pena.
466 2433 584 2479 Vulgo
606 2433 620 2476 (
636 2440 672 2468 et
687 2434 724 2468 in
742 2435 846 2469 codi-

172 2486 267 2522 cibus
277 2487 416 2532 Regiis)
426 2488 573 2530 Dignam
582 2488 730 2521 animam
734 2500 847 2530 paend.

174 2555 218 2564 —-
227 2538 299 2572 Pro
311 2541 406 2573 exuit
420 2538 586 2583 permulti
601 2537 617 2583 (
634 2545 669 2572 et
686 2538 772 2584 Reg.
788 2539 846 2583 B)

174 2592 296 2633 edelsin-
314 2590 499 2634 Heinsius,
517 2602 625 2635 quum
639 2591 675 2625 in
685 2591 847 2626 vetustio-

176 2642 272 2677 ribus
286 2641 302 2688 (
316 2649 355 2677 ut
370 2642 406 2677 in
421 2643 537 2679 codice
552 2643 663 2689 Regio
673 2642 847 2687 A)eru1’!f‚

171 2694 364 2739 suspicatur
378 2696 506 2730 obruit:
521 2694 644 2731 suadet
661 2694 850 2730 etiannDiae

173 2760 247 2791 gne
261 2749 408 2780 am’mmn
418 2760 527 2791 poenoe
542 2749 854 2790 congestaezndedevit

175 2802 288 2844 amm.
305 2798 484 2835 Caeterum
497 2803 591 2836 exuit
602 2803 751 2836 animam
760 2827 770 2844 ,
787 2799 852 2836 de-

909 1332 1023 1380 posito
1047 1345 1193 1379 corpore
1218 1339 1397 1379 tamquam
1421 1341 1535 1379 veste,
1553 1342 1594 1371 ut

908 1392 1002 1420 recte
1030 1385 1076 1419 ait
1094 1385 1252 1420 Lutatius
1277 1386 1318 1420 ad
1345 1386 1495 1421 Statium
1509 1414 1518 1431 ,
1538 1388 1592 1432 X,

908 1438 973 1486 943
984 1464 993 1480 ,
1013 1437 1071 1472 ubi
1090 1440 1296 1484 Exuiturque
1311 1443 1454 1474 animus.

954 1490 1025 1535 778.
1047 1491 1125 1525 Sati
1141 1503 1237 1525 nunc
1262 1497 1343 1526 sunt
1367 1491 1488 1527 incolae
1515 1494 1593 1527 Cu-

907 1544 992 1576 rium
1003 1568 1011 1582 ‚
1047 1542 1141 1577 urbis
1164 1543 1337 1588 primariae
1366 1544 1592 1580 Sabinorum.

907 1596 1149 1629 -Tacz‘tomm
1160 1623 1168 1637 ‚
1191 1595 1272 1640 quia
1288 1596 1443 1641 praedam
1456 1603 1593 1642 petunt.

909 1645 1067 1691 Quidam
1083 1646 1214 1682 habent
1226 1649 1433 1692 rapidorum,
1452 1654 1512 1682 aut
1527 1661 1593 1682 ra-

908 1700 1067 1734 bidorum.
1086 1717 1131 1725 —-
1149 1701 1296 1744 Corpora
1315 1700 1458 1744 melius,
1486 1713 1592 1745 quam

909 1751 1112 1795 Romanos,
1142 1751 1224 1797 quia
1250 1751 1293 1786 de
1315 1764 1439 1797 sopore
1464 1765 1594 1788 sermo.

910 1803 1020 1838 Hunc
1046 1803 1162 1838 locum
1192 1803 1388 1838 Priscianus
1408 1830 1417 1847 ,
1442 1804 1500 1838 lib.
1530 1805 1565 1840 ΙΙ
1580 1831 1590 1850 ,

909 1868 942 1900 p.
959 1856 1022 1890 582
1036 1881 1045 1898 ,
1063 1854 1145 1901 legit
1158 1855 1226 1890 ita:
1239 1862 1277 1889 ut
1290 1869 1462 1899 corpora..
1472 1883 1480 1891 .
1491 1858 1594 1891 Inva-

908 1910 1002 1949 dant,
1010 1914 1191 1953 portasque
1196 1916 1352 1952 premant
1358 1936 1367 1950 ‚
1387 1921 1473 1954 quas
1482 1911 1594 1955 objice

900 1960 1016 2004 fultas
1037 1961 1212 1995 Clauserat
1234 1962 1388 2003 Iliadem
1413 1968 1450 1996 et
1475 1961 1593 1998 laudat

909 2013 1020 2056 objice
1028 2012 1163 2056 fultas,
1190 2012 1225 2047 id
1241 2020 1292 2048 est
1304 2013 1458 2049 firmatas
1472 2041 1481 2058 ‚
1504 2027 1594 2049 mu-

910 2066 999 2099 nitas
1011 2078 1019 2099 :
1029 2078 1103 2100 non
1115 2065 1205 2100 male
1217 2080 1226 2108 3
1239 2065 1418 2109 Tibullus,
1434 2066 1451 2101 I
1464 2092 1473 2110 ‚
1486 2077 1515 2100 11
1526 2093 1536 2111 ,
1548 2067 1570 2102 6
1580 2093 1590 2112 ,

914 2118 1092 2151 Clauditur
1104 2124 1139 2151 ct
1150 2119 1235 2151 dura
1243 2119 1358 2162 janua
1369 2117 1467 2162 fulta
1489 2131 1566 2153 sera
1578 2130 1593 2161 ‚-

911 2169 1009 2215 Virg.
1026 2167 1170 2204 AEneid.
1188 2171 1280 2206 VIII
1293 2196 1302 2214 ‚
1322 2185 1384 2216 ²²7
1399 2197 1408 2214 ,
1417 2171 1594 2216 fultosque

908 2225 1047 2257 emuniit
1060 2222 1170 2267 objice
1187 2228 1304 2266 postes
1322 2234 1335 2265 ‚⁶
1360 2223 1488 2258 Noster
1513 2223 1594 2259 Art.

911 2275 1028 2311 Amat.
1047 2275 1082 2310 ΙΙ
1097 2301 1106 2318 ,
1130 2276 1214 2319 244,
1232 2268 1344 2319 Atque
1357 2279 1422 2309 crit
1436 2279 1593 2320 apposita

902 2329 1017 2373 janua
1020 2328 1120 2372 sulla
1133 2329 1401 2367 sera.—ll1'ades,
1422 2329 1594 2364 Romulus

912 2381 984 2416 Iliae
1002 2381 1093 2416 filius
1104 2389 1122 2425 ‚'
1133 2393 1210 2426 quae
1225 2381 1349 2415 eadem
1365 2381 1464 2416 Rhea
1477 2382 1594 2429 Sylvia

912 2433 1029 2475 dicta3
1056 2434 1148 2468 Fast.
1164 2433 1230 2476 IV,
1252 2434 1315 2477 543
1340 2433 1420 2467 vide
1441 2433 1592 2468 Perizo-

912 2487 1012 2522 nium
1042 2493 1078 2521 et
1105 2485 1216 2521 Rickii
1240 2485 1398 2531 epistolas
1423 2486 1593 2522 amoebeas

913 2538 957 2572 de
973 2551 1014 2572 ea
1031 2537 1074 2573 ad
1091 2536 1222 2572 AEliani
1242 2537 1326 2571 Var.
1343 2537 1434 2572 Hist.
1450 2545 1533 2573 tom.
1551 2539 1568 2574 I
1580 2566 1590 2582 ,

913 2603 988 2636 pag.
1004 2593 1068 2625 5ιο
1079 2602 1153 2634 sqq.
1168 2607 1212 2614 —
1223 2589 1295 2623 Pro
1307 2591 1467 2630 recludit,
1488 2591 1593 2637 vulgo

914 2644 979 2686 fet
995 2643 1030 2677 in
1050 2643 1168 2678 codice
1188 2642 1298 2688 Regio
1314 2641 1373 2687 Β)
1387 2645 1532 2679 reclusit.
1548 2663 1593 2672 -

913 2697 1086 2736 Saturnia,
1106 2695 1130 2730 J
1133 2707 1204 2730 uno
1219 2702 1373 2730 veterem
1390 2696 1478 2730 iram
1495 2710 1596 2731 exer-

915 2761 997 2785 cens
1012 2749 1118 2783 etiam
1135 2749 1172 2783 in
1189 2748 1312 2784 AEneae
1329 2756 1494 2795 posteros.

962 2801 1035 2846 784.
1046 2802 1224 2847 Nisiquod
1231 2808 1294 2837 etc.
1306 2801 1384 2837 vide
1396 2801 1438 2836 ad
1453 2801 1508 2845 11,
1521 2801 1597 2847 677.
