1820 3106
291 291 371 336 170

659 280 709 322 P.
751 281 985 325 OVIDII
1019 282 1323 330 NASONIS

283 368 352 415 Tu
378 369 506 417 toties
532 371 693 429 oreris,
717 373 933 440 viridique
956 375 1004 423 in
1028 377 1190 443 cespite
1213 397 1378 427 vernas.

284 446 347 493 Te
372 465 493 495 meus
517 461 616 497 ante
639 449 749 499 alios
775 453 949 515 genitor
973 453 1146 510 dilexit3
1172 465 1215 501 et
1235 455 1343 504 orbe

282 523 334 570 In
357 524 501 573 medio
526 527 659 593 positi
683 542 916 578 caruerunt
935 531 1117 596 praeside
1140 531 1331 599 Delphi;

283 601 402 648 Dum
424 603 544 651 Deus
565 607 790 664 Eurotan,
817 607 1179 674 immunitamque
1200 609 1446 675 frequentat

284 678 498 744 Sparten3
524 701 604 730 nec
628 683 827 743 citharae,
852 705 931 734 nec
956 698 1060 734 sunt
1081 686 1128 733 in
1148 686 1319 736 honore
1341 687 1521 749 sagittae.

1635 713 1695 746 170

281 755 517 805 Immemor
539 759 632 826 ipse
656 761 725 809 sui
745 781 835 810 non
858 763 966 811 retia
989 763 1100 812 serre
1123 776 1323 821 recusam

240 884 242 886 ,
280 830 385 879 Νοιι
409 835 596 885 tenuisse
617 857 768 897 canes;
794 859 886 888 non
909 859 989 908 per
1008 841 1110 906 juga
1134 841 1298 890 montis
1321 841 1463 907 iniqui

280 909 370 956 Isse
394 930 566 971 comes;
590 913 810 982 longaque
835 917 913 966 alit
934 916 1223 967 adsuetudine
1245 919 1451 967 flammas.

279 985 464 1051 Jamque
488 987 577 1037 fere
600 991 770 1040 medius
791 993 923 1041 Titan
941 993 1156 1043 venientis
1177 1007 1221 1043 et
1241 1007 1345 1043 actae

278 1109 362 1144 olim
383 1110 643 1158 ingrediebatur
668 1117 769 1156 initio
795 1120 894 1154 veris.
909 1139 954 1147 —

283 1165 420 1199 Vemas.
437 1166 671 1212 Olimflores‚·
695 1171 842 1206 alterum
858 1173 953 1207 Bur-

276 1228 427 1252 mannus
442 1220 572 1265 recepit
589 1234 628 1255 ex
646 1235 718 1256 uno
735 1223 952 1259 Leidensi.—-

281 1270 452 1315 Viridique
477 1275 512 1306 in
537 1277 669 1318 cespite.
698 1276 836 1310 Boschii
866 1276 952 1311 liber

273 1324 409 1365 vivoque
424 1326 460 1356 in
471 1328 607 1368 cespite,
628 1327 720 1370 quod
733 1327 811 1361 alibi
828 1341 951 1363 occur-

274 1372 320 1406 rit
329 1387 336 1414 ;
346 1373 423 1408 vide
437 1376 623 1410 Heinsium
636 1378 711 1411 :sed
724 1379 950 1414 Burmannus

273 1431 372 1469 putat
385 1427 604 1473 viridimagis
616 1430 804 1464 convenire
818 1437 860 1466 τῶ
875 1444 951 1464 ver-

275 1490 348 1513 nas.
359 1495 402 1504 ·-
410 1479 509 1524 Regii
522 1481 629 1515 nostri
643 1485 805 1526 viridique
817 1486 852 1517 ia
868 1496 949 1518 ces—

268 1532 339 1572 pite
337 1531 451 1574 stores.
462 1531 513 1564 Ea
525 1531 625 1566 lectio
640 1533 778 1568 videtur
789 1535 950 1580 vulgatis-

275 1581 360 1615 sima
374 1594 514 1623 3ver11as
525 1591 689 1629 argutum
705 1598 712 1620 ε
727 1586 813 1620 nihil
831 1593 948 1622 tamen

274 1634 496 1669 mutavimus.
507 1637 621 1669 Ed.—
630 1639 773 1672 Vernan-
783 1639 948 1683 exquisite

275 1685 317 1720 de
326 1685 468 1722 floribus
477 1688 592 1724 vernis
601 1701 608 1722 :
617 1690 694 1724 vide
706 1690 748 1725 ad
760 1690 830 1726 VII
841 1717 850 1734 ‚
864 1694 946 1735 2843

277 1736 504 1782 Claudianus,
513 1739 546 1773 d.
557 1740 577 1774 l.
590 1741 808 1788 Hyacinthus
818 1750 854 1778 et
863 1744 948 1778 Nar-

273 1790 375 1825 cissus
387 1794 505 1826 inclita
514 1796 662 1836 germina
677 1797 774 1828 veris.

320 1843 390 1888 167.
407 1844 440 1877 T
434 1856 453 1876 e
464 1857 555 1878 meus
565 1851 643 1879 autc
654 1847 751 1879 alios.
763 1847 869 1881 Pater
881 1845 948 1881 Or·

272 1893 352 1939 phei
369 1895 520 1941 OEagrus
533 1922 542 1939 ,
563 1910 622 1930 rex
643 1897 800 1932 Thraciae
816 1924 825 1940 ,
845 1899 947 1933 fuisse

271 1945 435 1980 creditur.
462 1936 533 1981 Sed
559 1955 593 1982 et
615 1948 671 1983 hic
696 1956 730 1983 et
755 1949 846 1994 apud
866 1950 947 1985 alios

272 2004 389 2042 poetas
404 1997 530 2043 Apollo
547 1998 641 2034 hunc
656 2007 771 2034 vatem
790 2001 946 2046 genuisse

272 2047 421 2082 traditur
431 2075 440 2092 ‚
458 2050 547 2084 forte
561 2051 640 2095 quia
653 2051 778 2096 Apollo
788 2053 851 2086 sub
863 2053 945 2087 (Εε-

271 2098 321 2144 gri
338 2098 448 2144 figura
465 2113 546 2134 cum
564 2101 718 2147 Calliopa
736 2103 921 2138 concubuit
936 2117 945 2145 ;

269 2149 347 2184 vide
361 2151 518 2186 Parrhas.
530 2153 571 2186 ad
582 2152 765 2189 Claudian.
776 2156 877 2189 Praes.
887 2156 922 2190 ΙΙ
934 2181 943 2199 ,

270 2203 314 2238 R.
326 2205 365 2239 P.
377 2211 455 2239 ante
467 2207 557 2240 alios
565 2233 573 2246 ,
593 2220 663 2251 prae
674 2209 946 2242 caeteris-Del-

264 2257 346 2299 phi,
364 2257 544 2292 oraculum
558 2258 778 2303 Delphicum.
789 2259 945 2304 Delphos

269 2311 305 2342 in
321 2311 427 2344 medio
439 2313 516 2344 orbe
528 2311 610 2345 sitos
625 2311 726 2346 fnisse
737 2337 746 2354 ,
764 2312 810 2346 ita
824 2312 945 2357 cogni-

269 2367 346 2395 tum
360 2368 421 2396 est.
431 2362 571 2407 Jupiter
584 2363 775 2407 Armigeros
787 2366 947 2407 utrimque

269 2417 353 2449 duos
362 2418 543 2461 equalibus
551 2419 619 2452 alls
628 2418 728 2452 Misit
733 2419 777 2452 ab
785 2418 880 2456 Eois,
893 2430 944 2450 oc-

269 2469 439 2512 ciduisque
450 2471 576 2512 plagis.
593 2471 784 2510 Parnassus
796 2472 945 2512 geminos

260 2518 374 2561 fertur
378 2519 540 2563 junxisse
558 2523 691 2561 volatus
707 2533 717 2554 :
735 2520 809 2555 hoec
830 2519 943 2554 Clau-

271 2569 393 2605 dianus
410 2571 511 2605 Praes.
527 2572 563 2606 in
582 2571 717 2607 Theod,
737 2572 842 2607 Cous.

316 2621 387 2668 169.
402 2624 563 2657 Eurotan.
574 2623 732 2658 Laconiae
744 2624 944 2659 fluvium.—

269 2672 488 2708 Immum'tam.
509 2674 665 2719 Quidam
678 2702 687 2719 ,
710 2683 855 2712 notante
872 2678 944 2711 Vi—

268 2723 397 2767 viano,
419 2728 624 2761 immutatam
642 2738 654 2768 ;
685 2727 751 2763 hoc
774 2735 825 2763 est
840 2755 848 2771 ‚
876 2741 943 2773 qua

272 2775 398 2821 Apollo
413 2789 597 2823 nunquam
611 2779 944 2815 discedebat.-Re-

1019 1121 1063 1166 gii
1079 1122 1189 1156 nostri
1207 1124 1415 1156 immunitam
1427 1146 1436 1161 ,
1457 1119 1552 1165 quod
1570 1132 1691 1155 verum

1017 1179 1089 1214 est,
1109 1181 1253 1218 propter
1266 1185 1408 1208 sensum
1426 1185 1531 1217 quem
1551 1172 1694 1217 explicat

1016 1224 1150 1259 doctiss.
1171 1227 1294 1269 Gien‘g.
1312 1225 1377 1259 Ed.
1390 1244 1435 1251 —-
1450 1225 1574 1270 Sparta
1590 1224 1693 1259 nullis

1016 1275 1124 1310 muris
1132 1275 1244 1311 cincta
1253 1303 1263 1320 ‚
1276 1277 1374 1320 quia,
1388 1276 1502 1322 judice
1511 1276 1671 1323 Lycurgo
1681 1301 1691 1318 ,

1017 1327 1107 1362 cives
1124 1329 1246 1361 armati
1264 1336 1298 1361 et
1310 1330 1417 1361 sortes
1430 1327 1626 1362 firmissima
1638 1340 1693 1362 ur-

1015 1380 1066 1414 bis
1080 1380 1311 1416 munimenta.
1330 1398 1374 1406 ·-
1386 1382 1464 1415 Nou
1478 1386 1560 1414 sunt
1575 1382 1612 1414 in
1630 1382 1694 1423 ko-

1015 1444 1109 1471 nore,
1130 1443 1203 1465 non
1219 1438 1316 1465 curat
1327 1431 1495 1466 citharam
1506 1438 1571 1466 etc.
1584 1430 1694 1467 Clau-

1015 1482 1137 1516 dianus
1149 1508 1158 1525 ,
1173 1483 1280 1527 Nupt.
1293 1483 1388 1518 Hon.
1401 1484 1449 1526 V,
1467 1483 1511 1519 de
1529 1482 1692 1518 Honorio

1015 1539 1153 1567 amante
1170 1545 1177 1567 :
1193 1535 1269 1567 Non
1283 1536 1341 1567 illi
1347 1541 1484 1568 venator
1495 1546 1607 1578 equus,
1625 1547 1693 1568 non

1012 1588 1142 1629 spicula
1159 1598 1270 1627 curoe;
1291 1598 1357 1619 non
1370 1586 1525 1627 jaculum
1545 1592 1693 1630 torquere

1011 1639 1101 1670 libet.
1109 1655 1151 1661 —
1158 1637 1302 1680 Sagitta.
1318 1635 1693 1680 Gronovianusphare-

1012 1696 1079 1723 tre.
1086 1706 1129 1715 —-
1137 1689 1237 1733 Regii
1250 1689 1359 1723 nostri
1374 1692 1516 1733 sagitta.

1061 1755 1072 1774 ι
1081 1755 1096 1787 7
1105 1754 1117 1774 1
1124 1767 1131 1774 .
1139 1743 1313 1775 Immemor
1319 1745 1388 1779 sui,
1404 1754 1474 1776 suae
1483 1741 1671 1785 majestatis
1678 1767 1688 1784 ‚

1013 1793 1124 1827 socius
1135 1800 1185 1827 est
1194 1792 1383 1838 Hyacinthi
1394 1793 1429 1827 in
1441 1799 1579 1828 venatu.
1589 1792 1689 1838 Idem

1014 1845 1168 1889 obsequii
1193 1845 1390 1890 exemplum
1413 1852 1465 1880 est
1488 1846 1579 1880 infra
1600 1858 1689 1880 vers.

1014 1897 1077 1930 533
1097 1909 1170 1941 sqq.
1192 1895 1337 1931 Heroid.
1354 1897 1407 1939 V,
1433 1909 1473 1943 ¹9
1491 1909 1565 1942 sqq.
1587 1898 1690 1931 Retia

1011 1962 1096 1992 ,ηερε
1111 1962 1218 1983 comes
1227 1951 1368 1984 maculis
1378 1952 1539 1984 distincta
1546 1952 1686 1989 tetendi,

1011 2005 1103 2047 Soepe
1114 2007 1201 2046 citos
1216 2007 1272 2047 egi
1277 2017 1341 2047 per
1345 2003 1433 2047 juga
1448 2006 1550 2047 longa
1564 2015 1665 2042 canes
1674 2016 1687 2043 ‚-

1013 2054 1088 2089 Art.
1108 2057 1224 2089 Amat.
1236 2056 1271 2090 ΙΙ
1284 2080 1293 2097 ,
1309 2056 1370 2100 ι89
1382 2080 1391 2095 ,
1406 2055 1497 2098 sepe
1507 2054 1687 2098 tulitjussa

1000 2106 1154 2149 fallacia
1164 2109 1248 2140 retia
1261 2109 1366 2149 collo‚·
1381 2105 1495 2140 Tibul.
1508 2106 1544 2149 Ι,
1557 2117 1608 2149 1v,
1622 2109 1684 2141 50:

1011 2159 1081 2192 Nec
1091 2184 1099 2199 ,
1111 2160 1202 2192 Dum
1211 2161 1360 2201 placeas,
1378 2160 1506 2192 humeri
1511 2161 1596 2192 mlta
1594 2157 1687 2202 ferre

1008 2211 1281 2253 flegma—Illam
1291 2212 1424 2253 miquus
1433 2235 1441 2249 ,
1459 2221 1558 2253 asper
1567 2235 1575 2248 ‚
1590 2221 1686 2244 saxo-

1010 2273 1066 2295 sus
1075 2286 1085 2303 ‚
1103 2260 1251 2295 difficilis
1263 2259 1411 2294 transitu
1422 2274 1430 2299 ;
1443 2263 1606 2303 asperitas
1618 2262 1690 2294 loci

1010 2318 1141 2359 iniqua,
1165 2315 1230 2358 1V,
1251 2316 1354 2349 Pont.
1371 2325 1409 2348 iv
1420 2340 1429 2356 ,
1442 2316 1612 2348 22.-Isse
1625 2328 1686 2349 co·-

1008 2377 1086 2399 mes.
1098 2365 1214 2410 Vulgo
1233 2367 1283 2409 (et
1297 2365 1334 2399 in
1352 2365 1477 2399 nostris
1489 2364 1620 2410 Regiis)
1633 2366 1686 2399 Ire

1009 2420 1354 2462 comes—Longaque
1362 2420 1436 2452 alit.
1455 2418 1587 2453 Erfurt.
1601 2418 1687 2453 lon·-

1010 2482 1120 2515 gaque
1141 2472 1255 2504 trahit.

1056 2535 1068 2555 ι
1077 2523 1125 2566 74.
1137 2521 1269 2555 Medius
1283 2522 1383 2555 Titan
1392 2523 1555 2555 venientis
1560 2526 1595 2555 ct
1602 2527 1686 2555 actae

1009 2574 1137 2606 Noctis.
1158 2571 1325 2606 Meridies
1339 2578 1414 2605 erat
1428 2584 1435 2606 ε
1449 2571 1496 2606 sic
1513 2572 1600 2606 libro
1611 2573 1664 2606 VI
1674 2598 1684 2614 ,

1008 2627 1074 2672 409
1084 2651 1092 2668 ,
1103 2625 1354 2668 jugulimedius
1364 2631 1400 2658 et
1406 2627 1541 2663 lacerti,
1559 2631 1594 2658 et
1604 2636 1685 2658 mox

1008 2689 1095 2711 vers.
1117 2677 1179 2710 233
1195 2701 1205 2718 ‚
1226 2676 1366 2709 medium
1384 2679 1499 2709 mortes
1506 2674 1661 2719 fugaequc
1673 2701 1683 2713 ,

1009 2729 1053 2763 de
1071 2741 1139 2774 qua
1160 2729 1293 2776 syntaxi
1310 2728 1387 2762 vide
1405 2728 1623 2763 Gronovium
1639 2728 1682 2762 ad

1010 2780 1148 2815 Livium
1160 2790 1279 2815 xxv111
1291 2806 1300 2823 ,
1316 2780 1347 2814 f».
1357 2799 1402 2806 —
1415 2781 1600 2822 Vem‘entis,
1618 2780 1681 2813 su·-
