1820 3106
300 257 1004 322 METAMORPHOSEON
1037 260 1177 305 LIB.
1215 261 1372 306 VIII.
1488 265 1544 307 35

110 353 174 401 At
195 351 382 417 gemini,
406 351 609 401 nondum
633 351 820 401 caelestia
843 352 1012 412 sidera,
1038 353 1220 417 fratres,

110 429 260 478 Ambo
283 430 537 497 conspicui,
561 430 662 480 nive
687 430 1021 480 candidioribus
1044 432 1175 481 ambo

111 509 412 558 Vectabantur
434 509 584 576 equis,
613 509 746 558 ambo
771 509 941 559 vibrata
963 529 1044 577 per
1064 530 1192 560 auras

113 586 349 637 Hastamm
373 586 562 636 tremulo
584 588 845 654 quatiebant
867 587 1038 655 spicula
1060 601 1200 638 motu.

110 663 307 713 Vulnera
330 664 564 724 fecissent3
593 666 681 715 nisi
705 666 868 729 setig'er
890 667 1008 715 inter
1033 686 1191 733 opacas
1206 706 1218 726 ,

109 741 202 790 Nec
221 741 378 812 jaculis
403 743 510 792 isset
532 763 614 793 nec
637 763 753 811 equo
779 744 876 792 loca
898 744 1046 811 pervia
1060 782 1072 803 ,
1095 742 1240 795 silvas.

109 818 397 886 Persequitur
417 819 660 880 Telamon,
687 822 927 890 studioque
952 822 1157 872 incautus
1181 823 1340 883 eundi,

107 897 284 946 Pronus
305 898 361 947 ab
383 898 566 949 arborea
590 900 747 948 cecidit
769 900 914 950 radice
938 912 1151 950 retentus.

106 978 228 1028 Dum
249 977 365 1037 levat
386 978 507 1027 hunc
529 978 688 1035 Peleus
701 1017 714 1038 ,
744 978 927 1028 celerem
948 980 1132 1042 Tegeaea
1154 980 1361 1043 sagittam
1482 997 1548 1030 38⁰

105 1056 330 1123 Imposuit
350 1074 510 1114 nervo,
535 1057 803 1123 sinuatoque
825 1056 996 1123 expulit
1019 1075 1136 1105 arcu.

106 1133 215 1182 Fixa
237 1133 321 1182 sub
344 1153 448 1183 aure
472 1134 553 1183 feri
578 1153 800 1183 summum
824 1134 1062 1197 destringit
1082 1135 1254 1183 arundo
1319 1183 1332 1198 Δ

109 1211 310 1278 Corpus,
339 1223 382 1260 et
407 1212 568 1274 exiguo
595 1212 814 1260 rubefecit
837 1212 1051 1274 sanguine
1076 1225 1203 1261 setas.

107 1289 201 1338 Nec
224 1301 372 1338 tamen
395 1288 470 1336 illa
494 1289 561 1337 sui
588 1308 794 1338 successu
819 1288 962 1338 laetior
983 1289 1124 1348 ictus,

107 1367 258 1431 Quam
280 1364 534 1430 Meleagros
555 1377 649 1416 erat
670 1385 680 1414 :
701 1366 874 1434 primus
897 1366 1060 1415 vidisse
1082 1378 1288 1434 putatur,

1481 1381 1545 1416 385

106 1446 170 1494 Et
190 1445 362 1512 primus
384 1444 517 1495 sociis
539 1443 683 1493 visum
707 1444 954 1495 ostendisse
977 1463 1177 1493 cruorem
1194 1482 1206 1503 ‚

105 1528 191 1587 Et,
214 1527 448 1589 meritum,
473 1526 661 1594 dixisse,
687 1526 802 1576 feres
823 1527 1003 1576 virtutis
1025 1527 1256 1576 honorem.

101 1610 336 1659 Erubuere
354 1609 460 1668 viri,
487 1629 622 1676 seque
646 1609 960 1669 exhortantur,
986 1621 1030 1659 et
1050 1610 1222 1660 addunt

103 1692 218 1742 Cum
239 1691 429 1742 clamore
451 1692 644 1750 animos,
666 1692 926 1759 jaciuntque
949 1693 1045 1742 sine
1067 1693 1222 1742 ordine
1247 1691 1333 1742 tela
1352 1712 1362 1740 ε

100 1775 255 1824 Turba
277 1785 412 1824 nocet
430 1774 581 1841 jactis,
606 1787 651 1824 et
665 1813 676 1833 ,
704 1794 817 1843 quos
840 1775 976 1842 petit,
992 1775 1192 1842 'impedit
1214 1776 1342 1824 ictus.

1477 1789 1542 1834 391·

100 1857 218 1907 Ecce
240 1856 394 1908 furens
418 1869 573 1907 contra
595 1876 675 1905 sua
697 1857 786 1909 fata
806 1852 1061 1924 bipennifer
1081 1857 1246 1915 Arcas,
1273 1900 1275 1902 ,
1330 1892 1334 1895 .

143 2000 219 2045 372.
243 2001 297 2035 At
312 2002 447 2045 gemini.
468 1999 596 2035 Castor
610 2006 647 2035 et
662 2000 787 2035 Pollux

100 2059 174 2098 με
198 2052 332 2088 caeteris
355 2053 602 2087 memorabiles
619 2079 629 2096 ,
656 2053 785 2098 quippe

102 2104 164 2149 qui
174 2105 397 2150 posteainter
405 2104 518 2140 sidera
531 2105 601 2140 sint
611 2104 721 2140 relati.
742 2105 784 2139 In

101 2155 144 2190 iis
169 2155 404 2192 describendis
429 2156 586 2202 pondere
612 2163 786 2191 numero-

103 2221 173 2255 que
188 2209 381 2244 verborum
401 2210 513 2244 utitur
527 2223 536 2246 :
559 2210 642 2246 hinc
656 2212 785 2246 hasta—

101 2276 173 2298 rum
182 2265 315 2308 spe’cula
325 2290 334 2304 ‚
349 2276 414 2309 pro
425 2263 530 2299 hastis
542 2278 551 2307 ς
563 2268 699 2300 vibrata
708 2277 788 2310 qua-

103 2318 236 2350 tiebant
255 2319 394 2351 tremulo
409 2324 501 2351 motu
512 2344 521 2358 ‚
552 2330 617 2362 pro
637 2331 708 2352 una
726 2318 785 2352 vi—

99 2368 268 2411 brabant3
299 2369 446 2403 verbum
464 2370 647 2404 sonantius
666 2377 784 2405 vecta-

100 2425 244 2466 bantur-‚⁰
255 2429 291 2457 et
304 2421 467 2468 repetitio
478 2423 645 2462 roffambo,
663 2422 701 2456 in
718 2434 786 2467 qua

99 2482 221 2510 tamen
259 2474 422 2508 eximiam
454 2480 676 2508 venustatem
703 2485 785 2508 cum

98 2529 310 2564 Burmanno
326 2527 483 2574 reperire
499 2528 785 2572 neque0.—Can-

98 2582 177 2615 didi
185 2583 264 2626 equi
274 2578 489 2627 Tyndaridis
508 2579 582 2614 dari
599 2578 758 2614 solebant
773 2605 782 2623 ,

99 2631 194 2667 unde
206 2645 225 2666 a
237 2631 380 2666 Pindar.
400 2632 438 2667 P.
457 2632 473 2666 I
488 2659 498 2676 ,
515 2645 589 2678 127,
607 2636 785 2671 lsuxorrch

99 2691 280 2719 vocantur.
289 2684 432 2718 Horum
440 2696 580 2729 quoque
592 2684 702 2729 jactus
712 2683 783 2717 ina—

100 2737 155 2772 nis
172 2736 429 2772 excusationem
441 2737 652 2771 merebatur.
661 2753 704 2762 —-
712 2736 783 2769 Pro

102 2791 314 2833 quatiebant,
334 2801 424 2825 unus
442 2788 623 2823 Mediceus
640 2795 674 2822 et
687 2788 783 2832 prior

852 2001 1047 2037 Twisdenii
1059 2028 1069 2045 ,
1081 2005 1270 2047 quatientes
1281 2028 1290 2041 ,
1314 1999 1409 2047 quod
1427 2000 1537 2046 placet

852 2054 1013 2089 Heinsio,
1035 2054 1155 2089 Nostri
1180 2053 1306 2099 Regii,
1330 2056 1535 2099 quatiebant.

895 2107 973 2142 380.
996 2108 1116 2142 Peleus
1141 2105 1340 2143 secundum
1372 2105 1534 2151 Apollod.

850 2160 982 2195 invitus
1002 2159 1200 2206 Eurytiona
1225 2157 1393 2193 interficit
1412 2172 1421 2199 ;
1442 2159 1535 2193 Ata-

850 2215 947 2247 lanta
956 2225 1042 2247 vero
1057 2212 1171 2258 prima
1193 2223 1319 2266 aprum
1338 2214 1379 2250 εἰς
1397 2212 1437 2246 τὰ
1452 2217 1534 2247 νῶτα

852 2267 986 2310 ἐτόξευσε
1000 2275 1009 2284 ’
1029 2267 1161 2315 δεύτερος
1183 2268 1215 2299 δὲ
1233 2264 1415 2312 ᾼμγιοέραος
1427 2266 1470 2302 εἰς
1485 2267 1534 2298 τᾶν

853 2319 1011 2364 ὅφθαλμᾶν.

894 2370 968 2404 385.
985 2370 1118 2404 Primus
1131 2369 1258 2402 vidtkse
1268 2372 1416 2410 putatur.
1435 2364 1534 2399 Con-

848 2422 1034 2457 venienter
1047 2419 1159 2454 amori
1173 2445 1182 2462 ‚
1202 2430 1272 2463 quo
1286 2417 1429 2451 ardebat
1447 2416 1531 2450 Me·

850 2474 975 2520 leager.
994 2490 1038 2499 ·--
1060 2473 1246 2510 Honorem,
1275 2468 1470 2514 praemium.
1487 2471 1530 2504 Τὸ

849 2527 999 2575 ἀριστῶν
1010 2525 1217 2570 promiserat
1230 2522 1370 2556 OEneus
1379 2547 1389 2566 ,
1409 2534 1529 2557 secun-

851 2578 937 2613 dum
956 2577 1223 2623 Apollodorum.

894 2631 969 2665 388.
996 2632 1161 2664 Erubuere
1188 2631 1274 2672 w‘ri5
1295 2627 1420 2674 puduit
1442 2628 1533 2663 viros

849 2683 957 2718 sortes
970 2694 1094 2727 aprum
1107 2695 1124 2716 a
1139 2681 1272 2728 virgine
1285 2681 1441 2727 primum
1454 2681 1533 2716 suis-

850 2748 884 2770 se
899 2746 1112 2780 percussum.
1128 2735 1193 2767 Ed.
1585 2734 1587 2736 ’

894 2787 968 2834 39¹·
993 2785 1193 2832 Bepenntset
1219 2786 1353 2828 Arcas‚·
1386 2783 1529 2828 Euripi-
