1820 3106
244 275 333 332 554

624 276 678 319 P.
719 274 959 322 OVIDII
996 276 1299 324 NASONIS

245 368 372 432 Quid
396 368 478 418 tibi
501 367 777 429 Barbariem,
804 382 1041 438 gentesque
1064 371 1120 420 ab
1141 384 1332 440 utroque
1346 373 1537 439 jacentes

247 447 427 495 Oceano
441 485 453 505 ‚
480 448 739 496 numerem?
764 447 1076 515 quodcumque
1098 449 1342 498 habitabile
1365 450 1496 500 tellus

1599 465 1668 503 830

206 571 225 581 t
245 523 465 583 Sustinet,
492 524 626 590 hujus
649 524 732 573 erit
751 545 761 573 :
782 537 949 592 pontus
973 546 1153 593 quoque
1178 528 1334 576 serviet
1351 527 1432 577 illi.

244 601 357 650 Pace
382 601 481 650 data
506 602 658 661 terris,
682 603 956 652 animum.ad
978 603 1120 652 civilia
1139 616 1279 653 vertet

244 680 352 727 Jura
377 698 504 729 suum
519 717 531 739 ‚
556 679 762 748 legesque
787 681 898 729 feret
917 680 1188 746 justissimus
1208 692 1362 730 auctor
1379 718 1392 741 ‚

244 756 550 824 Exemploque
574 777 656 807 suo
678 777 822 807 mores
844 769 970 821 reget
989 778 1000 806 :
1020 758 1155 824 inque
1177 758 1316 806 futuri

245 835 481 901 Temporis
506 848 698 895 aetatem,
722 848 1095 902 venturorumque
1118 847 1330 902 nepotum
1601 850 1670 888 835

246 912 548 980 Prospiciens,
572 913 741 980 prolem
767 925 916 962 sancta
938 913 991 962 de
1014 914 1201 979 conjuge
1220 925 1367 962 natam

245 990 378 1039 Ferre
403 991 560 1050 simul,
587 1011 837 1059 nomenque
862 1011 1015 1051 suum,
1039 1011 1250 1059 curasque
1270 991 1476 1058 jubebit:

246 1068 339 1115 Nec
353 1105 364 1125 ,
388 1067 475 1115 nisi
499 1087 636 1134 quum
662 1068 808 1117 senior
827 1067 992 1117 similes
1015 1069 1252 1135 aequaverit
1273 1088 1440 1128 annos,

244 1147 467 1196 AEtherias
491 1148 640 1206 sedeS‚
668 1160 942 1216 cognataque
963 1148 1105 1198 sidera
1129 1160 1292 1211 tanget.

245 1225 372 1272 Hanc
395 1224 582 1272 animam
603 1225 769 1274 interea
791 1244 902 1274 caeso
927 1225 980 1274 de
1005 1244 1191 1292 corpore
1212 1236 1384 1291 raptam

1603 1238 1671 1286 ³40

243 1301 329 1348 Fae
351 1300 504 1365 jubar,
531 1312 582 1349 ut
604 1320 775 1368 semper
796 1301 1016 1368 Capitolia
1037 1313 1191 1350 nostra
1214 1301 1453 1368 forumque

245 1376 388 1424 Divus
411 1376 466 1424 ab
490 1377 657 1427 excelsa
675 1389 928 1444 prospectet
945 1377 1093 1426 Julius
1114 1396 1224 1426 arce.
1249 1399 1273 1420 »

246 1475 248 1477 >
310 1453 397 1501 Vix
420 1472 470 1502 ea
492 1453 608 1502 fatus
630 1466 747 1512 erat,
768 1454 911 1502 media
936 1473 1073 1521 quum
1100 1454 1201 1502 sede
1226 1465 1403 1503 senatus

245 1531 460 1580 Constitit
480 1530 594 1579 alma
616 1533 765 1581 Venus
781 1568 793 1589 ‚
819 1531 931 1579 nulli
951 1532 1167 1579 cernenda
1183 1568 1195 1588 ,
1223 1532 1382 1597 suique

247 1609 430 1657 Caesaris
457 1608 619 1675 eripuit
640 1609 850 1657 membris
865 1646 876 1667 ,
901 1627 983 1656 nec
1005 1608 1052 1655 in
1077 1626 1175 1656 aera
1195 1607 1306 1655 solvi

1602 1619 1669 1666 84⁵

242 1686 376 1734 Passa
393 1698 612 1734 recentem
635 1686 846 1743 animam,
871 1685 1120 1734 caelestibus
1140 1684 1292 1732 intulit
1316 1684 1460 1732 astris.

244 1764 453 1830 Dumque
478 1763 600 1822 tulit,
624 1782 787 1812 numen
811 1781 986 1829 capere,
1012 1773 1143 1828 atque
1165 1763 1388 1824 ignescere
1411 1760 1573 1819 sensit,

245 1842 494 1909 Emisitque
519 1842 619 1891 sinu
645 1861 655 1890 ε
679 1841 784 1891 luna
808 1840 924 1890 volat
948 1840 1081 1890 altius
1106 1839 1180 1888 illa
1196 1878 1208 1899 ,

289 1972 362 2022 829'.
371 1976 552 2015 Barbaria,
569 1980 739 2009 monente
751 1974 926 2008 Burman-

990 1987 1065 2009 non
1090 1973 1282 2008 admodum
1299 1972 1424 2018 longus
1446 1972 1526 2007 vitae
1546 1972 1671 2007 termi-

244 2038 313 2069 no,
332 2033 425 2060 totus
441 2033 570 2061 tractus
593 2033 769 2061 terrarum
782 2052 794 2071 „
820 2038 927 2071 quem
992 2039 1059 2060 nus
1068 2026 1294 2071 promittatur
1306 2025 1466 2070 Augusto
1478 2051 1487 2069 ,
1503 2023 1670 2059 Heinsius

243 2077 380 2112 barbari
396 2078 516 2124 populi
533 2085 667 2114 tenent.

288 2130 363 2164 833.
379 2130 528 2171 Auctor,
544 2130 738 2176 legislator,
758 2136 797 2165 ut
807 2130 923 2173 VIII,

248 2194 321 2216 101.
335 2181 525 2217 Suetonius
539 2208 550 2226 ,
570 2182 660 2228 Aug.
684 2182 749 2225 34:
771 2196 789 2212 (ι
812 2182 923 2227 Leges

245 2249 263 2265 »
282 2235 480 2270 retractavit
498 2262 506 2279 ,
532 2242 567 2270 et
582 2235 749 2281 quasdam
766 2249 807 2270 ex
823 2236 922 2271 inte-

246 2301 263 2317 »
283 2300 345 2333 gro
361 2288 482 2322 sanxit.
494 2302 511 2317 »
525 2287 627 2323 Idem
638 2289 679 2322 32
693 2301 701 2322 :
716 2303 732 2318 α
751 2288 922 2334 Pleraque

244 2354 263 2370 »
283 2340 419 2385 pessimi
437 2340 585 2385 exempli
601 2340 749 2375 correxit
761 2366 770 2384 ,
784 2347 847 2375 etc.
862 2355 878 2371 >1

288 2393 362 2427 836.
391 2395 543 2433 Prolem,
572 2393 776 2436 Tiberium,
802 2399 924 2427 sancta

244 2448 286 2480 de
313 2447 453 2490 conjuge
469 2474 476 2488 ‚
503 2446 600 2481 Livia
612 2473 622 2491 ,
652 2453 786 2488 natam,
816 2459 923 2491 quam

244 2507 485 2545 praegnantem
510 2513 529 2534 a
554 2501 697 2535 Nerone
724 2500 822 2534 duxit
839 2500 922 2534 Au·—

245 2559 374 2596 gustus.
380 2554 555 2587 -Sancta
570 2552 726 2587 solemne
742 2551 922 2598 epitheton

245 2605 435 2639 mulierum
460 2612 632 2640 castarum
656 2612 691 2639 et
708 2604 895 2650 probarum
911 2630 920 2648 ,

246 2657 351 2691 etiarn
369 2658 405 2691 in
419 2657 669 2693 monumentis.

291 2710 364 2743 838.
376 2711 460 2750 Nec,
472 2713 544 2744 ηιίτι
550 2723 646 2755 quum
657 2713 838 2745 senioretc.
850 2709 925 2744 Jul.‘

248 2760 365 2795 Caesar
375 2788 383 2804 ,
403 2774 513 2806 quum
526 2762 805 2806 interficeretur,
821 2764 923 2796 natus·

245 2819 320 2846 erat
344 2825 454 2847 annos
482 2813 534 2848 56.
568 2813 692 2858 Quum
717 2814 822 2860 igitur
841 2812 875 2847 h.
899 2813 922 2847 l.

987 2078 1127 2119 suadet,
1144 2091 1242 2123 quum
1259 2081 1372 2112 senior
1382 2078 1500 2124 Pylios
1514 2089 1667 2122 aequave-

988 2135 1034 2167 rit
1051 2143 1169 2166 annos.
1192 2129 1300 2165 Certe
1324 2131 1442 2177 Pylios
1462 2142 1571 2164 annos
1590 2128 1669 2163 Au·-

989 2190 1089 2228 gusto
1109 2188 1271 2228 precatur
1287 2182 1416 2217 Noster
1435 2181 1541 2215 etiam
1564 2180 1669 2215 Pont.

989 2236 1050 2277 ΙΙ,
1071 2245 1143 2268 vm
1155 2260 1165 2278 ,
1182 2236 1220 2278 41
1236 2261 1245 2277 ,
1263 2241 1299 2269 et
1312 2235 1347 2267 V
1363 2233 1468 2268 Trist.
1481 2245 1524 2277 ν,
1542 2232 1596 2267 62.
1609 2231 1669 2267 Cf.

988 2287 1141 2322 Martial.
1164 2287 1218 2322 IV
1237 2312 1246 2330 ,
1280 2285 1398 2331 Epigr.
1427 2296 1468 2326 13
1496 2284 1613 2327 VIII,
1638 2298 1668 2318 α.

990 2340 1116 2385 Quum
1140 2338 1237 2374 MSS
1262 2337 1405 2383 quidam
1423 2340 1556 2382 patrios
1577 2348 1668 2381 prae-

985 2392 1122 2436 ferant,
1142 2391 1293 2427 Lenzius
1308 2387 1449 2434 suadet‘,
1461 2392 1594 2435 patrios
1608 2401 1669 2422 su-

981 2448 1147 2490 peraverit
1156 2457 1275 2479 annos.

1043 2499 1117 2541 842.
1155 2498 1307 2531 Excelsa
1340 2508 1417 2530 arce
1446 2493 1595 2540 praefero
1626 2490 1668 2528 ei

987 2550 1127 2586 Thuan.
1142 2549 1212 2583 MS
1227 2575 1236 2592 ,
1261 2555 1303 2584 τῶ
1320 2549 1591 2582 ‹eda—Excelsa
1603 2559 1675 2580 arx-

988 2608 1039 2636 est
1057 2601 1191 2636 caelum.
1208 2599 1301 2634 Alibi
1319 2626 1328 2643 ,
1355 2612 1484 2633 summa
1505 2611 1578 2632 arx.
1601 2596 1666 2632 Si-

988 2654 1078 2689 milis
1095 2653 1269 2689 sententia
1283 2652 1318 2686 i'n
1337 2651 1479 2697 Epiced.
1495 2651 1602 2686 Drusi
1617 2663 1665 2684 vs.

988 2709 1027 2743 61
1048 2721 1055 2742 :
1084 2723 1101 2738 «
1125 2720 1262 2742 summa
1285 2719 1382 2741 sacer
1402 2705 1457 2740 ille
1483 2705 1612 2739 locatus
1627 2704 1667 2737 in,

988 2775 1007 2792 »
1026 2773 1103 2796 arce
1119 2787 1128 2804 ‚
1149 2761 1221 2795 Res
1237 2759 1421 2794 hominum
1440 2771 1480 2791 ex
1495 2763 1571 2791 tuto
1587 2768 1666 2790 cer·-

989 2826 1007 2843 »
1025 2825 1110 2848 nere
1122 2811 1244 2857 dignus
1254 2817 1338 2847 erat.
1352 2809 1499 2847 »V.Vol.
1510 2809 1539 2853 1,
1549 2808 1675 2853 p.41<o„.
