1820 3106
415 238 1122 288 METAMORPHOSEON
1153 240 1285 283 LIB.
1321 240 1383 283 X.
1535 241 1614 283 155

179 338 398 404 Famaque
419 335 458 384 si
481 345 671 383 veterem
694 352 789 381 non
814 345 881 382 est
901 332 1088 383 mentita
1111 333 1311 400 rapinam
1328 370 1340 391 ‚

179 420 276 468 Vos
295 434 474 484 quoque
489 413 639 480 junxit
656 414 826 463 Amor:
846 432 928 480 per
941 432 1023 476 ego
1041 412 1135 461 haec
1151 412 1250 461 loca
1268 411 1401 479 plena
1420 411 1616 468 timoris.

181 497 269 546 Per
291 494 441 544 Chaos
463 493 562 542 hocs
573 493 733 556 ingens
749 530 760 551 ‚
789 492 991 559 vastique
1016 491 1193 540 silentia
1213 490 1368 554 regni,
1579 506 1622 538 30

551 551 572 581 O

180 572 444 643 Eurydices,
470 591 549 621 oro
567 609 579 631 ‚
602 582 842 639 properata
864 569 1050 636 retexite
1073 570 1176 618 sata.

181 650 346 701 Omnia
366 649 581 699 debemur
604 648 763 708 vobis3
787 647 1061 715 paulumque
1084 646 1272 705 morati,

179 728 332 777 Serius
357 739 435 777 aut
457 727 590 777 citius
613 726 763 776 sedem
787 744 1082 794 properamus
1106 725 1162 774 ad
1184 743 1335 772 unam.

177 806 425 856 Tendimus
447 806 537 856 huc
560 825 739 865 omnes,
763 805 858 854 haec
883 816 951 853 est
974 803 1136 852 (lomus
1160 802 1342 861 ultima3
1366 821 1538 869 vosque

177 945 232 975 rat
246 938 369 975 dolens
382 939 749 985 Orpheus—Dubito,
766 945 864 974 certo
918 941 991 985 fila
1011 945 1095 974 sunt
1115 965 1125 982 ‚
1155 950 1234 983 quae
1256 942 1490 984 properanter
1507 936 1625 971 absci—

177 1005 252 1028 non
266 992 338 1028 scio
350 1018 360 1036 ,
378 999 419 1027 ut
435 991 509 1028 V11
523 1018 533 1036 ,
550 990 627 1038 677.

219 1047 273 1081 28.
293 1047 441 1081 Veterem
456 1048 613 1090 rapinam
627 1058 670 1079 ex
680 1057 754 1079 uno
765 1044 866 1079 Vati-

165 1110 267 1133 cano
283 1097 380 1133 dedit
395 1097 627 1133 Burmannus
638 1123 648 1141 ,
667 1110 731 1143 pro
746 1098 867 1132 veteris·

176 1152 314 1196 rapina,
336 1157 376 1185 ut
390 1152 531 1185 mentita
543 1149 678 1184 dictum
691 1156 781 1185 esset
795 1162 867 1195 pas-

177 1204 249 1239 sive
262 1230 271 1247 ,
290 1202 386 1249 quod
399 1214 473 1237 non
488 1202 695 1238 inusitatum
709 1201 790 1237 :sed
801 1202 868 1236 ele·

179 1256 318 1303 gantius
344 1263 380 1290 et
402 1255 514 1302 magis
539 1255 718 1301 poeticum
734 1281 743 1298 ‚
762 1253 869 1298 fama

179 1311 321 1343 mentita
328 1315 382 1343 est
388 1335 397 1349 ,
405 1308 508 1343 finxit
517 1334 527 1352 ,
538 1311 692 1352 rapinam
703 1307 868 1342 —Ambo

181 1361 292 1397 nostri
305 1361 540 1409 Regiiveteris
552 1364 689 1406 rapinoe.
700 1378 745 1388 ·-·
756 1362 870 1405 Bapt-

181 1429 262 1451 mnn
272 1415 369 1450 illam
383 1415 514 1452 Noster
525 1415 653 1450 cecinit
668 1426 774 1460 supra
788 1440 798 1458 ,
818 1414 869 1448 li·-

181 1468 247 1503 bro
260 1469 309 1512 V,
322 1469 386 1512 341
403 1469 600 1514 sqq—Vos
614 1480 740 1513 quoque
747 1467 874 1510 jum-it

180 1522 304 1558 Amor.
312 1522 553 1557 Bersmannus
569 1527 604 1557 et
618 1533 711 1555 unus
729 1519 869 1555 Heinsii

180 1577 269 1610 vicit
274 1574 396 1618 Aaron
406 1572 480 1608 duo
489 1572 739 1609 v1'rtxt't.Codex
748 1580 870 1608 noster

180 1626 314 1673 Regius
326 1625 359 1662 A
370 1653 380 1671 ‚
393 1629 529 1669 vinxit,-
547 1625 670 1662 Codex
681 1627 712 1661 B
722 1652 732 1670 ,
738 1627 869 1670 junxit.

180 1681 248 1715 Per
259 1693 320 1725 ego
330 1682 403 1715 hac
411 1683 490 1715 loca
498 1687 563 1715 etc.
578 1678 675 1715 Cum
691 1680 785 1726 gravi
802 1680 869 1714 ob-

177 1733 366 1768 testatione
382 1733 569 1768 consilium
585 1746 691 1768 suum
706 1732 870 1778 exponit:

179 1784 386 1834 Eurydicen
395 1785 434 1820 in
441 1785 550 1820 vitam
557 1785 872 1820 reddite—Chaos

182 1851 273 1884 saepe
283 1838 483 1873 inferorum
495 1837 717 1873 domicilium
728 1864 737 1882 ,
750 1844 791 1872 ut
800 1838 873 1872 He-

177 1890 267 1928 siodi
283 1890 469 1937 Theogon.
481 1903 585 1925 versu
602 1902 667 1936 7oo
687 1916 697 1934 ,
716 1890 777 1925 ubi
791 1889 873 1925 vide

184 1943 302 1979 Graev.
325 1951 362 1978 et
377 1943 526 1979 Gesner.
551 1942 593 1977 ad
613 1940 799 1978 claudian.
818 1942 872 1987 V,

184 1998 261 2032 525.
277 2015 322 2023 —
339 1998 376 2032 V
369 1999 500 2042 astique
516 1998 654 2031 silentia
667 1999 770 2041 regni.
789 1996 874 2030 Duo

172 2049 325 2085 ⁴Bonon.
337 2057 373 2085 et
383 2062 475 2084 unus
486 2049 621 2084 Mureti
629 2051 769 2084 silentia
779 2062 876 2083 mun-

182 2105 231 2138 dt.
245 2121 291 2131 -
307 2103 410 2149 Regii
423 2103 536 2138 nostri
550 2130 560 2148 ,
584 2106 682 2148 regni
691 2114 703 2145 ;
731 2103 875 2138 alterius

182 2169 307 2192 sensus
323 2163 376 2192 est
392 2155 529 2192 dubius.
546 2158 612 2191 Ed.
631 2174 676 2183 —-
690 2158 877 2201 properata

174 2208 261 2253 sata
276 2208 410 2243 habent
428 2220 553 2243 omnes
576 2209 651 2243 sere
675 2208 774 2243 MSS
806 2210 820 2252 (
840 2215 877 2243 et

184 2260 299 2296 nostri
322 2260 426 2306 Regii
444 2258 461 2306 )
485 2259 580 2295 unde
599 2260 768 2296 Heinsius
789 2260 875 2295 illud

185 2313 318 2359 accepit
338 2325 404 2359 pro
415 2320 598 2358 properata
607 2315 679 2358 fila
695 2327 705 2348 :
721 2321 757 2349 et
772 2314 877 2348 intel-

183 2365 369 2412 ligendum
384 2373 437 2401 est
448 2373 697 2412 praematuram
710 2375 877 2403 mortem.

184 2421 445 2465 Properatafila
464 2432 507 2453 ex
516 2432 582 2453 usu
596 2418 724 2465 linguae
737 2420 855 2454 forent
865 2445 875 2463 ‚

188 2484 267 2518 quae
289 2479 526 2518 properanter
544 2478 718 2506 neverant
735 2472 876 2516 Parcae,

185 2532 228 2559 ut
246 2531 434 2570 properata
460 2527 593 2560 tabellae
609 2551 619 2565 ‚
646 2532 879 2570 properanter

187 2577 327 2623 scriptu
337 2604 348 2621 ,
361 2578 414 2612 IX
427 2604 437 2621 ‚
457 2577 522 2612 586
535 2603 544 2620 ,
563 2584 598 2611 et
602 2584 782 2621 properata
796 2583 879 2612 sta-

187 2633 281 2664 mina
294 2657 303 2671 ,
324 2630 382 2674 11,
401 2629 481 2665 Sab.
498 2630 550 2665 83.
572 2630 664 2665 Nam
678 2643 873 2674 properare,

190 2689 231 2717 ut
250 2684 413 2726 σπεὺθειν,
435 2690 670 2728 properanter
693 2682 880 2718 conficere.

190 2734 363 2769 Similiter
366 2735 552 2780 fistinarc,
572 2742 611 2770 ut
622 2735 675 2770 XI
686 2761 695 2779 ‚
709 2735 775 2782 576
786 2761 795 2779 ,
803 2735 882 2780 ses-

190 2790 299 2822 tinare
319 2795 437 2824 vesles.
456 2787 594 2824 Verum
611 2787 645 2824 h.
665 2787 686 2823 l.
699 2795 882 2833 properata

932 991 1060 1027 derant
1071 991 1190 1026 Parcae
1201 1017 1210 1034 ,
1223 989 1319 1036 quod
1330 989 1463 1023 durum
1474 988 1625 1023 videtur.

933 1043 1083 1089 Proprie
1091 1045 1163 1089 fila
1184 1048 1396 1081 retexuntur,
1414 1041 1475 1076 sed
1489 1041 1625 1086 poetice

934 1105 970 1133 et
986 1097 1067 1133 satis
1082 1097 1262 1142 eleganter
1280 1122 1290 1140 ,
1318 1095 1380 1130 ubi
1401 1094 1443 1129 ad
1460 1094 1519 1129 fila
1536 1095 1628 1129 Par-

934 1164 1056 1186 carum
1074 1149 1241 1185 alluditur
1254 1175 1263 1193 ,
1281 1148 1488 1193 etiamsata.
1501 1148 1625 1193 Itaque

934 1203 1002 1238 hoe
1015 1202 1142 1248 recepi.
1156 1200 1264 1247 Apud
1277 1200 1432 1236 Statium
1445 1226 1455 1244 ,
1473 1199 1531 1234 lib.
1547 1200 1603 1234 ΙΙΙ
1614 1225 1625 1243 ,

936 1257 1019 1292 Silv.
1035 1267 1081 1291 111
1093 1282 1103 1300 ‚
1123 1269 1176 1290 20.
1192 1257 1313 1290 Parcae
1328 1242 1497 1290 dicuntur
1506 1257 1628 1289 celeres

932 1312 1095 1354 genitoris
1112 1321 1223 1343 annos
1235 1320 1446 1353 properasse.

979 1363 1032 1398 32.
1055 1363 1180 1397 Omnia
1194 1364 1358 1397 debemur.
1375 1361 1493 1407 Vulgo
1510 1359 1525 1407 (
1539 1367 1574 1395 et
1589 1360 1627 1394 in

931 1415 1061 1450 nostris
1073 1414 1193 1460 Regiis
1206 1413 1421 1460 codicibus)
1436 1417 1551 1448 omnia
1568 1416 1629 1447 de—

932 1472 1067 1513 bentur;
1081 1476 1117 1504 et
1128 1470 1175 1504 ita
1186 1475 1352 1515 potuerat
1362 1468 1479 1503 dicere
1489 1495 1499 1512 ‚
1511 1467 1547 1502 id
1561 1474 1627 1510 est,

935 1522 1057 1557 omnia
1072 1522 1222 1557 obnoxia
1234 1528 1317 1557 sunt
1328 1523 1435 1556 vobis.
1449 1519 1522 1555 Sed
1538 1532 1628 1565 quo-

933 1575 1031 1610 niam
1054 1588 1119 1611 nos
1144 1575 1209 1621 ipsi
1231 1575 1268 1609 in
1294 1575 1360 1609 illis
1383 1576 1539 1609 omnibus
1559 1585 1627 1608 su·-

933 1641 1031 1672 mus,
1045 1635 1233 1674 propterea
1245 1627 1372 1662 melius
1385 1634 1450 1670 est,
1464 1629 1627 1661 debemur.

935 1681 1048 1716 Paulo
1069 1688 1150 1715 ante
1163 1707 1173 1724 ,
1193 1681 1359 1726 quidquid
1370 1681 1512 1714 mortale
1525 1690 1628 1712 crea—

935 1747 1010 1768 mur
1016 1745 1028 1776 ‚·
1046 1733 1081 1766 V
1093 1759 1103 1777 ,
1127 1733 1191 1777 343
1204 1759 1213 1776 ,
1240 1734 1369 1767 Cereale
1383 1744 1499 1766 sumus
1516 1734 1630 1765 omnia

936 1800 1057 1822 munus
1068 1800 1080 1831 ‚·
1097 1786 1271 1822 Horatius
1282 1786 1360 1821 Art.
1374 1787 1476 1821 Poet.
1486 1785 1529 1819 62
1540 1811 1549 1828 ,
1560 1785 1633 1818 De-

937 1844 1052 1876 bemur·
1064 1844 1240 1875 martinos
1255 1845 1444 1884 nostraque.
1464 1839 1558 1873 Rem
1575 1837 1633 1883 ip·-

937 1906 1014 1929 sam
1038 1893 1177 1939 copiose
1202 1892 1364 1927 tractavit
1390 1890 1608 1926 Claudianus
1621 1917 1631 1933 ‚

939 1948 983 1983 R.
997 1948 1038 1983 P.
1053 1947 1090 1982 11
1104 1974 1113 1991 ‚
1133 1947 1200 1990 234
1212 1959 1339 1992 sqq.—
1348 1945 1519 1980 Heinsius
1531 1945 1631 1979 vole—

937 2001 998 2036 bat
1008 2000 1074 2035 hoc
1086 1999 1163 2034 loco
1173 1999 1281 2034 etiam
1293 2005 1435 2040 morata,
1448 1997 1543 2044 quod
1554 2010 1629 2032 non

939 2060 992 2088 est
1008 2065 1161 2087 necesse.
1177 2052 1347 2098 Neglecto
1363 2058 1405 2098 τῷ
1416 2053 1532 2085 omnia
1547 2063 1631 2085 sen-

938 2117 1018 2139 sum
1033 2103 1298 2150 potiuscuravit
1311 2110 1414 2149 poeta
1426 2129 1435 2146 ,
1448 2115 1556 2148 quam
1567 2115 1631 2148 ge—

940 2171 1007 2192 nus
1024 2157 1495 2205 grammaticum.—Morati‚
1512 2162 1553 2190 ut
1564 2156 1633 2189 via·

940 2216 1055 2254 tores,
1076 2210 1136 2256 qui
1161 2213 1292 2245 morad
1310 2208 1492 2244 interdum
1517 2208 1633 2243 solent

940 2261 978 2295 in
995 2261 1079 2297 locis
1101 2261 1206 2308 gratis
1220 2288 1229 2306 ,
1256 2268 1292 2296 et
1311 2260 1440 2295 deinde
1451 2264 1638 2305 properant

943 2314 984 2349 ad
1003 2315 1122 2350 locum
1139 2315 1383 2350 constitutum.
1395 2333 1438 2339 —
1452 2314 1563 2348 Serius
1574 2318 1636 2346 aut

942 2371 1054 2403 citius.
1079 2368 1251 2402 Horatius
1265 2393 1274 2411 ,
1294 2367 1330 2401 ΙΙ
1347 2393 1357 2410 ,
1381 2365 1452 2400 Od.
1474 2375 1520 2399 111
1534 2391 1543 2408 ‚
1567 2365 1610 2399 26
1623 2390 1632 2407 ,

941 2423 1049 2454 scrius
1065 2422 1172 2454 ocius.
1192 2420 1276 2454 Non
1293 2425 1502 2464 perpetuam
1518 2417 1635 2462 jactu-

943 2484 1020 2506 ram
1033 2472 1163 2507 facietis
1174 2499 1183 2515 ‚
1202 2471 1264 2506 sed
1279 2470 1452 2504 reddetur
1463 2469 1560 2503 vobis
1569 2480 1635 2504 suo

943 2531 1117 2569 tempore.
1145 2523 1185 2559 ld
1214 2522 1379 2568 exprimit
1405 2521 1590 2557 sententiis
1614 2534 1634 2556 e

944 2578 1056 2622 poetis
1070 2602 1079 2619 ,
1093 2583 1152 2610 aut
1165 2589 1184 2610 e
1205 2576 1274 2610 vita
1288 2575 1474 2610 communi
1486 2574 1611 2610 sumtis
1625 2589 1633 2616 ;

945 2630 1005 2665 sed
1025 2637 1159 2664 temere
1175 2629 1367 2664 cumulavit
1380 2628 1572 2664 sententias
1586 2628 1637 2662 il—

946 2684 1003 2719 las.
1022 2683 1169 2718 Conser.
1184 2683 1375 2728 Horatius,
1394 2683 1430 2719 II
1446 2709 1455 2727 ‚
1478 2681 1549 2718 Od.
1568 2691 1614 2715 111
1627 2708 1638 2725 ,

948 2738 1010 2779 353
1029 2743 1064 2771 et
1079 2736 1241 2782 Propert.
1261 2736 1339 2780 111,
1358 2746 1422 2771 xv1
1435 2762 1444 2778 ,
1462 2748 1501 2770 21
1520 2747 1594 2779 sqq.

990 2789 1044 2833 34.
1074 2790 1207 2824 Domus
1221 2800 1234 2833 ,·
1264 2788 1364 2825 sedes
1383 2803 1391 2833 ;
1424 2787 1606 2822 Homerus
1626 2812 1637 2829 ,
