1820 3106
337 203 1064 279 METAMORPHOSEON
1102 229 1236 272 LIB.
1279 232 1372 274 XI.

1510 247 1590 293 271

127 342 135 353 ·
161 349 186 372 »
210 325 286 377 Nil
306 326 396 376 illis
415 326 602 375 vetitum
625 335 712 382 est,
739 322 1179 389 incommendataque
1205 322 1336 372 tellus

163 427 187 447 >›
216 404 399 462 Omnis,
424 414 469 453 et
486 419 617 454 omne
639 398 930 450 fretumtcaeli
954 419 1135 468 quoque
1157 399 1317 449 nubila·
1334 412 1516 460 vexant,
1532 416 1598 461 435

164 505 188 527 »ν
212 481 545 548 Excutiuntque
568 479 675 529 feris
697 478 858 528 rutilos
881 479 1173 528 concursibus
1197 479 1336 543 ignes.

165 583 189 604 »
217 560 325 624 Quo
346 558 487 622 magis
509 558 597 607 hos
619 559 749 615 novi,
774 576 877 606 nam
899 557 1027 613 novi,
1053 568 1097 604 et
1120 575 1234 623 saepe
1261 567 1444 623 paterna

165 659 190 681 ι»
216 636 353 686 Parva
375 635 510 685 domo
533 635 646 695 vidi,
668 635 809 699 magis
829 635 914 684 hos
934 654 1037 684 reor
1060 654 1152 684 esse
1178 635 1412 684 timendos.

165 737 189 759 »ι
215 713 354 778 Quod
377 726 454 764 tua
477 714 516 763 si
537 713 656 780 flecti
679 713 889 781 precibus
913 712 1128 762 sententia
1149 711 1309 770 nullis,

166 813 190 836 >³
219 792 350 850 Care,
373 803 545 859 potest,
571 793 753 858 conjux,
778 791 1054 858 nimiumque
1076 809 1123 839 es
1148 803 1295 840 certus
1317 791 1471 850 eundi,
1537 806 1602 851 440

166 893 190 914 u
215 872 294 920 Me
317 890 498 938 quoque
519 871 627 921 tolle
650 870 783 920 simul
805 891 815 919 :
840 881 956 920 certe
976 870 1243 935 iactabimur
1263 890 1373 928 una;

166 972 190 993 »ι
216 950 330 1007 Nec,
353 948 439 998 nisi
464 969 561 1016 quae
583 950 751 1017 patiar,
775 960 991 1005 metuam;
1017 949 1270 1015 pariterque
1294 949 1484 998 feremus

168 1049 192 1071 »
222 1026 460 1093 Quidquid
483 1026 591 1084 erit;
615 1026 784 1092 pariter
810 1045 946 1092 super
969 1045 1147 1093 aequora
1168 1026 1258 1075 lata
1278 1026 1485 1076 feremur.
1513 1046 1535 1070 »ι

232 1104 421 1154 Talibus
445 1102 652 1153 AEolidos
675 1103 806 1153 dictis
826 1103 1118 1172 lacrymisque
1138 1117 1342 1154 movetur

167 1183 374 1233 Sidereus
395 1183 579 1248 conjux3
602 1201 747 1249 neque
769 1182 888 1231 enim
907 1183 1055 1230 minor
1075 1183 1193 1245 ignis
1212 1183 1258 1231 in
1279 1183 1380 1249 ipso
1405 1195 1493 1242 est3
1541 1196 1607 1243 445

172 1299 270 1344 Quia
288 1301 384 1334 venti
402 1304 438 1332 et
462 1310 595 1343 equora
624 1297 829 1343 praecedunt
844 1323 854 1341 ,

170 1351 295 1403 licius.
316 1349 441 1387 suadet
457 1355 634 1386 tenuerunt
651 1353 775 1385 cerula
796 1357 857 1385 aut

169 1403 384 1450 nemfiatms
393 1431 402 1444 ‚
423 1410 463 1438 ut
475 1403 627 1438 alterum
643 1416 662 1438 e
678 1402 788 1448 glossa
798 1415 858 1437 na—

171 1465 250 1494 tum
257 1456 312 1493 sit.
320 1474 363 1482 -—
370 1455 472 1501 Regii
483 1455 594 1491 nostri
603 1453 693 1489 nihil
707 1461 857 1490 mutant.

169 1512 290 1546 -Ne‘l
299 1512 372 1545 illis
393 1513 532 1544 inlitum
551 1515 623 1552 est,
639 1508 689 1543 nil
712 1521 777 1554 pro
796 1521 860 1543 ve·-

171 1562 236 1596 tito
250 1559 391 1597 hdient.
409 1559 575 1597 Graviter
589 1573 649 1595 eos
664 1559 732 1595 hoc
748 1561 859 1595 nomi-

171 1627 217 1649 ne
239 1613 396 1660 increpat
409 1612 537 1648 AEolus
557 1611 650 1659 apud
670 1612 859 1659 Virgilium

171 1666 258 1702 AEn.
273 1667 306 1708 Ι,
333 1666 404 1701 132.
416 1684 460 1693 —
475 1667 761 1703 Incommendata.
788 1666 861 1700 Alii

169 1722 435 1761 anconmutala5
462 1717 657 1754 Thuaneus
678 1721 860 1752 incenser-

171 1772 410 1819 mta.-—Regii
425 1772 562 1808 codices
580 1775 859 1807 incommendata.

173 1826 267 1872 Quoe
280 1827 515 1860 commendata
528 1824 700 1860 habemus
709 1853 716 1863 .
736 1836 861 1859 eorum

171 1890 293 1914 curam
308 1878 521 1924 proecipuam
540 1890 662 1923 gerere
681 1876 861 1912 debemus.

172 1930 270 1966 Hinc
282 1932 569 1965 incommendatus
580 1956 589 1968 ,
614 1929 669 1964 cui
683 1942 758 1963 non
772 1942 862 1975 par—
880 1955 890 1959 -

114 2022 118 2026 ⁵
174 1984 302 2026 cimus,
319 1982 595 2028 quem'impune
612 1982 742 2017 violare
760 1982 860 2023 licen

176 2048 267 2071 nove
284 2034 429 2070 dictum.
445 2036 575 2069 Nubila
601 2042 735 2070 vexant.
763 2035 863 2070 Basi-

174 2087 301 2123 leensis
315 2089 434 2122 nubila
444 2095 595 2127 verrunt,
622 2094 663 2121 ut
679 2086 778 2121 infra.
787 2089 863 2134 499.

185 2142 336 2180 Vexat,
353 2145 601 2185 contorquent.
625 2138 791 2184 Respexit
806 2152 863 2174 au-

179 2199 251 2227 tem
270 2191 306 2226 h.
319 2191 341 2227 l.
357 2191 494 2227 Lucret.
510 2191 546 2234 I,
565 2204 652 2238 279:
675 2194 778 2226 Venti
787 2203 864 2226 cor—

170 2257 259 2289 pora
274 2257 383 2283 caca,
411 2245 493 2287 Qua·
509 2255 616 2281 mare,
643 2256 713 2287 qua·
733 2252 860 2283 terras,

177 2311 249 2344 quae
262 2300 402 2343 denique
414 2299 533 2331 nubila
549 2298 631 2330 coelt'
648 2298 803 2335 Verrunt,
821 2310 865 2331 ac

175 2354 289 2386 subito
303 2353 467 2386 vexantia
476 2352 607 2384 turbine
621 2355 767 2393 raptant.
786 2349 866 2387 Ful-

179 2417 265 2451 gura
275 2412 311 2440 et
322 2404 478 2439 tonitrua
490 2402 696 2444 excitabant,
705 2415 724 2437 e
735 2402 866 2437 Demo-

179 2458 256 2492 criti
270 2482 281 2501 ‚
307 2456 510 2492 Stoicorum
537 2455 757 2500 aliorumque
782 2468 867 2490 sen-

180 2509 291 2545 tentia
303 2535 314 2552 ,
338 2509 434 2544 venti
452 2521 534 2544 cum
559 2508 710 2543 nubibus
725 2521 868 2543 concur-

179 2557 318 2596 rentes}
334 2560 403 2595 vid.
419 2560 603 2598 Lucretius
622 2559 674 2594 Vl
685 2586 694 2602 ,
719 2562 762 2606 95
779 2572 842 2605 sqq
856 2574 864 2602 3

188 2627 248 2659 ¹7²
259 2625 334 2658 sqq.
351 2611 497 2648 Confer.
509 2625 614 2658 supra
623 2612 675 2647 Vl
687 2638 697 2655 ‚
713 2612 778 2659 693
792 2625 866 2658 sqq.

184 2665 257 2700 Pro
270 2667 488 2700 concursibus
510 2665 642 2709 Regius
660 2663 724 2708 (et
748 2671 868 2698 noster

184 2717 293 2752 codex
310 2716 341 2751 A
358 2730 365 2757 ;
384 2716 428 2750 de
446 2729 514 2761 qua
537 2715 766 2751 similitudine
788 2716 867 2750 vide

185 2783 263 2816 quae
273 2770 342 2816 jam
355 2769 399 2805 ad
416 2782 556 2805 versum
568 2770 629 2816 37¹
646 2767 868 2814 monuimus)

920 1299 1131 1341 incursibus‚·
1158 1297 1366 1332 Basileensis
1393 1302 1607 1334 occursibus:

921 1349 993 1384 duo
999 1353 1221 1385 concussibus
1229 1363 1240 1394 ‚·
1250 1350 1361 1385 Boxh.
1368 1355 1610 1396 congressibus.

965 1403 1039 1446 438.
1054 1403 1173 1446 Magis
1183 1404 1247 1437 hos
1262 1416 1345 1437 reor.
1361 1403 1486 1438 Plures
1503 1410 1611 1448 magis

920 1457 1004 1496 hoc,
1019 1454 1113 1500 quod
1127 1454 1253 1500 probat
1267 1456 1513 1496 Burmannus,
1529 1458 1608 1502 quia

920 1507 994 1552 jam
1015 1506 1101 1541 dixit
1125 1509 1198 1542 hos.
1212 1508 1368 1553 —Regii
1392 1509 1503 1543 nostri
1525 1510 1609 1546 boc.

922 1558 1018 1605 quod
1030 1566 1124 1594 recte
1134 1560 1293 1605 probavit
1302 1561 1426 1595 Burm.
1439 1560 1480 1595 ld
1492 1568 1555 1606 est,
1567 1563 1611 1596 olm

922 1611 990 1647 hoc
1004 1639 1013 1655 ,
1032 1625 1075 1646 ex
1089 1611 1174 1656 hoc,
1191 1620 1255 1648 etc.
1268 1615 1331 1647 bos
1341 1613 1451 1659 glossa
1466 1621 1527 1648 est.
1545 1615 1610 1648 Ed.

967 1666 1043 1709 441.
1071 1666 1185 1705 Tolle,
1203 1665 1273 1700 scil.
1295 1677 1384 1700 nave
1405 1673 1465 1700 ant
1486 1666 1524 1700 in
1546 1680 1612 1701 nav

923 1729 1025 1760 vem,
1045 1717 1126 1751 navi
1147 1717 1347 1763 impositam
1368 1718 1422 1753 stac
1445 1718 1612 1752 comitem

923 1771 1067 1806 itineris.
1082 1770 1157 1806 Cic.
1172 1771 1213 1806 ad
1232 1772 1279 1816 Q.
1296 1772 1457 1806 Fratrem
1475 1772 1531 1815 II,
1553 1785 1592 1806 10
1604 1800 1612 1814 ,

924 1831 962 1857 ut
971 1830 1005 1857 te
1013 1826 1232 1869 proficiscens
1242 1836 1308 1858 non
1322 1827 1472 1858 tollerem
1487 1824 1523 1858 in
1538 1823 1620 1859 rhe-'

925 1874 1018 1909 dam.
1028 1876 1170 1910 Plenius
1180 1876 1360 1919 Horatius,
1373 1876 1421 1919 ΙΙ,
1433 1876 1548 1911 Serm.
1559 1887 1597 1911 vr
1607 1905 1615 1918 ,

926 1930 968 1971 42
978 1954 987 1971 ,
1013 1941 1107 1972 quem
1134 1931 1251 1962 tollere
1277 1930 1381 1963 rheda
1409 1932 1510 1964 vellet
1519 1948 1531 1970 3
1554 1932 1618 1964 iter

916 1980 1069 2024 faciens.
1079 1982 1272 2025 —Jaftart‘
1286 1981 1425 2027 proprie
1441 1988 1475 2016 et
1491 1981 1534 2016 de
1551 1995 1617 2027 pe-

926 2033 1042 2068 riculis
1063 2034 1306 2079 navigantium
1319 2061 1328 2077 ‚
1347 2041 1383 2069 et
1397 2034 1441 2069 de
1457 2037 1618 2081 corpori—

926 2085 991 2121 bus
1002 2099 1126 2121 eorum
1138 2112 1147 2129 ,
1156 2086 1215 2132 qui
1227 2087 1410 2133 naufragio
1418 2088 1615 2133 perierunt.

926 2140 1067 2178 —lVec‚
1084 2142 1238 2184 nisique·
1247 2143 1379 2183 pallor,
1400 2147 1463 2175 etc.
1478 2141 1614 2186 Nempe

928 2197 1043 2225 metus
1053 2192 1162 2225 multa
1175 2191 1266 2226 mala
1280 2198 1414 2227 temere
1427 2192 1538 2238 fingit.
1556 2193 1615 2227 Se·

927 2257 1014 2279 neca
1032 2244 1141 2290 Epist.
1168 2245 1206 2279 13
1219 2272 1228 2286 ,
1256 2259 1272 2275 «
1295 2246 1421 2280 Nescio
1437 2245 1616 2291 quomodo

931 2312 948 2328 »
969 2298 1179 2343 vanamagis
1191 2299 1508 2343 perturbant.Vera
1518 2298 1614 2332 enim

931 2365 950 2381 υ
966 2350 1115 2385 modum
1130 2351 1282 2392 habent;
1307 2351 1476 2396 quidquid
1492 2364 1533 2386 ex
1557 2352 1615 2385 in—
1672 2381 1677 2387 .

931 2418 949 2434 »
965 2411 1063 2438 certo
1080 2404 1177 2438 venit
1189 2430 1198 2446 ‚
1215 2404 1427 2449 conjecturae
1446 2411 1481 2437 et
1506 2404 1617 2438 licen-

932 2470 949 2486 »
966 2456 1023 2490 tiae
1045 2456 1202 2501 paventis
1224 2457 1331 2490 animi
1360 2455 1520 2490 traditur.
1539 2470 1556 2485 ιι
1573 2474 1617 2482 --

931 2509 1093 2542 Feremur.
1111 2508 1232 2542 Mallet
1248 2508 1415 2542 Heinsius
1440 2509 1615 2551 vehemur,

931 2560 985 2594 vel
1008 2562 1196 2598 trahemur,
1229 2561 1309 2604 quia
1328 2561 1499 2604 praecessit
1522 2559 1614 2594 idem

931 2613 1092 2647 verbum.
1103 2630 1147 2637 —
1160 2611 1250 2646 Cod.
1268 2614 1376 2646 nostri
1385 2612 1554 2656 fi¹rernur;
1570 2621 1617 2648 ta-

933 2678 1015 2699 men
1033 2665 1155 2699 I‘Ieins.
1172 2665 1322 2699 libenter
1332 2665 1617 2701 adhaeream.Ed.

977 2719 1053 2760 445.
1068 2717 1222 2751 St'clereus
1237 2731 1325 2763 saepe
1338 2718 1427 2764 apud
1441 2727 1560 2765 poetas
1574 2719 1615 2754 ad

934 2771 1169 2813 praestantiam
1191 2770 1353 2806 eximiam
1369 2772 1615 2814 referendum,
