1820 3106
350 181 1103 231 ,METAMORPHOSEON
1141 184 1275 256 LIB.
1314 186 1376 231 X.

1514 189 1600 230 205

158 282 252 329 Aut
270 298 386 348 pron
396 297 446 327 os
471 277 672 344 lepores,
695 287 773 325 aut
794 276 960 326 celsum
983 277 1031 325 in
1054 295 1224 326 cornua
1251 298 1428 328 cervum
1447 318 1459 339 ‚

158 360 253 407 Aut
274 357 412 422 agitat
434 355 586 404 damas
608 374 618 403 :
640 374 666 403 a
688 355 886 404 fortibus
909 355 1107 404 abstinet
1128 356 1275 423 apris3

162 438 471 504 Raptoresque
495 432 630 500 lupos
645 472 657 493 ‚
683 445 966 502 armatosque
990 434 1221 498 unguibus
1245 453 1375 484 ursos
1543 448 1611 494 540

162 515 313 573 Vitat,
344 524 388 563 et
413 512 602 562 armenti
626 524 848 562 saturatos
873 513 988 562 caede
1013 512 1180 562 leones.

161 595 226 643 Te
249 611 429 660 quoque
447 629 459 650 ‚
485 602 538 639 ut
558 591 644 639 hos
670 590 824 640 timeas
839 629 851 650 ‚
873 591 912 640 si
936 591 1045 658 quid
1070 591 1283 659 prodesse
1302 590 1529 640 monendo

162 670 338 729 Possit,
365 669 545 728 Adoni,
573 681 727 719 monet
749 690 759 718 :
785 693 808 713 «
832 670 1073 737 Fortisque
1097 669 1332 734 fugacibus
1354 681 1450 719 esto
1468 707 1481 729 ‚

173 771 197 793 ))
224 748 382 815 Inquit
404 769 414 796 :
440 747 488 796 in
509 747 696 797 audaces
720 767 815 796 non
838 760 906 797 est
925 748 1107 798 audacia
1130 760 1239 797 tuta.

168 849 193 871 »
220 827 358 876 Parce
379 846 504 886 meo,
524 827 701 892 juvenis
716 864 727 885 ‚
756 827 1014 876 temerarius
1039 845 1134 876 esse
1157 826 1327 894 periclo
1352 847 1364 875 :

1547 839 1613 885 545

169 927 194 948 »
219 906 341 955 Neve
364 905 479 954 seras
494 943 507 964 ‚
531 905 699 972 quibus
722 925 842 954 arma
866 905 989 954 dedit
1010 907 1179 955 Natura
1193 944 1204 963 ‚
1231 905 1395 955 lacesse
1411 945 1423 964 ‚

174 1005 200 1027 ²>
229 985 329 1032 Stet
349 983 461 1032 mihi
482 1001 539 1032 ne
560 1003 724 1047 magno
749 995 826 1033 tua
851 984 992 1047 gloria
1016 1004 1026 1032 ε
1050 1003 1143 1032 non
1167 996 1318 1033 movet
1340 996 1467 1043 aetas,

172 1086 197 1107 »
224 1065 320 1113 Nec
343 1063 504 1123 facies,
526 1082 608 1112 nec
637 1082 735 1130 quae
755 1064 974 1112 Venerem
996 1081 1173 1111 movere
1189 1100 1201 1120 ‚
1223 1061 1377 1111 leones
1391 1100 1403 1121 ,

175 1166 198 1186 »
228 1142 547 1209 Setigerosque
568 1160 694 1200 sues,
722 1140 969 1207 oculosque
994 1140 1258 1207 animosque
1277 1139 1470 1188 ferarum
1492 1161 1501 1188 :

175 1245 199 1266 »
226 1220 418 1270 Fulmen
440 1220 612 1269 habent
634 1239 755 1269 acres
779 1220 827 1268 in
853 1219 1039 1268 aduncis
1063 1218 1274 1269 dentibus
1298 1219 1394 1285 apri
1410 1238 1432 1283 ἰ

172 1339 228 1369 tur
239 1346 342 1369 canes
355 1332 434 1368 vide
447 1332 490 1368 ad
503 1333 559 1369 III
573 1360 582 1377 ‚
603 1334 855 1378 242.—Proeda,

173 1385 247 1420 sera
257 1391 357 1432 capta
368 1412 378 1430 ‚
390 1391 430 1419 ut
441 1386 497 1422 111
510 1411 520 1429 ‚
534 1387 598 1420 225
608 1411 618 1429 ‚
632 1385 691 1420 ubi
703 1384 783 1420 vide
794 1397 865 1419 no-

173 1444 247 1473 tam
259 1450 268 1473 z
276 1439 444 1473 animalia
452 1443 531 1472 tutoe
535 1438 672 1482 proedoe,
687 1450 766 1482 quae
775 1443 857 1478 tuto,

174 1490 250 1525 siue
266 1489 423 1536 periculo
435 1515 445 1534 ,
465 1490 663 1535 capiuntur.
675 1506 720 1514 -—-
733 1491 865 1523 Pronos

174 1546 311 1587 lepores.
330 1542 420 1578 Tres
435 1555 562 1586 parvos
578 1545 717 1587 lepores.
739 1542 865 1576 Hein—

174 1596 245 1631 sius
260 1596 412 1630 malehat
423 1597 625 1640 pam'dos.—
633 1595 736 1641 Regii
752 1594 867 1629 nostri

168 1650 494 1694 pronos—Prona,
516 1648 654 1683 veloces
666 1675 676 1692 ‚
696 1649 867 1694 pernices.

177 1702 297 1738 Etiam
305 1701 456 1737 Remea.
467 1715 528 1737 ποι
536 1729 546 1747 ,
552 1715 694 1747 pronum
703 1705 845 1747 leporem
855 1714 868 1743 ,-

178 1755 351 1790 Horatius
364 1756 440 1790 Art.
453 1756 554 1790 Poet.
572 1755 634 1790 160
643 1782 653 1799 ,
661 1758 766 1800 proni
772 1759 867 1797 anni,

179 1814 216 1842 et
227 1808 295 1851 IV,
309 1806 382 1842 Od.
396 1819 436 1842 VI
445 1834 455 1851 ,
469 1809 512 1856 39
522 1834 531 1852 ,
542 1811 648 1852 proni
658 1821 800 1849 menses,
816 1821 870 1842 ce·

178 1859 300 1894 leriter
326 1859 624 1905 praeterlabentes.
657 1859 871 1904 Metaphora

180 1911 290 1957 petita
300 1924 319 1946 a
329 1911 449 1957 pronis
460 1911 555 1956 rivis,
566 1912 625 1957 qui
636 1911 759 1957 rapido
767 1924 871 1946 cursu

181 1964 542 1998 seruntur.—Celsum
550 1967 586 1998 in
598 1977 723 1998 cornua
736 1963 873 2009 elegan-

183 2017 252 2052 tius
266 2044 276 2061 ‚
299 2030 406 2064 quam
432 2021 535 2053 celsis
557 2021 714 2053 cornibus
731 2029 744 2060 ‚⁶
772 2018 873 2063 Virg.

186 2070 330 2106 AEneid.
346 2071 380 2106 X
392 2097 402 2116 ,
423 2074 484 2119 725
499 2098 508 2116 ,
534 2085 674 2116 surgens
690 2075 728 2106 in
747 2084 874 2106 cornua

186 2137 312 2160 ceruus.
326 2144 372 2152 —
387 2127 423 2159 A
427 2126 589 2169 fortibus.
611 2124 770 2170 Quidam
788 2131 867 2173 aut,

186 2178 242 2214 vel
251 2181 320 2218 sed,
339 2179 394 2214 vel
403 2179 606 2223 etsortibus‚·
621 2179 789 2214 Heinsius
799 2190 876 2211 ma—

187 2230 280 2266 lebat
291 2238 332 2266 at
329 2231 500 2276 sin-tibus,
521 2232 615 2277 quod
633 2232 758 2277 probat
772 2232 875 2266 Bur—

188 2297 352 2320 mannus.
364 2303 410 2311 ——
419 2285 522 2331 Regii
538 2285 675 2320 codices
687 2299 711 2320 a
711 2286 876 2331 fortibus.

232 2341 309 2384 540.
321 2341 490 2384 Raptor-es
502 2341 577 2383 lupi
586 2352 604 2373 e
613 2340 714 2385 Virg.
724 2338 806 2373 AEn.
820 2340 854 2375 ll
865 2365 875 2383 ‚

190 2394 254 2428 355
270 2407 278 2435 3
298 2399 334 2427 et
350 2391 535 2427 Telesinus
559 2391 652 2438 apud
676 2391 853 2425 Velleium
866 2418 877 2435 ,

191 2447 229 2483 II
240 2473 250 2491 ‚
263 2457 367 2480 xxvu
379 2475 389 2491 ‚
403 2462 442 2490 2,
458 2446 640 2480 Romanos
653 2450 753 2478 vocat
763 2450 880 2488 rapto-

189 2511 244 2532 res
257 2500 389 2534 Italicoe
404 2501 571 2533 libertatis
585 2499 692 2540 lupos.
709 2514 754 2520 —
771 2496 880 2529 Satu-

192 2551 286 2586 ratns
296 2553 396 2585 coede.
408 2550 591 2585 Mediceus
602 2555 637 2582 et
645 2548 718 2582 Lan
724 2560 880 2594 german.

193 2609 328 2638 saturos
337 2617 356 2638 e
369 2602 617 2647 cede—Regii
629 2601 739 2635 nostri
752 2600 882 2635 habent

194 2662 380 2691 saturatos.
393 2674 435 2682 -—
444 2657 623 2689 saturatos
632 2681 639 2692 ,
659 2653 718 2699 qui
735 2653 883 2688 saturari

195 2708 322 2751 solent,
333 2707 554 2750 saturandos,
564 2706 607 2740 de
618 2719 689 2751 quo
700 2718 763 2740 usu
777 2705 884 2751 parti-

196 2761 370 2806 cipiorum
380 2760 643 2806 praeteritorum
657 2758 736 2795 vide
751 2757 883 2793 Brouk.

1556 1233 1623 1266 550

930 1331 974 1367 ad
991 1332 1219 1378 Propertium
1233 1358 1241 1376 ,
1259 1332 1295 1367 II
1309 1358 1318 1375 ,
1338 1343 1360 1366 x
1373 1358 1383 1376 ‚
1400 1334 1452 1379 49.
1470 1333 1628 1368 Saturali

930 1386 1029 1420 enim
1042 1387 1108 1430 (ex
1118 1385 1245 1420 usitata
1257 1385 1364 1431 hujus
1375 1385 1546 1431 participii
1556 1400 1625 1420 no*

930 1439 1028 1473 tione
1046 1437 1063 1484 )
1085 1438 1206 1473 leones
1227 1439 1346 1473 minus
1363 1439 1514 1474 timendi
1530 1447 1626 1475 sunt.

933 1491 1031 1526 Hinc
1046 1490 1236 1538 Virgilius,
1257 1492 1340 1527 AEn.
1359 1492 1414 1535 X,
1437 1494 1522 1538 274,
1547 1495 1625 1527 Irn-

927 1548 1053 1587 pastus
1059 1545 1343 1589 leo.—Fort1'sque
1351 1550 1416 1578 etc.
1426 1542 1531 1578 Cons.
1542 1545 1628 1579 Pro-

933 1602 1023 1641 pert.
1045 1595 1083 1631 11
1097 1623 1106 1639 ,
1128 1607 1197 1639 xv,
1219 1610 1257 1630 21
1273 1610 1282 1638 ;
1302 1596 1393 1631 Plin.
1412 1595 1445 1630 d.
1463 1596 1484 1632 l.
1500 1603 1630 1631 certare

933 1661 1008 1682 cum
1015 1647 1206 1693 fugacibus
1213 1648 1307 1693 feris
1322 1661 1423 1683 cursu
1432 1676 1440 1690 ,
1463 1662 1538 1683 cum
1556 1662 1629 1683 au*

934 1702 1078 1735 dacibus
1101 1703 1228 1735 robore.
1246 1720 1292 1726 —
1308 1703 1385 1736 Non
1409 1707 1462 1736 est
1480 1703 1630 1736 audacia

934 1759 1018 1789 tuta.
1033 1754 1202 1788 Heinsius
1214 1755 1473 1801 conjicittutum
1484 1783 1492 1796 ‚
1512 1769 1558 1790 ne
1572 1757 1630 1790 ni—

936 1808 1002 1842 mis
1025 1808 1069 1842 sit
1093 1807 1255 1853 pedester
1276 1821 1394 1843 sermo
1413 1821 1422 1843 :
1448 1816 1631 1855 comparat

944 1862 1055 1895 Triste
1070 1862 1170 1905 lupus
1186 1863 1333 1895 stabulis
1349 1868 1384 1895 et
1405 1862 1513 1906 Turpe
1527 1875 1631 1896 senex

937 1916 1045 1948 miles.
1055 1933 1099 1939 -
1109 1914 1211 1959 Regii
1228 1914 1366 1950 codices
1382 1917 1533 1950 audacia
1545 1923 1630 1951 luta.

984 1967 1058 2010 545.
1071 1968 1179 2001 Parce
1193 1980 1268 2001 esse
1277 1994 1284 2007 ‚
1303 1967 1376 2001 noli
1389 1980 1462 2002 esse
1471 1995 1479 2009 ,
1494 1975 1533 2003 ut
1544 1968 1633 2003 Vir—

940 2019 1059 2064 gilius,
1077 2019 1160 2054 AEn.
1179 2020 1235 2054 III
1248 2046 1257 2064 ‚
1275 2021 1315 2064 42
1329 2047 1338 2063 ,
1350 2033 1456 2064 parce
1465 2023 1634 2056 scelerare

939 2085 1060 2106 manus
1071 2098 1081 2114 ‚
1103 2079 1138 2107 et
1155 2072 1476 2118 passim.--Magno.
1487 2073 1634 2108 Grono-

939 2126 1064 2160 vianus
1079 2132 1113 2159 et
1132 2132 1203 2160 tres
1219 2125 1274 2159 alii
1291 2138 1334 2159 ne
1349 2126 1634 2172 damna—Regii

940 2180 1052 2214 nostri
1073 2193 1195 2225 magno
1215 2194 1225 2214 :
1248 2187 1283 2214 et
1308 2192 1390 2214 mox
1416 2193 1480 2225 pro
1502 2187 1611 2214 movet
1622 2207 1632 2221 ‚

943 2232 1068 2267 Codex
1083 2233 1113 2268 B
1124 2259 1134 2277 ,
1154 2245 1275 2268 errore
1289 2234 1477 2269 manifesto
1487 2260 1496 2277 ,
1511 2238 1634 2268 monet.

941 2304 987 2311 —
1001 2286 1131 2330 Magno
1154 2292 1215 2320 aut
1234 2288 1331 2320 haud
1345 2299 1454 2330 parvo
1474 2285 1490 2331 (
1507 2285 1635 2331 Virgil.

944 2338 1028 2372 AEn.
1048 2339 1081 2372 X
1097 2364 1106 2382 ,
1127 2339 1192 2386 494
1210 2336 1226 2383 )
1251 2343 1343 2372 stare
1365 2337 1533 2373 dicuntur
1554 2350 1635 2383 quae

944 2404 1116 2438 magnum
1133 2391 1235 2425 nobis
1252 2389 1424 2424 damnum
1444 2389 1634 2430 adserunt3

946 2443 999 2479 VI
1020 2470 1029 2486 ,
1053 2444 1116 2490 487
1136 2470 1145 2485 ,
1175 2446 1315 2477 stabunt
1335 2446 1401 2477 tibi
1422 2450 1482 2477 tua
1496 2441 1635 2487 soedera

945 2507 1087 2540 magno:
1105 2494 1255 2530 Heroid.
1269 2495 1342 2529 Vll
1353 2521 1363 2538 ,
1381 2496 1421 2540 47
1434 2521 1444 2539 ,
1458 2496 1539 2529 odia
1550 2508 1636 2530 con-

946 2551 1076 2582 stantia
1095 2560 1224 2590 magna.
1501 2584 1503 2586 ³

993 2601 1068 2642 548.
1091 2601 1246 2633 Venerem
1256 2598 1336 2634 satis
1345 2605 1491 2634 venuste
1504 2605 1634 2634 etcum

948 2652 982 2686 vi
999 2652 1131 2686 dictum
1148 2678 1157 2695 ,
1176 2664 1241 2697 pro
1256 2664 1318 2685 me.

995 2708 1070 2740 550.
1084 2706 1124 2738 In
1133 2706 1278 2738 aduncis
1291 2706 1455 2738 dentibus.
1468 2704 1636 2750 Plerique

952 2757 1157 2792 vetustiores
1164 2762 1198 2793 ct
1207 2758 1368 2799 aduncis-5
1384 2756 1552 2792 Heinsius
1561 2770 1635 2792 sua—
