1820 3106
347 245 1034 293 METAMORPHOSEON
1070 247 1199 290 LIB.
1239 247 1390 291 VIII.
1539 261 1585 288 11

167 341 390 392 Hostibus
412 340 650 407 imposuit,
677 340 827 390 classis
850 338 1092 389 retinacula
1116 338 1229 388 solvi

165 422 334 478 Jussit;
359 431 574 469 et‘aeratas
595 419 764 486 impelli
787 418 951 481 remige
975 437 1163 485 puppes.

167 497 335 566 Scylla,
359 496 474 545 freto
498 507 735 563 postquam
761 495 971 544 deductas
992 515 1099 544 nare
1123 495 1292 543 carinas
1308 532 1319 552 ,

166 579 258 626 Nec
278 587 484 643 praestare
507 574 662 623 ducem
688 574 864 623 sceleris
889 574 975 622 sihi
1000 573 1179 640 praemia
1201 572 1338 630 vidit,

1536 598 1547 619 1
1555 585 1596 618 05

168 653 425 704 Consumtis
447 652 656 719 precibus
680 651 918 702 violentam
941 652 1100 701 transit
1123 652 1168 699 in
1193 651 1303 700 iram
1325 669 1337 708 ;

166 731 495 797 Intendensque
514 739 673 779 manus
689 769 700 789 ,
724 731 889 798 sparsis
909 729 1153 778 furibunda
1178 728 1348 796 capillis
1367 767 1379 787 ,

171 833 195 853 «
224 812 329 874 Quo
353 809 501 872 fugis,
524 808 762 867 exclamat,
786 808 1050 858 meritorum
1075 819 1254 856 auctore
1278 806 1454 864 relicta,

172 910 195 930 »
222 888 265 936 Ο
291 887 444 954 patriae
467 886 644 954 praelate
667 906 795 945 meae,
816 886 993 954 praelate
1017 886 1224 953 parenti?

171 990 194 1010 2»
223 967 330 1032 Quo
353 966 497 1030 sugis,
520 966 735 1015 immitis?
759 966 885 1032 cujus
906 965 1089 1015 victoria
1110 976 1315 1013 nostrum

1541 987 1600 1009 110

152 1055 195 1088 ὁ)
222 1046 283 1093 Et
303 1041 446 1093 scelus
461 1082 473 1102 ‚
497 1056 542 1094 et
559 1045 765 1094 meritum
784 1057 853 1094 est
873 1065 882 1092 :
903 1064 984 1093 nee
1007 1056 1049 1092 te
1074 1044 1176 1091 data
1198 1047 1379 1091 munera
1394 1079 1406 1099 ,
1431 1059 1511 1089 nec
1535 1052 1576 1088 te

171 1145 194 1165 »
222 1124 386 1171 Noster
408 1123 547 1171 movit
566 1143 712 1181 amor,
738 1142 818 1171 nec
844 1122 965 1189 quod
989 1141 1091 1189 spes
1117 1122 1261 1170 omnis
1284 1121 1331 1168 in
1356 1138 1495 1168 unum

174 1222 196 1243 »
224 1201 288 1249 Te
311 1218 408 1248 mea
431 1212 640 1263 congesta
662 1202 765 1248 est?
785 1220 887 1248 nam
914 1219 1004 1267 quo
1029 1199 1199 1248 deserta
1222 1198 1448 1247 revertar?

173 1299 195 1319 ι»
223 1278 278 1324 In
296 1276 518 1342 patriam?
538 1289 743 1344 superata
762 1277 876 1342 jacet
898 1297 907 1324 :
933 1277 1011 1325 sed
1037 1276 1154 1338 finge
1178 1293 1354 1323 manere
1377 1293 1387 1330 ;

174 1377 198 1398 »
224 1353 487 1403 Proditione
510 1373 607 1402 mea
630 1354 776 1402 clausa
799 1366 866 1402 est
886 1354 996 1401 mihi
1017 1373 1026 1400 ε
1046 1353 1186 1419 patris
1208 1352 1264 1400 ad
1287 1353 1395 1400 ora?

1541 1365 1600 1399 115

113 1473 117 1475 .
175 1455 198 1474 »
225 1433 338 1496 Quae
362 1432 446 1481 tibi
471 1432 629 1480 donavi
650 1451 659 1480 :
682 1431 798 1480 cives
821 1432 951 1480 odere
978 1443 1250 1488 merentem3

176 1532 199 1552 »
225 1509 422 1559 Finitimi
443 1509 693 1577 exemplum
713 1521 920 1558 metuunt
940 1529 950 1557 τ
972 1508 1278 1557 obstruximus
1303 1507 1458 1555 orbem

171 1643 232 1681 vil,
247 1641 307 1686 qui
315 1640 752 1687 proficiscitur.—Impelli,·
769 1641 853 1675 olim

171 1694 418 1738 1'mpleri(et‘ita
430 1694 530 1739 Regii
543 1695 669 1736 nostri)
680 1708 688 1735 ς
703 1693 854 1728 alterum

172 1746 324 1781 restituit
345 1759 387 1781 ex
408 1758 482 1780 uno
503 1745 634 1781 Codice
650 1742 825 1781 ¹Ciosanus
841 1772 850 1790 ,

173 1797 266 1844 quod
285 1805 321 1833 et
339 1805 519 1844 repertum
545 1805 664 1844 postea
680 1799 717 1832 in
735 1799 853 1845 pluri-

171 1850 246 1885 bus.
261 1868 304 1877 —
320 1851 488 1895 Impellem
499 1863 606 1885 remos
617 1878 625 1890 ,
648 1863 774 1893 naues,
795 1858 854 1886 aut

173 1916 264 1938 mare
279 1908 396 1945 remis,
414 1904 554 1950 phrases
566 1905 759 1947 solemnes;
778 1905 855 1940 vide

175 1955 378 1990 Heinsium.

221 2010 293 2053 104.
305 2010 435 2056 Scylla,
445 2009 539 2054 frelo
554 2016 618 2045 etc.
630 2009 661 2044 E
675 2023 763 2044 nave
780 2023 857 2045 sus-

174 2073 318 2104 pensam
334 2060 487 2108 Scyllam
507 2074 570 2107 per
589 2075 685 2097 mare
707 2069 855 2098 tractam

175 2124 247 2146 esse
260 2113 411 2148 aMinoe
424 2114 478 2148 alii
492 2121 648 2149 narrant.
656 2114 687 2146 V
691 2114 737 2148 id.
748 2115 856 2162 Hey-

175 2164 254 2199 nius
270 2164 313 2199 ad
331 2165 427 2212 Virg.
450 2165 552 2201 Cirin
570 2193 578 2208 ‚
597 2180 700 2201 versu
716 2167 791 2213 389.
806 2167 856 2201 Ex

176 2216 240 2252 alia
256 2230 376 2252 rursus
399 2219 587 2254 traditione
611 2233 755 2255 uxorem
778 2233 856 2255 eam

176 2270 274 2305 duxit
283 2271 403 2306 Minos
412 2271 623 2318 ductamque
635 2274 672 2307 in
685 2286 781 2308 mare
796 2274 858 2308 ab-

175 2323 232 2367 jici
250 2322 370 2368 jussit:
395 2324 582 2359 Pausanias
595 2350 604 2368 ,
631 2324 714 2361 Cor.
734 2340 767 2372 p.
785 2340 857 2374 ¹92·

177 2375 249 2411 Sed
266 2376 419 2421 aequitati
441 2377 574 2411 Minois
591 2379 699 2424 magis
720 2392 858 2414 conve-

175 2429 247 2474 nit,
266 2430 361 2476 quod
377 2443 456 2465 eam
469 2431 503 2464 in
517 2431 627 2476 patria
639 2432 859 2477 relinquit.—

177 2483 290 2523 Freto,
305 2482 343 2516 in
359 2482 490 2517 fretum
501 2509 510 2525 ,
533 2483 560 2517 si
581 2484 765 2529 conjungis
777 2498 858 2519 rum

177 2536 361 2577 deductam
378 2535 430 2569 sin
446 2548 527 2570 cum
544 2548 639 2574 aare,
659 2535 757 2570 deest
771 2540 816 2571 ιἠ.

226 2598 298 2630 ¹⁰7·
326 2587 460 2630 Sparsis·
478 2599 489 2629 ‚·
522 2587 568 2621 ita
598 2587 727 2632 Regius
746 2587 775 2622 Α
790 2614 799 2631 ,
827 2595 861 2623 at

181 2637 303 2673 Codex
326 2639 355 2673 B
374 2665 383 2683 ,
414 2640 514 2674 sicuti
546 2647 581 2675 et
610 2641 836 2676 Burmannus
849 2668 859 2685 ,

174 2694 303 2733 passis.
318 2709 362 2716 —-
382 2691 560 2736 Quosugt's
578 2699 641 2727 etc.
660 2691 795 2726 Confer
811 2692 862 2726 la-

181 2747 302 2776 menta
312 2741 436 2789 Scyllae
447 2743 538 2787 apud
551 2732 757 2790 Virgilium',
770 2743 860 2787 Ciri,

181 2795 246 2837 404
261 2806 335 2840 sqq.
348 2794 483 2830 Odium
495 2795 531 2830 in
548 2796 723 2843 ingratum
737 2797 861 2831 Minoa

922 1648 956 1675 et
972 1641 1159 1687 impietatis
1177 1640 1394 1686 miseriaeque
1405 1651 1476 1674 suae
1485 1651 1605 1673 sensus

922 1693 1228 1728 tumultuanturin
1241 1693 1360 1727 animo
1367 1692 1500 1739 Scyllae.
1511 1690 1606 1725 Con-

921 1746 1006 1781 vicia
1021 1773 1029 1790 ,
1049 1759 1126 1791 quae
1142 1746 1175 1779 ei
1193 1745 1319 1791 ingrati
1332 1744 1520 1779 etimmitis
1532 1743 1606 1778 Mi-

920 1799 998 1833 nois
1014 1798 1179 1843 cogitatio
1190 1797 1389 1843 suppeditat
1400 1823 1409 1841 ,
1427 1811 1468 1831 ex
1478 1795 1607 1844 mythis

921 1851 1067 1895 repetita
1093 1857 1176 1884 sunt
1189 1876 1198 1893 ,
1223 1856 1441 1895 tanguntque
1468 1849 1506 1882 in
1527 1848 1607 1894 pri-

923 1903 990 1937 mis
1006 1909 1158 1936 matrem
1181 1908 1215 1935 et
1235 1901 1433 1946 conjugem.
1455 1900 1513 1935 Sic
1530 1899 1608 1934 effi-

902 1972 906 1976 -
923 1955 1015 1989 citur
1028 1981 1037 1998 ‚
1065 1961 1102 1989 ut
1116 1961 1231 1989 totum
1249 1967 1359 1999 genus
1376 1952 1607 1988 abominabile

922 2007 1093 2043 videatur.

971 2075 983 2095 1
994 2074 1005 2095 1
1016 2075 1042 2095 1.
1062 2062 1112 2094 Et
1124 2062 1256 2103 scelus,·
1276 2059 1357 2106 quia
1373 2058 1527 2106 prodidit
1544 2071 1607 2104 pa-

923 2120 1014 2148 trem
1033 2126 1041 2148 ι
1065 2119 1100 2147 ct
1119 2116 1269 2147 merdam
1285 2125 1297 2157 ,·
1329 2112 1410 2159 quia
1437 2111 1607 2146 victorem

922 2164 1004 2199 secit
1012 2163 1186 2198 Minoem.
1204 2165 1269 2198 Ed.
1286 2182 1330 2191 -
1347 2165 1512 2207 Congesta
1527 2175 1608 2197 rum

923 2219 967 2254 vi.
988 2218 1115 2263 Quum
1139 2218 1195 2252 alii
1218 2218 1328 2252 multa
1350 2225 1384 2251 et
1406 2217 1501 2251 varia
1521 2229 1607 2262 spe-

924 2279 1023 2315 rent,
1040 2285 1119 2306 mea
1134 2279 1214 2306 vota
1228 2272 1347 2306 omnia
1363 2272 1400 2305 in
1417 2279 1450 2306 te
1467 2269 1607 2314 conspi-

924 2332 1004 2359 rant
1018 2339 1026 2365 ;
1040 2328 1177 2369 congeri
1188 2324 1284 2358 enim
1297 2324 1463 2359 dicuntur
1479 2335 1556 2367 quae
1574 2323 1610 2356 in

926 2388 1038 2410 unum
1057 2389 1220 2410 acervum
1232 2376 1469 2410 cumulantur.
1486 2393 1530 2399 —
1544 2375 1609 2408 Su-

918 2437 1039 2475 perata
1043 2431 1151 2473 jacet,
1167 2436 1205 2464 ut
1217 2431 1245 2473 l,
1270 2445 1280 2464 ι
1289 2434 1342 2476 49,
1359 2433 1451 2462 victa
1459 2428 1610 2472 jacet.—

925 2485 1064 2518 Manere
1081 2511 1088 2523 ,
1110 2491 1240 2518 statum
1259 2483 1444 2528 pristinum
1460 2495 1610 2516 servare.

974 2548 986 2568 ι
997 2536 1044 2569 ι5.
1062 2537 1176 2569 Patrt‘s
1191 2538 1239 2568 ad
1254 2545 1333 2571 ora:
1354 2533 1495 2579 plurimi
1514 2533 1530 2579 (
1547 2533 1611 2567 in—

927 2593 980 2620 ter
992 2599 1078 2631 quos
1095 2586 1225 2631 Regius
1242 2593 1361 2620 noster
1379 2585 1459 2631 A),
1475 2589 1516 2620 ob
1531 2599 1607 2627 ora,

926 2639 1020 2683 quod
1037 2647 1071 2673 et
1091 2639 1239 2674 Heinsio
1251 2647 1286 2674 et
1303 2640 1513 2674 Bai-manno
1524 2639 1607 2685 pla-

927 2699 992 2726 cet.
1004 2711 1047 2717 —
1061 2694 1140 2736 Quae
1151 2695 1350 2728 tibidonavi
1359 2694 1461 2739 paulo
1473 2692 1608 2736 durius,

927 2746 1026 2790 cujus
1050 2746 1196 2780 salutem
1217 2759 1298 2780 cum
1319 2747 1415 2780 crine
1438 2743 1498 2780 tibi
1518 2757 1608 2790 pro-

928 2796 1062 2834 didi.--
1076 2800 1296 2844 Exemplum,
1314 2798 1464 2834 similem
1482 2797 1608 2844 prodi-
