1820 3106
263 214 976 261 METAMORPHOSEON
1008 217 1142 262 LIB.
1179 219 1294 265 XV.

65 308 198 358 Scitis
220 309 360 369 enim,
384 317 569 358 nec‘vos
591 306 709 356 fallit
729 310 927 376 spatiosa
949 322 1145 360 vetustas
1158 349 1171 370 ,

67 386 199 436 Unde
223 385 476 437 Coroniden
500 385 754 434 circumflua
776 386 1022 454 Thybridis
1041 387 1164 437 alveo

64 465 218 517 Insula
240 463 469 516 Romuleae
494 463 628 513 sacris
652 463 886 513 adsciverit
908 465 1048 514 urbis.

129 545 241 594 Dira
260 543 358 595 lues>
379 542 607 610 quondam
628 542 778 592 Latias
799 542 1030 592 vitiaverat
1051 561 1204 601 auras,

64 621 327 688 Pallidaque
349 620 564 684 exsangui
587 619 854 688 squalebant
876 639 1066 687 corpora
1090 620 1196 669 tabo
1217 640 1227 668 :

62 698 316 750 Funeribus
338 698 445 748 fessi
469 711 708 766 postquam
729 697 936 748 mortalia
957 710 1145 747 cernunt

64 779 358 827 Tentamenta
379 776 493 825 nihil
506 814 519 836 ‚
543 776 659 826 nihil
683 788 798 826 artes
820 795 952 843 posse
971 776 1226 826 medentum
1240 780 1261 836 ‚'

17 873 21 876 ’
63 855 299 906 Auxilium
323 853 497 904 caeleste
517 865 680 922 petunt
699 875 709 904 :
729 855 1233 922 mediamquestenentes

1438 870 1507 904 630

63 934 208 983 Orbis
230 933 420 982 humum
442 931 647 999 Delphos
669 932 836 982 adeunt
853 971 865 994 ,
890 933 1070 983 oracula
1095 934 1283 993 Phoebi3

62 1014 216 1080 thue
241 1011 469 1062 salutifera
488 1011 662 1061 miseris
686 1031 944 1061 succurrere
965 1011 1102 1061 rebus

63 1091 195 1140 Sorte
218 1090 351 1150 velit,
377 1101 598 1156 tantaeque
620 1089 748 1139 urbis
769 1089 884 1139 mala
907 1089 1057 1150 finiat,
1085 1103 1229 1139 orant.

63 1168 126 1216 Et
145 1166 297 1227 locus,
319 1178 366 1216 et
386 1165 540 1215 laurus
554 1204 566 1226 ‚
593 1178 663 1226 et,
688 1186 798 1234 quas
820 1167 960 1217 habet
983 1166 1058 1215 illa
1072 1204 1084 1227 ,
1111 1166 1353 1235 pharetrae,

63 1272 179 1308 Bruto
188 1272 311 1310 Scaeva
322 1285 408 1309 coss.
420 1272 618 1319 pestilentia
631 1279 755 1308 vasta-

62 1325 115 1361 vit
128 1326 255 1361 urbem
273 1338 454 1372 agrosque.
472 1325 568 1360 Libri
591 1325 754 1372 Sibyllini

64 1377 148 1413 aditi
159 1403 170 1422 ,
178 1377 360 1425 quodnam
369 1377 570 1413 remedium
580 1378 656 1423 ejus
668 1378 754 1413 mali

64 1443 86 1466 a
99 1430 179 1466 Diis
189 1430 347 1474 daretur,
365 1430 607 1476 AEsculapium
619 1430 661 1465 ab
673 1430 755 1476 Epi-

65 1481 178 1518 dauro
193 1483 318 1519 arcessi
338 1483 530 1529 iusserunt.
550 1483 673 1530 Legati
689 1496 755 1518 an—

66 1548 173 1582 guem
185 1561 196 1580 ‚
213 1536 276 1582 qui
290 1548 326 1571 se
340 1535 377 1570 in
389 1548 518 1570 navem
530 1548 655 1571 eorum
666 1549 756 1571 con-

65 1590 195 1625 tulerat
207 1615 218 1634 ,
236 1589 275 1624 in
294 1602 366 1635 quo
383 1589 456 1635 ipse
479 1589 580 1624 Deus
601 1589 730 1625 latebat
743 1615 753 1634 ,

65 1641 296 1688 deportavere
314 1654 323 1677 ε
338 1653 452 1687 eoque
467 1641 507 1676 in
524 1641 676 1677 insulam
694 1642 757 1677 Ti-

64 1694 159 1730 beris
187 1706 328 1741 egresso
347 1720 358 1739 ,
394 1693 521 1729 eodem
552 1694 631 1729 loco
657 1694 758 1730 sedes

67 1745 272 1793 AEsculapio
288 1753 491 1782 consecrata
513 1753 589 1789 est;
615 1747 734 1781 Livius
746 1772 757 1789 ,

66 1800 124 1845 X,
148 1801 213 1846 47;
232 1799 399 1846 Epitome
418 1799 554 1835 Livian.
573 1799 662 1835 libro
684 1799 758 1842 XI;

69 1853 189 1889 Valer.
205 1852 384 1889 Maximus
396 1879 407 1897 ,
437 1853 454 1888 1
472 1879 482 1897 ,
509 1854 530 1888 8
547 1867 556 1895 ;
586 1851 736 1888 Orosius
748 1879 758 1896 ,

69 1906 150 1951 111,
167 1919 232 1947 223
248 1905 469 1950 Lactantius,
490 1905 575 1941 lust.
594 1906 631 1942 11
648 1931 658 1949 ‚
678 1917 734 1940 vn
747 1933 758 1950 ,

73 1958 134 2000 13;
150 1957 361 1993 Plutarchus
374 1984 384 2001 ,
402 1957 538 2003 Quaest.
552 1958 657 1993 Rom.
673 1966 760 1993 tom.

70 2010 146 2046 vll
158 2037 168 2054 ‚
188 2009 283 2056 Opp.
295 2023 328 2057 p.
342 2011 404 2046 153
416 2010 500 2046 edit.
513 2009 654 2046 Reiskii.
667 2010 761 2046 Tota

70 2063 188 2099 fabula
201 2076 220 2098 a
233 2063 365 2099 Nostro
377 2076 507 2110 magna
521 2077 604 2099 cum
617 2063 761 2110 diligen-

71 2116 119 2151 tia
130 2142 142 2160 ,
159 2115 343 2162 multoque
357 2117 501 2163 iugenio
518 2123 673 2152 tractata.

115 2168 194 2204 623.
219 2169 400 2205 Invocatio
424 2168 588 2204 Deorum
604 2162 641 2204 in
658 2169 763 2204 rebus

72 2232 93 2255 a
107 2223 278 2266 spatiosa,
301 2227 437 2256 remota
451 2235 470 2256 a
483 2221 611 2257 nostris
624 2229 763 2267 tempo-

73 2272 171 2307 ribus
184 2299 194 2317 ,
211 2279 380 2309 vetustate
397 2273 554 2319 repetitis
565 2301 575 2318 ,
587 2274 628 2309 ad
642 2288 764 2309 exem-

73 2325 174 2371 plum
190 2325 367 2370 Homeri,
390 2325 432 2361 Il.
447 2332 470 2361 B
483 2353 493 2371 ‚
515 2327 580 2371 484
593 2353 602 2370 ,
626 2334 662 2362 et
679 2328 766 2362 Vir-

75 2375 168 2424 gilii,
194 2377 280 2413 AEn.
295 2377 369 2414 Vll
384 2405 394 2423 ,
417 2379 479 2421 641
498 2405 507 2422 ,
527 2379 696 2415 instituta.
718 2379 766 2415 Et

75 2430 124 2465 ita
145 2443 241 2465 novo
263 2430 372 2466 modo
397 2445 417 2467 a
441 2431 560 2466 fabula
583 2433 765 2478 superiore

73 2484 207 2519 iransit
221 2484 265 2519 ad
280 2492 500 2530 sequentem.

122 2536 199 2580 624.
214 2538 312 2573 Unde
324 2564 332 2572 .
345 2564 353 2572 .
367 2565 375 2572 .
384 2541 475 2574 urbis
485 2565 493 2578 ‚
514 2550 620 2584 quam
629 2538 674 2572 ob
683 2551 769 2573 cau-

79 2602 155 2629 sam
167 2589 386 2635 AEsculapius
399 2616 408 2631 ,
422 2590 520 2625 Deus
533 2590 744 2636 Epidaurius
758 2617 768 2634 ,

83 2654 105 2677 a
132 2642 304 2677 Romanis
332 2642 370 2677 in
400 2642 512 2677 insula
539 2642 676 2677 Tiberis
703 2643 770 2677 coli

85 2700 218 2740 coeptus
232 2695 529 2735 sit-Coronides,
551 2695 771 2740 AEsculapius

89 2746 243 2792 Apollini
254 2759 272 2783 e
282 2746 471 2783 Coronidis
486 2755 588 2783 utero
598 2754 750 2783 exsectus
760 2762 769 2791 ς

821 1273 857 1308 II
869 1299 878 1317 ,
894 1273 961 1308 628
976 1274 1398 1321 sqq.·-Tltybr1‘disalve0‚
1413 1273 1513 1322 Thy-

818 1323 920 1358 bride
938 1323 1018 1358 :sed
1037 1326 1151 1365 alveo,
1178 1337 1242 1370 pro
1261 1325 1402 1371 vulgato
1419 1329 1506 1368 alti,

819 1375 864 1412 de
877 1387 941 1410 suo
956 1375 1053 1411 dedit
1065 1376 1244 1411 Heinsius.
1251 1376 1358 1412 Forte
1372 1384 1512 1423 praestat

818 1430 936 1469 undis,
951 1427 1045 1473 quod
1056 1427 1223 1464 exhibent
1233 1442 1285 1474 pr.
1296 1429 1488 1465 Vaticanus
1498 1456 1507 1472 ,

821 1496 873 1528 pr.
887 1483 1143 1518 Ambrosianus
1153 1509 1163 1529 ,
1180 1484 1291 1531 Neap.
1303 1492 1340 1520 et
1353 1485 1425 1520 duo
1436 1486 1515 1520 Me-

823 1535 933 1571 dicei:
952 1536 1181 1572 Burmannus
1191 1537 1330 1582 mallet,
1347 1540 1515 1586 Thybride

809 1590 916 1634 flavo.
928 1606 972 1614 -—
986 1588 1104 1624 Ambo
1120 1589 1222 1636 Regii
1238 1589 1371 1626 habent
1384 1590 1515 1638 vulga-

821 1649 899 1677 tum
918 1645 992 1677 alti.
1009 1661 1053 1670 —
1072 1643 1124 1678 Ea
1147 1642 1261 1679 insula
1284 1643 1375 1679 dicta
1400 1646 1516 1679 insula

821 1697 1038 1740 AEsculapil‚·
1065 1696 1257 1732 Suetonius
1275 1723 1286 1741 ‚
1313 1696 1439 1732 Claud.
1462 1699 1516 1733 25.

823 1749 879 1784 De
896 1750 973 1794 ejus
988 1750 1124 1797 origine
1141 1751 1220 1786 vide
1234 1751 1374 1787 Livium
1384 1779 1394 1796 ,
1413 1752 1450 1787 II
1461 1779 1471 1796 ,
1485 1755 1515 1788 5.

824 1802 912 1836 Ron
928 1810 1023 1838 recte
1037 1805 1241 1846 adsciverin·
1261 1804 1340 1839 Diis
1353 1806 1449 1840 enim
1462 1805 1514 1839 in-

825 1853 981 1901 digenis,
1003 1855 1202 1891 domesticis
1220 1883 1229 1900 ‚
1259 1857 1378 1902 patriis
1403 1870 1516 1904 oppo-

825 1914 963 1941 nuntur
973 1910 1103 1943 adsciti
1113 1907 1266 1951 (Graecis
1278 1910 1406 1947 t'rrt'ficru
1418 1908 1448 1956 ),
1461 1922 1517 1945 eo-

825 1972 977 2005 rumque
993 1974 1089 1996 sacra
1103 1964 1261 2005 adscita;
1278 1962 1345 1997 vid.
1360 1963 1483 1999 Heius.

869 2012 945 2046 626.
964 2013 1072 2054 Dira,
1097 2027 1200 2059 grave
1219 2013 1400 2060 epitheton
1415 2041 1424 2059 ‚
1444 2028 1514 2061 quo

826 2064 892 2098 tria
908 2064 1012 2099 simul
1026 2064 1271 2111 significantur
1283 2093 1292 2111 ,
1314 2079 1334 2102 a
1353 2066 1429 2103 Diis
1446 2069 1516 2103 ira-

827 2116 870 2151 tis
888 2117 1060 2161 immissa,
1080 2119 1163 2153 mali
1187 2119 1316 2155 ominis
1332 2127 1368 2156 et
1389 2129 1516 2166 praeter

827 2169 976 2203 modum
987 2170 1106 2205 omnia
1120 2178 1255 2206 vastans
1265 2198 1274 2216 ,
1290 2178 1327 2206 ut
1336 2175 1411 2208 dira
1417 2187 1516 2218 gran-

828 2223 873 2255 do
889 2222 981 2266 apud
1003 2223 1217 2268 Horatium,
1239 2225 1279 2268 l,
1298 2224 1369 2260 Od.
1394 2236 1447 2269 Π,
1473 2240 1513 2268 23

828 2273 948 2309 Livius
960 2300 969 2318 ‚
981 2274 1014 2310 d.
1025 2275 1046 2309 Ι.
1056 2291 1071 2304 «‹
1085 2277 1282 2321 pestilentia
1298 2290 1404 2312 urens
1413 2278 1517 2314 simul

830 2341 849 2358 »
868 2329 994 2362 urbem
1016 2335 1120 2374 atque
1140 2341 1240 2374 agros
1255 2343 1263 2371 ;
1280 2337 1517 2377 portentoque

831 2395 849 2410 »
869 2381 940 2426 jam
952 2381 1074 2416 similis
1084 2389 1160 2416 erat
1170 2382 1294 2417 clades.
1308 2398 1325 2413 υ
1339 2382 1518 2429 Copiosio-

830 2446 906 2467 rem
916 2434 1124 2478 pestilentiae
1131 2434 1403 2480 descriptionem
1412 2436 1516 2475 habes

831 2498 935 2530 supra
946 2486 1018 2520 Vll
1030 2512 1040 2529 ‚
1054 2487 1118 2520 523
1128 2499 1191 2531 sqq
1203 2501 1210 2527 ;
1227 2488 1344 2533 itaque
1352 2488 1386 2522 h.
1398 2488 1419 2522 1.
1430 2502 1519 2535 pau-

831 2537 880 2572 cis
896 2550 936 2572 ea
951 2537 1168 2582 defungitur.
1179 2541 1408 2585 —Exsangui
1416 2545 1513 2584 tabo,

832 2590 1003 2634 sanguine
1013 2590 1046 2623 in
1056 2590 1190 2633 tabum,
1199 2590 1333 2627 saniem
1341 2602 1519 2639 corrupte.

879 2642 955 2676 530.
967 2642 1117 2676 ,Mediam
1130 2646 1288 2677 leucatas.
1298 2643 1377 2679 Vid.
1387 2645 1432 2689 X,
1448 2647 1519 2694 167.

834 2710 878 2719 -
899 2695 1001 2727 Orbis
1017 2695 1155 2735 humus,
1178 2695 1272 2730 orbis
1287 2702 1472 2735 terrarum.

879 2747 954 2792 634.
968 2749 1125 2792 Etlocus,
1145 2754 1180 2783 ct
1191 2751 1318 2794 laurus,
1333 2757 1397 2786 etc.
1410 2752 1522 2787 Locus
