1820 3106
321 200 1009 267 METAMORPHOSEON
1041 198 1171 248 L'IB.
1211 204 1325 251 XV.

1459 206 1545 250 525

119 300 266 350 Crura
286 298 364 350 dat
385 319 396 350 τ
416 311 554 366 utque
581 297 730 347 eadem
754 297 844 346 sint
868 296 1016 361 longis
1038 295 1226 346 saltibus
1250 309 1351 365 apta
1366 313 1383 358 ,·

121 376 349 426 Posterior
369 379 516 444 partes
537 385 716 441 superat
737 391 942 422 mensura
964 373 1152 440 priores.

119 453 215 504 Nec
238 452 410 504 catulus
430 463 560 520 partu
574 489 586 510 ‚
613 470 744 518 quem
768 450 964 499 reddidit
986 470 1090 500 ursa
1113 452 1278 500 recenti
1292 489 1304 510 ‚

124 532 212 582 Sed
230 530 342 581 male
365 530 462 578 viva
485 548 587 579 caro
613 541 680 579 est
699 549 709 577 :
729 528 969 578 lambendo
993 542 1134 579 mater
1152 529 1201 579 in
1219 542 1341 579 artus

1485 546 1551 582 380

120 609 297 674 Fingit,
320 619 366 658 et
390 608 436 656 in
455 608 666 666 formam,
693 619 900 674 quantam
925 607 1045 675 capit
1069 608 1191 675 ipsa,
1215 608 1396 658 reducit.

117 690 278 738 Nonne
301 686 424 736 vides
439 724 451 746 ‚
476 705 589 754 quos
614 704 710 734 cera
734 685 845 748 tegit
861 683 1122 749 sexangula,
1147 685 1280 734 soetus

43 823 48 826 ,
119 766 437 818 Melliferarum
462 765 612 832 apium
633 765 731 813 sine
754 758 962 813 membris
987 782 1178 830 corpora
1201 764 1344 824 nasci,

117 846 179 895 Et
200 863 411 912 serosque
429 843 588 911 pedes,
613 860 819 911 serasque
843 843 1070 892 adsumere
1092 845 1298 910 pennas?

116 923 312 973 Junonis
333 921 557 972 volucrem
572 960 585 981 ,
613 941 710 990 quae
735 920 1040 971 cauda'sidera
1061 933 1236 990 portat,

1486 935 1552 973 385

114 1001 487 1068 Armigerumque
508 1001 538 1049 J
541 1000 635 1049 ovis
651 1037 663 1059 ‚
694 998 1099 1067 Cythereiadasque
1122 999 1350 1048 columbas
1366 1037 1378 1059 ,

115 1080 177 1129 Et
201 1096 340 1142 genus
362 1096 490 1127 omne
514 1076 661 1126 avium
683 1077 840 1126 mediis
864 1096 887 1126 e
909 1076 1114 1144 partibus
1134 1077 1233 1135 ovi,

117 1156 178 1206 Ni
200 1155 332 1205 sciret
353 1153 469 1214 fieri,
490 1154 586 1205 fieri
609 1155 709 1222 quis
731 1174 862 1222 posse
887 1155 1095 1222 putaret?

119 1233 234 1283 Sunt
256 1232 358 1301 qui,
382 1252 521 1300 quum
543 1232 694 1282 clauso
718 1232 967 1299 putrefacta
990 1244 1056 1281 est
1079 1232 1206 1299 spina
1229 1231 1454 1300 sepulcro,

115 1310 288 1361 Mutari
309 1311 491 1360 credant
509 1312 725 1361 humanas
748 1330 887 1374 angue
912 1309 1141 1359 medullas.

1486 1325 1553 1371 390

118 1389 225 1438 Haec
246 1399 392 1438 tamen
416 1407 469 1437 ex
493 1387 591 1437 aliis
616 1388 787 1436 ducunt
809 1387 1052 1455 primordia
1076 1386 1210 1435 rebus
1230 1406 1241 1434 :

118 1467 219 1515 Una
242 1477 335 1526 est,
361 1484 459 1534 quae
483 1477 682 1533 reparet,
710 1485 844 1533 seque
868 1467 966 1534 ipsa
987 1465 1247 1524 reseminet‚
1271 1463 1384 1525 ales;

115 1576 302 1624 deponunt
314 1577 353 1613 in
366 1577 462 1613 limo.
471 1594 515 1604 -
523 1579 695 1613 Posterior
703 1591 798 1613 men-

113 1643 210 1672 sura,
230 1642 398 1666 mensura
407 1630 642 1677 posteriorum
655 1630 798 1676 pedum.

157 1684 233 1733 379.
255 1685 327 1719 Nec
346 1685 482 1720 catulus
498 1692 600 1729 partu
623 1692 688 1720 etc.
716 1684 799 1720 Pli-

116 1736 196 1772 nius
206 1763 217 1781 ‚
228 1736 325 1772 VIII
335 1762 346 1781 ‚
356 1737 400 1772 3ss
408 1763 418 1780 ,
429 1736 473 1771 de
484 1749 647 1772 ursorum
659 1737 796 1773 catulis:

115 1802 136 1820 κ
147 1787 198 1825 Hi
209 1795 292 1824 sunt
302 1786 450 1824 candida
461 1787 691 1833 informisque
703 1801 796 1833 caro,

116 1854 135 1872 n
149 1840 253 1886 paulo
264 1840 424 1876 muribus
435 1841 551 1887 major
561 1867 571 1884 ,
586 1840 662 1876 sine
670 1841 796 1885 oculis,

117 1906 135 1924 π
150 1891 226 1928 sine
240 1891 334 1939 pilo:
349 1905 486 1939 ungues
501 1899 641 1928 tantum
655 1893 798 1939 promi—

118 1961 136 1979 »
152 1953 242 1982 nent
264 1960 273 1982 ς
299 1946 391 1983 hanc
416 1946 604 1983 lambendo
631 1947 798 1993 paulatim

118 2013 137 2030 ν»
154 1999 317 2046 figurant,
334 2013 352 2030 n
372 1999 471 2035 Falsa
498 2006 616 2035 tamen
642 1998 697 2034 illa
719 2006 799 2034 tra-

117 2052 204 2088 ditio
217 2078 228 2095 ,
249 2059 326 2088 orta
341 2051 436 2088 haud
458 2052 562 2088 dubie
580 2052 684 2095 inde,
702 2052 798 2098 quod

115 2104 316 2141 semndinis
334 2105 546 2141 crassissimis
567 2105 715 2140 involuti
731 2117 799 2139 ur-

115 2170 236 2194 sorum
247 2157 350 2194 catuli
358 2157 535 2203 eduntur,
548 2171 632 2204 quas
645 2171 719 2192 non
731 2158 798 2192 nisi

116 2211 176 2247 diu
197 2209 386 2246 lambendo
408 2210 574 2245 revellere
595 2217 709 2246 mater
727 2225 798 2257 po·-

114 2270 191 2299 test.
201 2282 244 2290 —-
253 2263 325 2298 Pro
340 2275 434 2308 quem
446 2264 610 2302 reddidit,
630 2263 798 2299 Heinsius

114 2316 212 2353 malit
220 2318 313 2367 quod
316 2311 470 2352 reddidit.
477 2318 644 2351 Reddidit
650 2325 701 2353 est
714 2331 776 2363 pro
785 2344 795 2361 ‚

114 2369 234 2405 edidit.
245 2388 290 2396 —
304 2370 400 2405 Male
422 2372 500 2404 viva
517 2396 526 2410 ‚
557 2369 613 2403 vix
638 2377 696 2404 aut
723 2382 797 2405 non

113 2419 199 2455 viva.
211 2421 271 2457 Sic
286 2421 340 2457 lv
350 2447 360 2466 ,
378 2421 440 2456 285
453 2447 462 2463 ‚
478 2423 567 2455 male
571 2420 684 2464 fortes
692 2424 797 2455 undoe.

114 2472 261 2511 Sueton-
271 2474 363 2520 Aug.
374 2474 482 2517 XXI,
497 2487 514 2507 2
526 2499 536 2517 ,
549 2476 703 2508 nationes
713 2477 800 2508 male

111 2527 325 2569 quieta—Iu
346 2533 440 2560 artus
443 2528 551 2571 fingit
566 2551 576 2569 ‚
603 2524 704 2571 fingit
717 2552 727 2569 ,
759 2532 799 2561 ut

114 2578 272 2613 membra
287 2578 448 2615 distincta
464 2579 665 2625 adpareant.

157 2631 232 2667 382.
254 2633 375 2667 Nonne
390 2635 484 2667 vides
499 2640 563 2668 etc.
581 2632 611 2667 E
629 2631 796 2678 Virgilio,

115 2681 243 2729 Georg.
262 2683 329 2728 IV,
348 2684 413 2720 310
429 2697 436 2719 :
455 2686 588 2720 Trunca
594 2687 799 2729 pedumpri-

116 2749 170 2773 mo
180 2750 190 2772 :
203 2750 281 2773 mox
286 2744 321 2773 et
331 2741 506 2775 sordentia
513 2743 634 2782 penmtr
646 2739 799 2774 ,Μίκω-

864 1583 927 1620 tur,
939 1584 1133 1624 tenuemque
1145 1580 1255 1623 magis
1265 1580 1374 1623 magis
1383 1590 1466 1612 aera
1474 1590 1554 1613 car-

858 1637 957 1677 punt.
977 1630 1085 1667 Conf.
1099 1630 1317 1674 Plinius,xl
1330 1657 1339 1675 ‚
1359 1631 1553 1675 16.—Quos

864 1699 940 1721 cera
951 1689 1049 1731 tegit,
1068 1685 1149 1731 quia
1160 1683 1261 1719 ovula
1276 1683 1506 1730 deponuntur
1515 1684 1552 1719 in

864 1737 994 1773 cellulis
1003 1738 1111 1772 cereis
1121 1763 1131 1781 ‚
1142 1749 1292 1782 quarum
1300 1735 1416 1770 forma
1425 1748 1553 1770 sea-an-

861 1793 943 1835 gula
955 1790 1104 1824 maxime
1116 1787 1338 1824 admirabilis.
1349 1807 1393 1814 —-
1404 1788 1556 1832 Melliser

862 1847 1029 1878 exercitus
1053 1843 1172 1888 apium
1199 1840 1291 1886 apud
1316 1840 1550 1886 Claudianus,

865 1895 948 1937 XV,
975 1908 1047 1940 127.

908 1948 982 1984 385.
998 1949 1146 1982 Junom‘s
1162 1948 1327 1981 volucrem
1344 1952 1409 1981 etc.
1424 1944 1550 1991 Quum

863 2013 942 2035 aves
950 2000 1098 2035 omnino
1109 1998 1266 2034 dicendae
1280 2005 1413 2041 essent,
1427 1999 1552 2039 maluit

863 2051 1091 2087 nobilissimas
1107 2063 1238 2096 ponere
1255 2062 1337 2085 cum
1355 2050 1527 2096 adjunctis
1540 2077 1550 2094 ‚

864 2117 942 2140 aves
960 2105 1041 2139 Jovi
1054 2131 1064 2148 ,
1085 2103 1222 2138 Junoni
1236 2129 1245 2147 ,
1267 2103 1405 2137 Veneri
1428 2115 1551 2138 sacras.

863 2158 1008 2193 —Fieri
1017 2161 1092 2202 quis
1101 2169 1204 2202 posse
1218 2155 1314 2190 dedit
1333 2155 1500 2190 Heinsius
1510 2168 1552 2190 ex

863 2222 936 2244 uno
954 2208 1088 2244 Mor-eti
1110 2221 1175 2255 pro
1194 2208 1333 2250 vulgata
1357 2211 1432 2252 quis
1454 2210 1556 2242 nasci

857 2276 961 2308 posse
977 2263 990 2306 (
1003 2275 1107 2308 quam
1121 2263 1252 2297 habent
1265 2261 1367 2308 Regii
1381 2261 1550 2307 codices.)

909 2316 983 2364 389.
1002 2317 1086 2350 Sunt
1097 2319 1168 2361 qui,
1189 2328 1286 2360 quum
1303 2321 1366 2349 etc.
1394 2314 1527 2349 Plinius
1540 2341 1550 2358 ,

864 2370 898 2405 X
912 2396 921 2412 ‚
938 2369 982 2403 66
999 2382 1007 2403 2
1028 2383 1044 2398 «
1064 2369 1229 2414 Anguem
1251 2381 1291 2403 ex
1310 2367 1462 2402 medulla
1480 2367 1552 2402 ho·-

865 2436 883 2452 »
902 2421 1006 2456 minis
1033 2421 1142 2467 spinae
1169 2421 1286 2466 gigni,
1316 2421 1510 2466 accepimus
1532 2432 1551 2454 a

865 2490 884 2506 >›
902 2475 1030 2509 multis.
1053 2475 1226 2520 Pleraque
1245 2473 1342 2508 enim
1366 2473 1499 2508 occulta
1515 2479 1551 2507 et

865 2543 883 2560 »
901 2540 989 2563 caeca
1006 2528 1140 2573 origine
1161 2528 1384 2573 proveniunt.
1401 2541 1419 2557 »
1438 2527 1550 2562 Anti-

865 2595 944 2627 gon.
964 2582 1091 2616 Mirab.
1110 2594 1184 2626 cap.
1199 2582 1244 2628 96
1257 2608 1267 2624 ‚
1292 2581 1408 2624 addit,
1426 2581 1550 2616 homi-

864 2647 926 2669 nes
938 2660 947 2676 ‚
964 2634 1089 2679 quibus
1102 2633 1134 2667 id
1150 2634 1297 2669 mortuis
1307 2633 1438 2669 accidat
1448 2661 1457 2678 ,
1468 2640 1549 2669 ante

867 2687 1001 2723 obitum
1019 2686 1156 2722 odorari
1175 2693 1314 2733 angues.

911 2740 984 2786 392.
1002 2739 1080 2774 Una
1090 2745 1144 2775 est
1152 2765 1161 2782 ,
1173 2753 1242 2785 que
1256 2746 1401 2784 reparet,
1414 2746 1478 2775 etc.
1492 2739 1548 2774 De
