1820 3106
275 267 356 295 102

623 257 674 299 P.
726 257 966 303 OVIDII
1003 260 1310 307 NASONIS

266 345 520 396 Arboribus
544 348 664 397 caesis
678 386 690 407 ‚
716 369 824 416 quas
844 352 979 402 ardua
1002 366 1195 416 gesserat
1217 356 1357 415 OEte‚

1618 375 1687 409 230

263 423 405 489 Inque
424 443 576 491 pyram
601 427 781 475 structis
796 465 808 486 ‚
834 448 960 479 arcus
983 430 1320 500 pharetramque
1340 453 1565 501 capacem,

264 502 508 569 Regnaque
530 504 699 553 visuras
722 505 882 555 iterum
903 509 1095 574 Trojana
1119 510 1298 574 sagittas

260 581 391 629 Ferre
412 582 541 646 jubes
561 583 741 638 Poeante
765 596 908 634 satum
929 605 939 634 :
962 606 1052 653 quo
1075 587 1246 637 flamma
1268 589 1472 638 ministro

260 659 446 708 Subdita
463 697 475 718 ‚
506 660 700 728 dumque
723 663 860 712 avidis
884 665 1218 731 comprenditur
1240 666 1420 730 ignibus
1441 687 1572 731 agger
1591 706 1603 726 ,

263 737 525 800 Congeriem
549 738 667 789 silvae
689 742 891 791 Nemeaeo
916 742 1072 792 vellere
1095 764 1308 794 summam
1615 759 1682 794 235

258 813 428 863 Sternis
446 854 458 874 ‚
485 828 528 864 et
549 816 758 884 imposita
782 819 910 869 clavae
934 822 1099 871 cervice
1121 824 1342 872 recumbis
1360 860 1373 882 ‚

257 891 391 939 Haud
415 891 502 941 alio
527 893 681 953 vultu,
707 916 838 962 quam
861 898 899 945 si
924 899 1105 948 conviva
1124 900 1313 964 jacereS‚

256 970 380 1018 Inter
400 970 530 1037 plena
554 973 662 1020 meri
685 973 916 1024 redimitus
939 976 1101 1042 pocula
1124 978 1265 1026 sertis.

321 1048 399 1095 IV.
422 1050 610 1116 Jamque
632 1050 806 1110 valens,
832 1065 877 1100 et
897 1053 943 1101 in
963 1073 1093 1103 omne
1117 1055 1233 1104 latus
1256 1055 1417 1104 diffusa
1436 1018 1649 1112 sonabat,

257 1123 533 1192 Securosque
559 1139 707 1186 artus,
731 1141 1139 1198 contemtoremque
1166 1132 1345 1198 petebat

1617 1145 1684 1190 240

254 1199 450 1250 Flamma
473 1222 602 1251 suum
623 1224 633 1251 ε
656 1204 839 1254 timuere
865 1207 940 1254 Dii
962 1227 1045 1274 pro
1067 1209 1239 1257 vindice
1263 1221 1399 1257 terrae.

257 1279 385 1341 Quos
408 1278 492 1336 ita,
514 1280 652 1328 sensit
676 1282 814 1340 enim,
839 1282 939 1332 laeto
963 1285 1197 1334 Saturnius
1221 1304 1302 1334 ore-

256 1426 295 1448 ae
312 1419 478 1447 truncum
491 1439 500 1456 ,
519 1413 699 1459 significat.
723 1414 776 1448 Ut
799 1414 937 1449 intelli-

255 1480 375 1513 gamus
388 1466 569 1512 scopulum
582 1466 676 1501 hunc
690 1479 708 1500 a
719 1466 854 1512 reliquo
866 1466 938 1501 Ce-

255 1532 332 1554 naeo
344 1545 354 1561 ‚
373 1519 468 1553 velut
487 1518 676 1563 abruptum
693 1518 884 1563 quemdam
900 1526 936 1554 et

254 1571 296 1606 de
302 1578 502 1606 truncatum
516 1583 693 1616 apparere.
704 1572 936 1605 Ed.-—Ardua

258 1625 352 1666 OEte5
364 1623 442 1658 vide
455 1635 533 1668 quae
543 1636 646 1668 supra
658 1622 700 1657 ad
710 1636 849 1658 versum
859 1625 934 1667 204.

253 1678 318 1710 Ed.
331 1677 497 1711 —Arcus
506 1688 518 1719 ;
536 1676 645 1710 nostri
663 1676 763 1721 Regii
776 1702 784 1719 ,
800 1689 933 1718 arcum,

253 1727 348 1773 quod
365 1728 515 1763 mallem.
530 1729 641 1763 Eat—
648 1729 830 1773 Regnaque
839 1732 937 1763 visu-

252 1792 330 1822 ras‚·
351 1778 519 1814 Heinsius
534 1779 677 1824 conjicit
688 1793 853 1824 regnaque
866 1793 935 1814 vcr-

251 1846 370 1868 suras:
386 1833 536 1868 alterum
546 1834 626 1869 satis
641 1835 932 1880 poetice.·-Regii

251 1885 361 1920 nostri
377 1885 463 1919 nihil
478 1892 628 1920 mutant.
639 1904 683 1913 —
693 1888 814 1921 Iterum
830 1890 933 1921 visu-

250 1949 307 1971 ras
319 1962 327 1976 ‚
347 1936 508 1971 viderant
527 1937 683 1982 primum
700 1950 811 1983 quum
827 1938 932 1972 Her-

250 1988 343 2023 cules
356 1987 638 2024 Laomedontem
654 1990 932 2036 impugnaret.—

248 2042 364 2081 Fem·;
389 2040 586 2086 deportare.
600 2060 645 2069 ·—·
659 2044 799 2077 Paeante
812 2047 928 2083 satus,

250 2091 460 2128 Philoctetes
480 2120 490 2137 ‚
524 2095 583 2139 qui
617 2107 741 2142 pyram
773 2095 930 2130 accendit

250 2141 412 2179 Herculis
424 2170 433 2188 ,
455 2158 519 2189 pro
539 2158 651 2191 eoque
669 2146 784 2182 officio
803 2153 930 2192 praeter

248 2196 381 2240 reliqua
398 2210 495 2232 arma
509 2198 616 2232 etiam
629 2203 776 2243 sagittas
789 2199 864 2244 ejus
878 2211 928 2234 ac-

246 2248 338 2293 cepit
355 2256 544 2284 venenatas
556 2276 567 2294 ‚
583 2251 658 2285 sine
677 2252 802 2296 quibus
821 2252 928 2285 Troia

248 2301 322 2346 capi
338 2313 412 2335 non
426 2308 562 2346 poterat
574 2315 582 2344 ;
602 2302 680 2337 vide
694 2302 736 2336 ad
749 2303 842 2338 XIII
852 2329 861 2346 ‚
874 2305 926 2346 45.

248 2351 353 2398 Apud
377 2352 590 2398 Sophoclem
602 2379 612 2397 ,
647 2368 660 2388 1
671 2354 731 2401 193
744 2380 753 2397 ,
775 2354 902 2400 Hyllus
914 2381 923 2398 ,

247 2403 408 2439 adhibitis
434 2405 533 2440 sociis
549 2431 559 2449 ‚
587 2418 710 2452 pyram
736 2406 839 2440 struit
853 2432 862 2449 ‚
891 2414 927 2441 et

245 2457 440 2492 secundum
472 2459 662 2493 nonnullos
697 2466 816 2504 poetas
847 2471 925 2493 eam

248 2509 414 2544 accendit.
432 2509 539 2555 Apud
555 2509 685 2545 Julian.
703 2509 804 2545 Orat.
824 2511 899 2545 VII
915 2537 924 2554 ‚

245 2574 277 2605 p.
291 2562 355 2603 408
366 2588 375 2605 ,
389 2563 530 2608 Jupiter
546 2563 617 2609 ipse
633 2576 756 2611 pyram
769 2564 926 2599 accendit

245 2612 402 2647 fulmine.
421 2614 534 2650 Locus
547 2641 556 2658 ,
582 2616 641 2650 ubi
657 2629 712 2651 res
732 2616 788 2650 illa
808 2623 901 2662 gesta
913 2643 923 2661 ,

242 2663 430 2699 serior-ibus
446 2665 559 2701 adhuc
574 2667 789 2712 temporibus
805 2675 926 2703 osten-

242 2713 400 2749 debatur.
418 2716 534 2751 Livius
545 2744 554 2760 ,
576 2729 706 2762 xxxv1,
723 2719 776 2752 30.
790 2718 925 2754 Confer

243 2764 428 2811 Senecam,
443 2768 549 2803 Herc.
562 2769 637 2806 (Et.
650 2771 732 2816 1607
743 2784 817 2817 sqq.
828 2771 923 2811 Cum

1001 1416 1066 1452 hac
1074 1418 1236 1453 Herculis
1243 1418 1486 1453 combustione
1502 1419 1618 1465 Aiacis
1627 1419 1680 1454 su-

1001 1481 1067 1503 nus
1076 1477 1255 1514 comparat
1262 1470 1388 1515 Quint.
1399 1471 1523 1515 Cal.V,
1532 1472 1596 1516 642
1603 1485 1678 1519 sqq.

1045 1521 1273 1557 235.Nemeoeo
1279 1526 1414 1565 vellere,·
1425 1523 1512 1569 pelle
1522 1525 1678 1560 Nemeaei

999 1571 1374 1616 leonis.Ed.—Clavae;
1387 1575 1499 1619 clava,
1515 1577 1679 1611 Herculis

999 1624 1134 1670 insigne
1147 1652 1156 1669 ,
1178 1633 1218 1660 ut
1231 1627 1328 1661 Jovis
1347 1628 1482 1662 fulmen
1494 1655 1503 1668 ‚
1521 1628 1678 1674 Neptuni

998 1676 1132 1712 tridens
1145 1703 1155 1721 ‚
1183 1685 1247 1713 etc.
1274 1680 1341 1713 Ed.
1355 1698 1400 1705 -
1415 1681 1618 1714 Recumbcre
1640 1680 1677 1714 in

998 1730 1102 1764 armis
1117 1730 1274 1765 solebant
1283 1731 1417 1767 heroes.
1428 1731 1567 1777 Dignus
1579 1733 1679 1766 Her-

997 1782 1073 1817 cule
1085 1783 1205 1818 exitus.
1216 1783 1370 1828 Seneca,
1388 1784 1422 1818 d.
1433 1784 1454 1819 l.
1467 1797 1556 1820 vers.
1576 1785 1677 1820 1683:

1001 1836 1086 1878 Quis·
1111 1839 1163 1870 sic
1183 1838 1508 1880 triumphanssloetus
1525 1840 1562 1871 l'n
1580 1850 1678 1871 curm

996 1891 1091 1924 stelit
1109 1890 1245 1924 Victor!
1265 1887 1366 1924 Mors
1383 1889 1482 1923 enim
1497 1889 1530 1924 ei
1545 1897 1677 1925 munus

996 1947 1071 1975 erat
1087 1953 1174 1975 vers.
1194 1942 1265 1976 181.

1040 1993 1205 2039 239-272.
1230 1994 1388 2027 Herculis
1406 1992 1619 2036 Apotheosis.
1630 2011 1675 2019 —

1001 2047 1120 2079 Valere
1135 2051 1170 2078 et
1185 2047 1412 2078 convalescere
1424 2043 1568 2078 flamma
1581 2043 1675 2079 dici—

995 2101 1069 2139 tur,
1087 2107 1198 2140 quum
1210 2096 1459 2130 alimentorum
1473 2096 1553 2131 satis
1567 2095 1673 2131 habet

993 2153 1029 2181 et
1049 2147 1180 2193 accipit.
1201 2147 1422 2183 Excellenter
1447 2155 1566 2182 autem
1586 2148 1672 2182 ani—

992 2212 1092 2233 mum
1102 2200 1266 2245 expressit
1275 2226 1284 2244 ,
1303 2212 1373 2245 quo
1389 2199 1561 2235 Hercules
1573 2213 1672 2235 mor-

991 2258 1065 2286 tem
1081 2252 1180 2294 tulit,
1196 2265 1331 2287 securos
1346 2260 1456 2293 artus,
1481 2259 1670 2287 contemto-

990 2316 1119 2348 remque
1134 2316 1247 2345 suum,
1271 2317 1397 2350 eorpus
1415 2304 1576 2339 Herculis
1594 2317 1669 2339 non

992 2356 1080 2390 anxii
1093 2363 1128 2390 et
1138 2357 1397 2391 contemnentis
1404 2356 1595 2391 flammam.
1603 2357 1669 2392 Be-

989 2420 1035 2441 ne
1051 2408 1158 2442 etiam
1167 2434 1176 2451 ‚
1187 2410 1332 2453 stamma
1334 2410 1473 2452 petebat
1482 2416 1669 2444 contemto-

989 2471 1056 2493 rem
1069 2472 1176 2493 suum.

1033 2513 1109 2555 241.
1137 2513 1268 2545 Vindex
1282 2517 1393 2550 terre.
1415 2512 1430 2555 (
1446 2511 1620 2555 ἀλεξίκακος
1631 2518 1667 2547 et

990 2569 1091 2613 σωτὴρ
1100 2563 1230 2598 Graecis
1237 2563 1363 2597 dicitur
1373 2561 1561 2608 Hercules)
1571 2576 1666 2609 egre—

988 2615 1062 2661 gius
1077 2616 1196 2650 titulus
1209 2640 1219 2658 ,
1244 2627 1349 2660 quem
1368 2622 1546 2649 meruerat
1562 2615 1666 2650 Her—

987 2667 1080 2701 cules
1091 2693 1100 2711 ,
1120 2667 1199 2712 quia
1213 2666 1412 2701 hominibus
1426 2667 1540 2712 impiis
1551 2666 1665 2701 ‘seris-

988 2732 1055 2765 que
1071 2719 1282 2753 immanibus
1301 2718 1544 2754 interimendis
1563 2718 1664 2753 salu-

986 2779 1059 2807 tem
1080 2779 1115 2807 et
1141 2772 1363 2808 securitatem
1383 2771 1528 2808 dederat
1551 2772 1662 2808 terris.
