<?xml version="1.0" encoding="UTF-8"?>
<!DOCTYPE html PUBLIC "-//W3C//DTD XHTML 1.0 Transitional//EN"
    "http://www.w3.org/TR/xhtml1/DTD/xhtml1-transitional.dtd">
<html xmlns="http://www.w3.org/1999/xhtml" xml:lang="en" lang="en">
 <head>
  <title>
</title>
<meta http-equiv="Content-Type" content="text/html;charset=utf-8" />
  <meta name='ocr-system' content='tesseract 3.04.00' />
  <meta name='ocr-capabilities' content='ocr_page ocr_carea ocr_par ocr_line ocrx_word'/>
</head>
<body>
  <div class='ocr_page' id='page_1' title='image "./quaeextantomniao04oviduoft_0512.png"; bbox 0 0 1820 3106; ppageno 0'>
   <div class='ocr_carea' id='block_1_1' title="bbox 282 229 368 288">
    <p class='ocr_par' dir='ltr' id='par_1_1' title="bbox 282 229 368 288">
     <span class='ocr_line' id='line_1_1' title="bbox 282 229 368 288; baseline 0.035 -3"><span class='ocrx_word' id='word_1_1' title='bbox 282 229 368 288; x_wconf 78' lang='lat'>498</span> 
     </span>
    </p>
   </div>
   <div class='ocr_carea' id='block_1_2' title="bbox 640 225 1315 271">
    <p class='ocr_par' dir='ltr' id='par_1_2' title="bbox 640 225 1315 271">
     <span class='ocr_line' id='line_1_2' title="bbox 640 225 1315 271; baseline 0 -1"><span class='ocrx_word' id='word_1_2' title='bbox 640 228 693 270; x_wconf 88' lang='lat' dir='ltr'>P.</span> <span class='ocrx_word' id='word_1_3' title='bbox 740 226 976 271; x_wconf 91' lang='lat' dir='ltr'>OVIDII</span> <span class='ocrx_word' id='word_1_4' title='bbox 1016 225 1315 270; x_wconf 87' lang='lat' dir='ltr'><strong>NASONIS</strong></span> 
     </span>
    </p>
   </div>
   <div class='ocr_carea' id='block_1_3' title="bbox 280 317 1700 1071">
    <p class='ocr_par' dir='ltr' id='par_1_3' title="bbox 280 317 1697 999">
     <span class='ocr_line' id='line_1_3' title="bbox 281 317 1459 385; baseline -0.003 -16"><span class='ocrx_word' id='word_1_5' title='bbox 281 320 504 378; x_wconf 83' lang='lat' dir='ltr'>Praeterit,</span> <span class='ocrx_word' id='word_1_6' title='bbox 529 330 572 368; x_wconf 89' lang='lat' dir='ltr'>et</span> <span class='ocrx_word' id='word_1_7' title='bbox 598 318 785 385; x_wconf 84' lang='lat' dir='ltr'>Sybarin</span> <span class='ocrx_word' id='word_1_8' title='bbox 800 356 812 376; x_wconf 98' lang='lat'>,</span> <span class='ocrx_word' id='word_1_9' title='bbox 838 317 1198 384; x_wconf 88' lang='lat' dir='ltr'>Salentinumque</span> <span class='ocrx_word' id='word_1_10' title='bbox 1221 319 1459 376; x_wconf 79' lang='lat' dir='ltr'>Neretum,</span> 
     </span>
     <span class='ocr_line' id='line_1_4' title="bbox 281 395 1512 463; baseline 0 -19"><span class='ocrx_word' id='word_1_11' title='bbox 281 396 593 463; x_wconf 86' lang='lat' dir='ltr'>Thurinosque</span> <span class='ocrx_word' id='word_1_12' title='bbox 615 396 762 453; x_wconf 89' lang='lat' dir='ltr'>sinus,</span> <span class='ocrx_word' id='word_1_13' title='bbox 788 396 1108 462; x_wconf 85' lang='lat' dir='ltr'>Temesenque,</span> <span class='ocrx_word' id='word_1_14' title='bbox 1133 406 1178 443; x_wconf 82' lang='lat' dir='ltr'>et</span> <span class='ocrx_word' id='word_1_15' title='bbox 1199 395 1376 462; x_wconf 84' lang='lat' dir='ltr'>Iapygis</span> <span class='ocrx_word' id='word_1_16' title='bbox 1400 414 1512 444; x_wconf 83' lang='lat' dir='ltr'>arva.</span> 
     </span>
     <span class='ocr_line' id='line_1_5' title="bbox 281 471 1429 540; baseline 0 -20"><span class='ocrx_word' id='word_1_17' title='bbox 281 474 455 540; x_wconf 86' lang='lat' dir='ltr'>Vixque</span> <span class='ocrx_word' id='word_1_18' title='bbox 479 474 737 540; x_wconf 86' lang='lat' dir='ltr'>pererratis,</span> <span class='ocrx_word' id='word_1_19' title='bbox 764 492 860 539; x_wconf 89' lang='lat' dir='ltr'>quae</span> <span class='ocrx_word' id='word_1_20' title='bbox 885 484 1085 540; x_wconf 87' lang='lat' dir='ltr'>spectant</span> <span class='ocrx_word' id='word_1_21' title='bbox 1104 471 1255 531; x_wconf 87' lang='lat' dir='ltr'>litora,</span> <span class='ocrx_word' id='word_1_22' title='bbox 1279 473 1429 531; x_wconf 89' lang='lat' dir='ltr'>terris,</span> 
     </span>
     <span class='ocr_line' id='line_1_6' title="bbox 280 548 1156 605; baseline -0.002 -6"><span class='ocrx_word' id='word_1_23' title='bbox 280 551 455 599; x_wconf 85' lang='lat' dir='ltr'>Invenit</span> <span class='ocrx_word' id='word_1_24' title='bbox 478 549 646 598; x_wconf 86' lang='lat' dir='ltr'>AEsarei</span> <span class='ocrx_word' id='word_1_25' title='bbox 671 548 818 598; x_wconf 81' lang='lat' dir='ltr'>fatalia</span> <span class='ocrx_word' id='word_1_26' title='bbox 841 549 1033 598; x_wconf 87' lang='lat' dir='ltr'>fluminis</span> <span class='ocrx_word' id='word_1_27' title='bbox 1055 568 1156 605; x_wconf 91' lang='lat' dir='ltr'>ora;</span> 
     </span>
     <span class='ocr_line' id='line_1_7' title="bbox 280 624 1697 692; baseline -0.003 -17"><span class='ocrx_word' id='word_1_28' title='bbox 280 629 372 675; x_wconf 87' lang='lat' dir='ltr'>Nec</span> <span class='ocrx_word' id='word_1_29' title='bbox 393 625 550 692; x_wconf 91' lang='lat' dir='ltr'>procul</span> <span class='ocrx_word' id='word_1_30' title='bbox 573 626 676 673; x_wconf 92' lang='lat' dir='ltr'>hinc</span> <span class='ocrx_word' id='word_1_31' title='bbox 702 624 946 683; x_wconf 87' lang='lat' dir='ltr'>tumulum,</span> <span class='ocrx_word' id='word_1_32' title='bbox 973 625 1056 674; x_wconf 90' lang='lat' dir='ltr'>sub</span> <span class='ocrx_word' id='word_1_33' title='bbox 1085 644 1174 690; x_wconf 89' lang='lat' dir='ltr'>quo</span> <span class='ocrx_word' id='word_1_34' title='bbox 1198 636 1363 673; x_wconf 84' lang='lat' dir='ltr'>sacrata</span> <span class='ocrx_word' id='word_1_35' title='bbox 1389 625 1598 673; x_wconf 89' lang='lat' dir='ltr'>Crotonis</span> <span class='ocrx_word' id='word_1_36' title='bbox 1654 637 1697 672; x_wconf 84' lang='lat'>55</span> 
     </span>
     <span class='ocr_line' id='line_1_8' title="bbox 284 700 1445 766; baseline -0.003 -15"><span class='ocrx_word' id='word_1_37' title='bbox 284 704 398 751; x_wconf 85' lang='lat' dir='ltr'>Ossa</span> <span class='ocrx_word' id='word_1_38' title='bbox 423 702 600 764; x_wconf 79' lang='lat' dir='ltr'>tegebat</span> <span class='ocrx_word' id='word_1_39' title='bbox 619 700 782 750; x_wconf 90' lang='lat' dir='ltr'>humus</span> <span class='ocrx_word' id='word_1_40' title='bbox 802 720 812 748; x_wconf 93' lang='lat'><strong>:</strong></span> <span class='ocrx_word' id='word_1_41' title='bbox 833 701 1040 766; x_wconf 85' lang='lat' dir='ltr'>jussaque</span> <span class='ocrx_word' id='word_1_42' title='bbox 1064 700 1130 747; x_wconf 88' lang='lat' dir='ltr'>ibi</span> <span class='ocrx_word' id='word_1_43' title='bbox 1151 700 1310 748; x_wconf 84' lang='lat' dir='ltr'>moenia</span> <span class='ocrx_word' id='word_1_44' title='bbox 1332 711 1445 748; x_wconf 87' lang='lat' dir='ltr'>terra</span> 
     </span>
     <span class='ocr_line' id='line_1_9' title="bbox 284 777 1412 836; baseline -0.003 -8"><span class='ocrx_word' id='word_1_45' title='bbox 284 779 520 836; x_wconf 87' lang='lat' dir='ltr'>Condidit,</span> <span class='ocrx_word' id='word_1_46' title='bbox 549 790 591 826; x_wconf 88' lang='lat' dir='ltr'>et</span> <span class='ocrx_word' id='word_1_47' title='bbox 609 797 771 827; x_wconf 90' lang='lat' dir='ltr'>nomen</span> <span class='ocrx_word' id='word_1_48' title='bbox 793 777 997 828; x_wconf 85' lang='lat' dir='ltr'>tumulati</span> <span class='ocrx_word' id='word_1_49' title='bbox 1021 778 1152 826; x_wconf 85' lang='lat' dir='ltr'>traxit</span> <span class='ocrx_word' id='word_1_50' title='bbox 1174 777 1220 824; x_wconf 89' lang='lat' dir='ltr'>in</span> <span class='ocrx_word' id='word_1_51' title='bbox 1245 778 1412 825; x_wconf 89' lang='lat' dir='ltr'>urbem.</span> 
     </span>
     <span class='ocr_line' id='line_1_10' title="bbox 282 854 1194 922; baseline -0.003 -18"><span class='ocrx_word' id='word_1_52' title='bbox 282 856 405 904; x_wconf 85' lang='lat' dir='ltr'>Talia</span> <span class='ocrx_word' id='word_1_53' title='bbox 429 856 657 904; x_wconf 84' lang='lat' dir='ltr'>constabat</span> <span class='ocrx_word' id='word_1_54' title='bbox 680 868 795 904; x_wconf 85' lang='lat' dir='ltr'>certa</span> <span class='ocrx_word' id='word_1_55' title='bbox 818 854 1060 922; x_wconf 87' lang='lat' dir='ltr'>primordia</span> <span class='ocrx_word' id='word_1_56' title='bbox 1081 855 1194 902; x_wconf 80' lang='lat' dir='ltr'>fama</span> 
     </span>
     <span class='ocr_line' id='line_1_11' title="bbox 283 930 1349 999; baseline -0.003 -18"><span class='ocrx_word' id='word_1_57' title='bbox 283 935 391 981; x_wconf 89' lang='lat' dir='ltr'>Esse</span> <span class='ocrx_word' id='word_1_58' title='bbox 410 933 492 981; x_wconf 93' lang='lat' dir='ltr'>loci</span> <span class='ocrx_word' id='word_1_59' title='bbox 507 971 518 991; x_wconf 98' lang='lat'>,</span> <span class='ocrx_word' id='word_1_60' title='bbox 542 933 785 999; x_wconf 84' lang='lat' dir='ltr'>positaeque</span> <span class='ocrx_word' id='word_1_61' title='bbox 809 932 931 981; x_wconf 87' lang='lat' dir='ltr'>Italis</span> <span class='ocrx_word' id='word_1_62' title='bbox 956 933 1001 980; x_wconf 90' lang='lat' dir='ltr'>in</span> <span class='ocrx_word' id='word_1_63' title='bbox 1025 932 1189 979; x_wconf 86' lang='lat' dir='ltr'>finibus</span> <span class='ocrx_word' id='word_1_64' title='bbox 1211 930 1349 979; x_wconf 84' lang='lat' dir='ltr'>urbis.</span> 
     </span>
    </p>

    <p class='ocr_par' dir='ltr' id='par_1_4' title="bbox 346 1007 1700 1071">
     <span class='ocr_line' id='line_1_12' title="bbox 346 1007 1700 1071; baseline -0.002 -13"><span class='ocrx_word' id='word_1_65' title='bbox 346 1013 404 1058; x_wconf 90' lang='lat' dir='ltr'>II.</span> <span class='ocrx_word' id='word_1_66' title='bbox 432 1011 512 1058; x_wconf 87' lang='lat' dir='ltr'>Vir</span> <span class='ocrx_word' id='word_1_67' title='bbox 533 1011 618 1058; x_wconf 88' lang='lat' dir='ltr'>fuit</span> <span class='ocrx_word' id='word_1_68' title='bbox 639 1011 713 1059; x_wconf 89' lang='lat' dir='ltr'>hic</span> <span class='ocrx_word' id='word_1_69' title='bbox 738 1022 839 1058; x_wconf 91' lang='lat' dir='ltr'>ortu</span> <span class='ocrx_word' id='word_1_70' title='bbox 863 1010 1035 1058; x_wconf 88' lang='lat' dir='ltr'>Samius</span> <span class='ocrx_word' id='word_1_71' title='bbox 1055 1029 1065 1056; x_wconf 87' lang='lat'><strong>:</strong></span> <span class='ocrx_word' id='word_1_72' title='bbox 1085 1007 1162 1056; x_wconf 90' lang='lat' dir='ltr'>sed</span> <span class='ocrx_word' id='word_1_73' title='bbox 1187 1008 1358 1071; x_wconf 84' lang='lat' dir='ltr'>fugerat</span> <span class='ocrx_word' id='word_1_74' title='bbox 1383 1027 1473 1057; x_wconf 82' lang='lat' dir='ltr'>una</span> <span class='ocrx_word' id='word_1_75' title='bbox 1654 1024 1700 1057; x_wconf 82' lang='lat'>60</span> 
     </span>
    </p>
   </div>
   <div class='ocr_carea' id='block_1_4' title="bbox 278 1114 958 1580">
    <p class='ocr_par' dir='ltr' id='par_1_5' title="bbox 278 1114 958 1580">
     <span class='ocr_line' id='line_1_13' title="bbox 281 1114 956 1167; baseline -0.001 -13"><span class='ocrx_word' id='word_1_76' title='bbox 281 1135 343 1165; x_wconf 79' lang='lat' dir='ltr'>quo</span> <span class='ocrx_word' id='word_1_77' title='bbox 356 1128 390 1155; x_wconf 80' lang='lat' dir='ltr'>et</span> <span class='ocrx_word' id='word_1_78' title='bbox 402 1114 552 1167; x_wconf 47' lang='lat' dir='ltr'>Iapygia.</span> <span class='ocrx_word' id='word_1_79' title='bbox 560 1138 604 1145; x_wconf 92' lang='lat'>—-</span> <span class='ocrx_word' id='word_1_80' title='bbox 612 1122 768 1155; x_wconf 76' lang='lat' dir='ltr'>Neretum</span> <span class='ocrx_word' id='word_1_81' title='bbox 780 1147 788 1160; x_wconf 86' lang='lat'>,</span> <span class='ocrx_word' id='word_1_82' title='bbox 810 1119 903 1165; x_wconf 88' lang='lat' dir='ltr'>quod</span> <span class='ocrx_word' id='word_1_83' title='bbox 919 1132 956 1154; x_wconf 85' lang='lat' dir='ltr'>se</span> 
     </span>
     <span class='ocr_line' id='line_1_14' title="bbox 282 1172 954 1217; baseline -0.001 -11"><span class='ocrx_word' id='word_1_84' title='bbox 282 1172 386 1206; x_wconf 88' lang='lat' dir='ltr'>etiam</span> <span class='ocrx_word' id='word_1_85' title='bbox 409 1172 537 1206; x_wconf 90' lang='lat' dir='ltr'>Lenzio</span> <span class='ocrx_word' id='word_1_86' title='bbox 560 1172 717 1217; x_wconf 87' lang='lat' dir='ltr'>probavit</span> <span class='ocrx_word' id='word_1_87' title='bbox 736 1198 745 1215; x_wconf 95' lang='lat'>,</span> <span class='ocrx_word' id='word_1_88' title='bbox 777 1172 954 1213; x_wconf 79' lang='lat' dir='ltr'>dedimus,</span> 
     </span>
     <span class='ocr_line' id='line_1_15' title="bbox 280 1223 955 1270; baseline -0.003 -12"><span class='ocrx_word' id='word_1_89' title='bbox 280 1225 359 1270; x_wconf 90' lang='lat' dir='ltr'>quia</span> <span class='ocrx_word' id='word_1_90' title='bbox 371 1225 429 1267; x_wconf 90' lang='lat' dir='ltr'>sic,</span> <span class='ocrx_word' id='word_1_91' title='bbox 442 1232 501 1258; x_wconf 82' lang='lat' dir='ltr'>aut</span> <span class='ocrx_word' id='word_1_92' title='bbox 509 1227 684 1259; x_wconf 76' lang='lat' dir='ltr'>Ncretbum</span> <span class='ocrx_word' id='word_1_93' title='bbox 696 1225 862 1269; x_wconf 80' lang='lat' dir='ltr'>scriptum</span> <span class='ocrx_word' id='word_1_94' title='bbox 874 1223 955 1257; x_wconf 90' lang='lat' dir='ltr'>duo-</span> 
     </span>
     <span class='ocr_line' id='line_1_16' title="bbox 278 1276 957 1319; baseline -0.003 -8"><span class='ocrx_word' id='word_1_95' title='bbox 278 1277 342 1311; x_wconf 86' lang='lat' dir='ltr'>bus</span> <span class='ocrx_word' id='word_1_96' title='bbox 356 1276 481 1310; x_wconf 76' lang='lat' dir='ltr'>Maffei</span> <span class='ocrx_word' id='word_1_97' title='bbox 498 1276 611 1319; x_wconf 88' lang='lat' dir='ltr'>MSS,</span> <span class='ocrx_word' id='word_1_98' title='bbox 630 1277 666 1310; x_wconf 90' lang='lat' dir='ltr'>in</span> <span class='ocrx_word' id='word_1_99' title='bbox 679 1277 820 1310; x_wconf 83' lang='lat' dir='ltr'>Fames.</span> <span class='ocrx_word' id='word_1_100' title='bbox 838 1282 872 1309; x_wconf 86' lang='lat' dir='ltr'>et</span> <span class='ocrx_word' id='word_1_101' title='bbox 885 1287 957 1309; x_wconf 90' lang='lat' dir='ltr'>uno</span> 
     </span>
     <span class='ocr_line' id='line_1_17' title="bbox 284 1326 956 1373; baseline -0.004 -10"><span class='ocrx_word' id='word_1_102' title='bbox 284 1328 419 1363; x_wconf 83' lang='lat' dir='ltr'>Caelest.</span> <span class='ocrx_word' id='word_1_103' title='bbox 444 1328 573 1373; x_wconf 88' lang='lat' dir='ltr'>reperit</span> <span class='ocrx_word' id='word_1_104' title='bbox 598 1326 791 1370; x_wconf 83' lang='lat' dir='ltr'>Ciofanus,</span> <span class='ocrx_word' id='word_1_105' title='bbox 819 1327 956 1361; x_wconf 84' lang='lat' dir='ltr'>et.olim</span> 
     </span>
     <span class='ocr_line' id='line_1_18' title="bbox 283 1379 958 1423; baseline -0.007 -7"><span class='ocrx_word' id='word_1_106' title='bbox 283 1381 450 1416; x_wconf 84' lang='lat' dir='ltr'>edebatur</span> <span class='ocrx_word' id='word_1_107' title='bbox 465 1379 661 1415; x_wconf 76' lang='lat' dir='ltr'>Neraelhum.</span> <span class='ocrx_word' id='word_1_108' title='bbox 681 1380 842 1423; x_wconf 85' lang='lat' dir='ltr'>Namque</span> <span class='ocrx_word' id='word_1_109' title='bbox 860 1380 958 1413; x_wconf 70' lang='grc' dir='ltr'><em>Νεσ-</em></span> 
     </span>
     <span class='ocr_line' id='line_1_19' title="bbox 281 1430 956 1477; baseline -0.006 -9"><span class='ocrx_word' id='word_1_110' title='bbox 281 1436 372 1468; x_wconf 80' lang='lat' dir='ltr'>thum</span> <span class='ocrx_word' id='word_1_111' title='bbox 389 1432 519 1477; x_wconf 85' lang='lat' dir='ltr'>Regius</span> <span class='ocrx_word' id='word_1_112' title='bbox 535 1431 665 1466; x_wconf 77' lang='lat' dir='ltr'>nullam</span> <span class='ocrx_word' id='word_1_113' title='bbox 682 1430 783 1465; x_wconf 85' lang='lat' dir='ltr'>aliam</span> <span class='ocrx_word' id='word_1_114' title='bbox 806 1431 850 1464; x_wconf 91' lang='lat' dir='ltr'>ob</span> <span class='ocrx_word' id='word_1_115' title='bbox 867 1443 956 1464; x_wconf 85' lang='lat' dir='ltr'>cau-</span> 
     </span>
     <span class='ocr_line' id='line_1_20' title="bbox 283 1483 956 1529; baseline -0.007 -8"><span class='ocrx_word' id='word_1_116' title='bbox 283 1499 357 1521; x_wconf 90' lang='lat' dir='ltr'>sam</span> <span class='ocrx_word' id='word_1_117' title='bbox 374 1486 505 1519; x_wconf 82' lang='lat' dir='ltr'>invexit</span> <span class='ocrx_word' id='word_1_118' title='bbox 516 1511 525 1527; x_wconf 90' lang='lat'>,</span> <span class='ocrx_word' id='word_1_119' title='bbox 542 1497 646 1529; x_wconf 83' lang='lat' dir='ltr'>quarn</span> <span class='ocrx_word' id='word_1_120' title='bbox 667 1483 760 1528; x_wconf 91' lang='lat' dir='ltr'>quod</span> <span class='ocrx_word' id='word_1_121' title='bbox 776 1484 956 1517; x_wconf 87' lang='lat' dir='ltr'>memine—</span> 
     </span>
     <span class='ocr_line' id='line_1_21' title="bbox 284 1533 958 1580; baseline -0.007 -9"><span class='ocrx_word' id='word_1_122' title='bbox 284 1543 357 1580; x_wconf 81' lang='lat' dir='ltr'>rat,</span> <span class='ocrx_word' id='word_1_123' title='bbox 373 1535 583 1575; x_wconf 81' lang='lat' dir='ltr'>Strabone-m</span> <span class='ocrx_word' id='word_1_124' title='bbox 597 1534 691 1568; x_wconf 86' lang='lat' dir='ltr'>hunc</span> <span class='ocrx_word' id='word_1_125' title='bbox 704 1534 819 1568; x_wconf 80' lang='lat' dir='ltr'>facere</span> <span class='ocrx_word' id='word_1_126' title='bbox 835 1533 958 1567; x_wconf 85' lang='lat' dir='ltr'>Salen-</span> 
     </span>
    </p>
   </div>
   <div class='ocr_carea' id='block_1_5' title="bbox 283 1585 1013 1630">
    <p class='ocr_par' dir='ltr' id='par_1_6' title="bbox 283 1585 1013 1630">
     <span class='ocr_line' id='line_1_22' title="bbox 283 1585 1013 1630; baseline -0.008 -6"><span class='ocrx_word' id='word_1_127' title='bbox 283 1590 437 1624; x_wconf 79' lang='lat' dir='ltr'>tinorum</span> <span class='ocrx_word' id='word_1_128' title='bbox 454 1586 611 1621; x_wconf 87' lang='lat' dir='ltr'>fluvium.</span> <span class='ocrx_word' id='word_1_129' title='bbox 637 1587 758 1620; x_wconf 83' lang='lat' dir='ltr'>Posset</span> <span class='ocrx_word' id='word_1_130' title='bbox 782 1585 901 1619; x_wconf 78' lang='lat' dir='ltr'>forsan</span> <span class='ocrx_word' id='word_1_131' title='bbox 922 1591 957 1619; x_wconf 88' lang='lat' dir='ltr'>et</span> <span class='ocrx_word' id='word_1_132' title='bbox 1005 1626 1013 1630; x_wconf 22' lang='lat' dir='ltr'><em>a</em></span> 
     </span>
    </p>
   </div>
   <div class='ocr_carea' id='block_1_6' title="bbox 275 1634 958 2776">
    <p class='ocr_par' dir='ltr' id='par_1_7' title="bbox 275 1634 958 2659">
     <span class='ocr_line' id='line_1_23' title="bbox 282 1634 955 1684; baseline -0.009 -8"><span class='ocrx_word' id='word_1_133' title='bbox 282 1654 362 1676; x_wconf 86' lang='lat' dir='ltr'>cum</span> <span class='ocrx_word' id='word_1_134' title='bbox 373 1646 522 1684; x_wconf 89' lang='lat' dir='ltr'>quatuor</span> <span class='ocrx_word' id='word_1_135' title='bbox 528 1637 702 1672; x_wconf 85' lang='lat' dir='ltr'>Vaticanis</span> <span class='ocrx_word' id='word_1_136' title='bbox 713 1644 747 1672; x_wconf 87' lang='lat' dir='ltr'>et</span> <span class='ocrx_word' id='word_1_137' title='bbox 758 1637 865 1670; x_wconf 88' lang='lat' dir='ltr'>altero</span> <span class='ocrx_word' id='word_1_138' title='bbox 879 1634 955 1671; x_wconf 84' lang='lat' dir='ltr'>Cae-</span> 
     </span>
     <span class='ocr_line' id='line_1_24' title="bbox 281 1688 954 1732; baseline -0.007 -5"><span class='ocrx_word' id='word_1_139' title='bbox 281 1692 406 1727; x_wconf 81' lang='lat' dir='ltr'>lestino</span> <span class='ocrx_word' id='word_1_140' title='bbox 419 1693 566 1725; x_wconf 85' lang='lat' dir='ltr'>Veretum</span> <span class='ocrx_word' id='word_1_141' title='bbox 577 1689 676 1724; x_wconf 83' lang='lat' dir='ltr'>scribi</span> <span class='ocrx_word' id='word_1_142' title='bbox 691 1703 698 1730; x_wconf 92' lang='lat'>;</span> <span class='ocrx_word' id='word_1_143' title='bbox 713 1688 846 1723; x_wconf 83' lang='lat' dir='ltr'>Plinius</span> <span class='ocrx_word' id='word_1_144' title='bbox 858 1688 954 1732; x_wconf 80' lang='lat'>„111,</span> 
     </span>
     <span class='ocr_line' id='line_1_25' title="bbox 288 1742 957 1787; baseline -0.007 -7"><span class='ocrx_word' id='word_1_145' title='bbox 288 1761 299 1780; x_wconf 84' lang='lat'>1</span> <span class='ocrx_word' id='word_1_146' title='bbox 311 1761 321 1780; x_wconf 86' lang='lat'>1</span> <span class='ocrx_word' id='word_1_147' title='bbox 336 1759 362 1780; x_wconf 93' lang='lat' dir='ltr'>s.</span> <span class='ocrx_word' id='word_1_148' title='bbox 383 1745 422 1778; x_wconf 79' lang='lat'>16</span> <span class='ocrx_word' id='word_1_149' title='bbox 433 1770 443 1787; x_wconf 92' lang='lat'>,</span> <span class='ocrx_word' id='word_1_150' title='bbox 460 1744 701 1777; x_wconf 77' lang='lat' dir='ltr'>Salentinorum</span> <span class='ocrx_word' id='word_1_151' title='bbox 720 1742 867 1782; x_wconf 72' lang='lat' dir='ltr'>Aletini,</span> <span class='ocrx_word' id='word_1_152' title='bbox 887 1742 957 1775; x_wconf 85' lang='lat' dir='ltr'>Ne-</span> 
     </span>
     <span class='ocr_line' id='line_1_26' title="bbox 281 1794 957 1839; baseline -0.01 -4"><span class='ocrx_word' id='word_1_153' title='bbox 281 1803 401 1839; x_wconf 81' lang='lat' dir='ltr'>rctini,</span> <span class='ocrx_word' id='word_1_154' title='bbox 431 1799 622 1838; x_wconf 75' lang='lat' dir='ltr'>Valentini,</span> <span class='ocrx_word' id='word_1_155' title='bbox 650 1797 805 1832; x_wconf 75' lang='lat' dir='ltr'>Verctim&#39;.</span> <span class='ocrx_word' id='word_1_156' title='bbox 831 1794 957 1829; x_wconf 81' lang='lat' dir='ltr'>Ptole-</span> 
     </span>
     <span class='ocr_line' id='line_1_27' title="bbox 282 1846 958 1895; baseline -0.009 -9"><span class='ocrx_word' id='word_1_157' title='bbox 282 1864 389 1886; x_wconf 86' lang='lat' dir='ltr'>maeus</span> <span class='ocrx_word' id='word_1_158' title='bbox 405 1848 547 1895; x_wconf 88' lang='lat' dir='ltr'>quidem</span> <span class='ocrx_word' id='word_1_159' title='bbox 559 1846 635 1894; x_wconf 77' lang='grc' dir='ltr'>ΠΙ,</span> <span class='ocrx_word' id='word_1_160' title='bbox 653 1858 666 1881; x_wconf 94' lang='lat'>1</span> <span class='ocrx_word' id='word_1_161' title='bbox 681 1873 690 1890; x_wconf 86' lang='lat'>,</span> <span class='ocrx_word' id='word_1_162' title='bbox 708 1853 743 1881; x_wconf 85' lang='lat' dir='ltr'>et</span> <span class='ocrx_word' id='word_1_163' title='bbox 758 1848 910 1881; x_wconf 82' lang='lat' dir='ltr'>Neretum</span> <span class='ocrx_word' id='word_1_164' title='bbox 922 1852 958 1880; x_wconf 86' lang='lat' dir='ltr'>et</span> 
     </span>
     <span class='ocr_line' id='line_1_28' title="bbox 288 1897 957 1938; baseline -0.01 0"><span class='ocrx_word' id='word_1_165' title='bbox 288 1906 452 1938; x_wconf 74' lang='lat' dir='ltr'>Veretrum</span> <span class='ocrx_word' id='word_1_166' title='bbox 466 1901 503 1935; x_wconf 89' lang='lat' dir='ltr'>in</span> <span class='ocrx_word' id='word_1_167' title='bbox 519 1898 783 1934; x_wconf 84' lang='lat' dir='ltr'>mediterraneis</span> <span class='ocrx_word' id='word_1_168' title='bbox 799 1897 957 1933; x_wconf 84' lang='lat' dir='ltr'>Salenti—</span> 
     </span>
     <span class='ocr_line' id='line_1_29' title="bbox 282 1947 957 1998; baseline -0.01 -8"><span class='ocrx_word' id='word_1_169' title='bbox 282 1967 410 1990; x_wconf 89' lang='lat' dir='ltr'>norum</span> <span class='ocrx_word' id='word_1_170' title='bbox 424 1952 522 1998; x_wconf 85' lang='lat' dir='ltr'>ponit</span> <span class='ocrx_word' id='word_1_171' title='bbox 537 1966 546 1993; x_wconf 91' lang='lat'>;</span> <span class='ocrx_word' id='word_1_172' title='bbox 568 1947 627 1986; x_wconf 85' lang='lat' dir='ltr'>sed</span> <span class='ocrx_word' id='word_1_173' title='bbox 641 1950 719 1984; x_wconf 86' lang='lat' dir='ltr'>talia</span> <span class='ocrx_word' id='word_1_174' title='bbox 732 1949 880 1985; x_wconf 82' lang='lat' dir='ltr'>Ovidius</span> <span class='ocrx_word' id='word_1_175' title='bbox 896 1962 957 1995; x_wconf 90' lang='lat' dir='ltr'>pa-</span> 
     </span>
     <span class='ocr_line' id='line_1_30' title="bbox 282 2001 956 2041; baseline -0.009 0"><span class='ocrx_word' id='word_1_176' title='bbox 282 2019 360 2041; x_wconf 84' lang='lat' dir='ltr'>rum</span> <span class='ocrx_word' id='word_1_177' title='bbox 378 2004 518 2040; x_wconf 81' lang='lat' dir='ltr'>curavit.</span> <span class='ocrx_word' id='word_1_178' title='bbox 537 2021 580 2029; x_wconf 89' lang='lat'>—-</span> <span class='ocrx_word' id='word_1_179' title='bbox 600 2001 722 2036; x_wconf 85' lang='lat' dir='ltr'>Codex</span> <span class='ocrx_word' id='word_1_180' title='bbox 745 2009 863 2036; x_wconf 81' lang='lat' dir='ltr'>noster</span> <span class='ocrx_word' id='word_1_181' title='bbox 877 2002 956 2036; x_wconf 86' lang='lat' dir='ltr'>Re-</span> 
     </span>
     <span class='ocr_line' id='line_1_31' title="bbox 282 2053 955 2106; baseline -0.007 -15"><span class='ocrx_word' id='word_1_182' title='bbox 282 2058 356 2106; x_wconf 82' lang='lat' dir='ltr'>gius</span> <span class='ocrx_word' id='word_1_183' title='bbox 373 2056 405 2090; x_wconf 92' lang='lat' dir='ltr'><strong>A</strong></span> <span class='ocrx_word' id='word_1_184' title='bbox 419 2081 429 2098; x_wconf 91' lang='lat'>,</span> <span class='ocrx_word' id='word_1_185' title='bbox 455 2061 626 2099; x_wconf 88' lang='lat' dir='ltr'>quantum</span> <span class='ocrx_word' id='word_1_186' title='bbox 652 2053 796 2098; x_wconf 80' lang='lat' dir='ltr'>perspici</span> <span class='ocrx_word' id='word_1_187' title='bbox 819 2059 955 2098; x_wconf 85' lang='lat' dir='ltr'>potest,</span> 
     </span>
     <span class='ocr_line' id='line_1_32' title="bbox 282 2102 956 2150; baseline -0.004 -9"><span class='ocrx_word' id='word_1_188' title='bbox 282 2107 341 2141; x_wconf 87' lang='lat' dir='ltr'>dat</span> <span class='ocrx_word' id='word_1_189' title='bbox 362 2107 557 2144; x_wconf 72' lang='lat' dir='ltr'>Nerethum;</span> <span class='ocrx_word' id='word_1_190' title='bbox 580 2102 687 2138; x_wconf 85' lang='lat' dir='ltr'>codex</span> <span class='ocrx_word' id='word_1_191' title='bbox 702 2103 732 2136; x_wconf 91' lang='lat' dir='ltr'>B</span> <span class='ocrx_word' id='word_1_192' title='bbox 750 2104 956 2150; x_wconf 75' lang='lat' dir='ltr'>Neretum.—</span> 
     </span>
     <span class='ocr_line' id='line_1_33' title="bbox 280 2154 956 2197; baseline -0.01 -3"><span class='ocrx_word' id='word_1_193' title='bbox 280 2160 337 2194; x_wconf 90' lang='lat' dir='ltr'>De</span> <span class='ocrx_word' id='word_1_194' title='bbox 357 2160 509 2195; x_wconf 86' lang='lat' dir='ltr'>Temesa,</span> <span class='ocrx_word' id='word_1_195' title='bbox 522 2156 607 2190; x_wconf 88' lang='lat' dir='ltr'>urbe</span> <span class='ocrx_word' id='word_1_196' title='bbox 620 2155 861 2197; x_wconf 84' lang='lat' dir='ltr'>Bruttiorum,</span> <span class='ocrx_word' id='word_1_197' title='bbox 875 2154 956 2188; x_wconf 85' lang='lat' dir='ltr'>vidi-</span> 
     </span>
     <span class='ocr_line' id='line_1_34' title="bbox 275 2206 956 2252; baseline -0.003 -10"><span class='ocrx_word' id='word_1_198' title='bbox 275 2223 360 2245; x_wconf 64' lang='lat' dir='ltr'>⁴mus</span> <span class='ocrx_word' id='word_1_199' title='bbox 371 2210 411 2243; x_wconf 90' lang='lat' dir='ltr'>ad</span> <span class='ocrx_word' id='word_1_200' title='bbox 426 2208 493 2243; x_wconf 89' lang='lat' dir='ltr'>VII</span> <span class='ocrx_word' id='word_1_201' title='bbox 505 2234 515 2252; x_wconf 85' lang='lat'>,</span> <span class='ocrx_word' id='word_1_202' title='bbox 528 2220 601 2252; x_wconf 82' lang='lat'><strong>207.</strong></span> <span class='ocrx_word' id='word_1_203' title='bbox 612 2207 682 2241; x_wconf 86' lang='lat' dir='ltr'>Sed</span> <span class='ocrx_word' id='word_1_204' title='bbox 693 2218 769 2240; x_wconf 85' lang='lat' dir='ltr'>eam</span> <span class='ocrx_word' id='word_1_205' title='bbox 780 2206 956 2250; x_wconf 84' lang='lat' dir='ltr'>praeterire</span> 
     </span>
     <span class='ocr_line' id='line_1_35' title="bbox 280 2256 955 2306; baseline -0.004 -10"><span class='ocrx_word' id='word_1_206' title='bbox 280 2275 353 2297; x_wconf 90' lang='lat' dir='ltr'>non</span> <span class='ocrx_word' id='word_1_207' title='bbox 365 2267 497 2306; x_wconf 83' lang='lat' dir='ltr'>potest,</span> <span class='ocrx_word' id='word_1_208' title='bbox 509 2258 568 2304; x_wconf 88' lang='lat' dir='ltr'>qui</span> <span class='ocrx_word' id='word_1_209' title='bbox 583 2272 601 2293; x_wconf 90' lang='lat' dir='ltr'>e</span> <span class='ocrx_word' id='word_1_210' title='bbox 613 2257 745 2293; x_wconf 80' lang='lat' dir='ltr'>Graecia</span> <span class='ocrx_word' id='word_1_211' title='bbox 759 2256 933 2302; x_wconf 80' lang='lat' dir='ltr'>profectus</span> <span class='ocrx_word' id='word_1_212' title='bbox 944 2282 955 2301; x_wconf 93' lang='lat'>,</span> 
     </span>
     <span class='ocr_line' id='line_1_36' title="bbox 282 2311 956 2357; baseline -0.01 -7"><span class='ocrx_word' id='word_1_213' title='bbox 282 2315 412 2350; x_wconf 85' lang='lat' dir='ltr'>AEsaris</span> <span class='ocrx_word' id='word_1_214' title='bbox 429 2314 512 2348; x_wconf 87' lang='lat' dir='ltr'>ostia</span> <span class='ocrx_word' id='word_1_215' title='bbox 529 2313 624 2357; x_wconf 85' lang='lat' dir='ltr'>petit.</span> <span class='ocrx_word' id='word_1_216' title='bbox 640 2312 760 2356; x_wconf 87' lang='lat' dir='ltr'>Itaque</span> <span class='ocrx_word' id='word_1_217' title='bbox 777 2311 956 2345; x_wconf 82' lang='lat' dir='ltr'>Burman-</span> 
     </span>
     <span class='ocr_line' id='line_1_37' title="bbox 279 2366 954 2412; baseline -0.01 -8"><span class='ocrx_word' id='word_1_218' title='bbox 279 2382 347 2403; x_wconf 87' lang='lat' dir='ltr'>nus</span> <span class='ocrx_word' id='word_1_219' title='bbox 362 2394 371 2411; x_wconf 92' lang='lat'>,</span> <span class='ocrx_word' id='word_1_220' title='bbox 395 2374 576 2412; x_wconf 85' lang='lat' dir='ltr'>postquam</span> <span class='ocrx_word' id='word_1_221' title='bbox 600 2366 777 2405; x_wconf 80' lang='lat' dir='ltr'>Crimisen,</span> <span class='ocrx_word' id='word_1_222' title='bbox 799 2366 954 2405; x_wconf 64' lang='lat' dir='ltr'>Cameren</span> 
     </span>
     <span class='ocr_line' id='line_1_38' title="bbox 282 2416 952 2462; baseline -0.009 -9"><span class='ocrx_word' id='word_1_223' title='bbox 282 2427 342 2454; x_wconf 86' lang='lat' dir='ltr'>aut</span> <span class='ocrx_word' id='word_1_224' title='bbox 355 2420 388 2451; x_wconf 82' lang='lat' dir='ltr'><em>T</em></span> <span class='ocrx_word' id='word_1_225' title='bbox 383 2431 516 2451; x_wconf 81' lang='lat' dir='ltr'>emenen</span> <span class='ocrx_word' id='word_1_226' title='bbox 525 2416 770 2462; x_wconf 88' lang='lat' dir='ltr'>reponendum</span> <span class='ocrx_word' id='word_1_227' title='bbox 781 2422 932 2450; x_wconf 78' lang='lat' dir='ltr'>suaserat</span> <span class='ocrx_word' id='word_1_228' title='bbox 943 2440 952 2458; x_wconf 90' lang='lat'>,</span> 
     </span>
     <span class='ocr_line' id='line_1_39' title="bbox 281 2468 952 2510; baseline -0.006 -7"><span class='ocrx_word' id='word_1_229' title='bbox 281 2468 393 2510; x_wconf 84' lang='lat' dir='ltr'>credit</span> <span class='ocrx_word' id='word_1_230' title='bbox 407 2495 416 2510; x_wconf 92' lang='lat'>,</span> <span class='ocrx_word' id='word_1_231' title='bbox 437 2469 606 2502; x_wconf 82' lang='lat' dir='ltr'>Nostrum</span> <span class='ocrx_word' id='word_1_232' title='bbox 622 2474 780 2501; x_wconf 90' lang='lat' dir='ltr'>secutum</span> <span class='ocrx_word' id='word_1_233' title='bbox 793 2479 863 2500; x_wconf 88' lang='lat' dir='ltr'>esse</span> <span class='ocrx_word' id='word_1_234' title='bbox 876 2477 952 2508; x_wconf 87' lang='lat' dir='ltr'>eos,</span> 
     </span>
     <span class='ocr_line' id='line_1_40' title="bbox 281 2517 952 2566; baseline -0.007 -11"><span class='ocrx_word' id='word_1_235' title='bbox 281 2521 341 2566; x_wconf 82' lang='lat' dir='ltr'>qui</span> <span class='ocrx_word' id='word_1_236' title='bbox 362 2522 516 2566; x_wconf 75' lang='lat' dir='ltr'>Temesen</span> <span class='ocrx_word' id='word_1_237' title='bbox 532 2519 691 2553; x_wconf 86' lang='lat' dir='ltr'>eamdem</span> <span class='ocrx_word' id='word_1_238' title='bbox 711 2519 833 2552; x_wconf 89' lang='lat' dir='ltr'>urbem</span> <span class='ocrx_word' id='word_1_239' title='bbox 850 2517 952 2551; x_wconf 84' lang='lat' dir='ltr'>fuisse</span> 
     </span>
     <span class='ocr_line' id='line_1_41' title="bbox 280 2569 953 2619; baseline -0.004 -12"><span class='ocrx_word' id='word_1_240' title='bbox 280 2580 448 2619; x_wconf 84' lang='lat' dir='ltr'>putarunt</span> <span class='ocrx_word' id='word_1_241' title='bbox 460 2599 469 2616; x_wconf 90' lang='lat'>,</span> <span class='ocrx_word' id='word_1_242' title='bbox 487 2585 562 2617; x_wconf 83' lang='lat' dir='ltr'>quae</span> <span class='ocrx_word' id='word_1_243' title='bbox 575 2579 610 2606; x_wconf 88' lang='lat' dir='ltr'>et</span> <span class='ocrx_word' id='word_1_244' title='bbox 623 2571 872 2606; x_wconf 84' lang='lat' dir='ltr'>Brundusium.</span> <span class='ocrx_word' id='word_1_245' title='bbox 885 2569 953 2604; x_wconf 86' lang='lat' dir='ltr'>Alii</span> 
     </span>
     <span class='ocr_line' id='line_1_42' title="bbox 281 2626 390 2659; baseline -0.009 0"><span class='ocrx_word' id='word_1_246' title='bbox 281 2626 390 2659; x_wconf 86' lang='lat' dir='ltr'>aliter.</span> 
     </span>
    </p>

    <p class='ocr_par' dir='ltr' id='par_1_8' title="bbox 279 2673 954 2776">
     <span class='ocr_line' id='line_1_43' title="bbox 323 2673 954 2720; baseline -0.006 -9"><span class='ocrx_word' id='word_1_247' title='bbox 323 2679 375 2720; x_wconf 76' lang='grc'>54.</span> <span class='ocrx_word' id='word_1_248' title='bbox 392 2679 546 2716; x_wconf 79' lang='lat' dir='ltr'>Fatalia,</span> <span class='ocrx_word' id='word_1_249' title='bbox 573 2676 614 2710; x_wconf 85' lang='lat' dir='ltr'>ab</span> <span class='ocrx_word' id='word_1_250' title='bbox 632 2675 785 2709; x_wconf 86' lang='lat' dir='ltr'>Hercule</span> <span class='ocrx_word' id='word_1_251' title='bbox 808 2675 838 2708; x_wconf 85' lang='lat' dir='ltr'>ei</span> <span class='ocrx_word' id='word_1_252' title='bbox 857 2673 954 2708; x_wconf 79' lang='lat' dir='ltr'>adsi-</span> 
     </span>
     <span class='ocr_line' id='line_1_44' title="bbox 279 2725 952 2776; baseline -0.007 -12"><span class='ocrx_word' id='word_1_253' title='bbox 279 2737 391 2776; x_wconf 73' lang='lat' dir='ltr'>gnata.</span> <span class='ocrx_word' id='word_1_254' title='bbox 408 2733 495 2764; x_wconf 81' lang='lat' dir='ltr'>Fata</span> <span class='ocrx_word' id='word_1_255' title='bbox 511 2730 605 2763; x_wconf 89' lang='lat' dir='ltr'>enim</span> <span class='ocrx_word' id='word_1_256' title='bbox 626 2735 707 2763; x_wconf 85' lang='lat' dir='ltr'>sunt</span> <span class='ocrx_word' id='word_1_257' title='bbox 723 2741 763 2762; x_wconf 90' lang='lat' dir='ltr'>ea</span> <span class='ocrx_word' id='word_1_258' title='bbox 775 2753 784 2770; x_wconf 94' lang='lat'>,</span> <span class='ocrx_word' id='word_1_259' title='bbox 804 2739 880 2772; x_wconf 83' lang='lat' dir='ltr'>quae</span> <span class='ocrx_word' id='word_1_260' title='bbox 894 2725 952 2760; x_wconf 84' lang='lat' dir='ltr'>Dii</span> 
     </span>
    </p>
   </div>
   <div class='ocr_carea' id='block_1_7' title="bbox 1018 1117 1709 2770">
    <p class='ocr_par' dir='ltr' id='par_1_9' title="bbox 1018 1117 1709 2770">
     <span class='ocr_line' id='line_1_45' title="bbox 1020 1117 1699 1166; baseline 0 -14"><span class='ocrx_word' id='word_1_261' title='bbox 1020 1118 1151 1166; x_wconf 78' lang='lat' dir='ltr'>fantur.</span> <span class='ocrx_word' id='word_1_262' title='bbox 1171 1117 1247 1152; x_wconf 90' lang='lat' dir='ltr'>Nisi</span> <span class='ocrx_word' id='word_1_263' title='bbox 1264 1118 1353 1152; x_wconf 79' lang='lat' dir='ltr'>dicas</span> <span class='ocrx_word' id='word_1_264' title='bbox 1371 1144 1381 1160; x_wconf 97' lang='lat'>‚</span> <span class='ocrx_word' id='word_1_265' title='bbox 1409 1118 1602 1153; x_wconf 86' lang='lat' dir='ltr'>Herculem</span> <span class='ocrx_word' id='word_1_266' title='bbox 1625 1117 1699 1153; x_wconf 78' lang='lat' dir='ltr'>fato</span> 
     </span>
     <span class='ocr_line' id='line_1_46' title="bbox 1020 1171 1700 1215; baseline -0.003 -8"><span class='ocrx_word' id='word_1_267' title='bbox 1020 1173 1068 1207; x_wconf 80' lang='lat' dir='ltr'>sic</span> <span class='ocrx_word' id='word_1_268' title='bbox 1084 1172 1222 1207; x_wconf 71' lang='lat' dir='ltr'>volente</span> <span class='ocrx_word' id='word_1_269' title='bbox 1241 1172 1285 1206; x_wconf 87' lang='lat' dir='ltr'>ita</span> <span class='ocrx_word' id='word_1_270' title='bbox 1306 1171 1655 1215; x_wconf 78' lang='lat' dir='ltr'>jussisse.——Sacrata</span> <span class='ocrx_word' id='word_1_271' title='bbox 1665 1177 1700 1207; x_wconf 82' lang='lat' dir='ltr'>et</span> 
     </span>
     <span class='ocr_line' id='line_1_47' title="bbox 1021 1222 1696 1267; baseline -0.001 -10"><span class='ocrx_word' id='word_1_272' title='bbox 1021 1231 1141 1257; x_wconf 81' lang='lat' dir='ltr'>sancta</span> <span class='ocrx_word' id='word_1_273' title='bbox 1157 1228 1258 1257; x_wconf 89' lang='lat' dir='ltr'>erant</span> <span class='ocrx_word' id='word_1_274' title='bbox 1271 1222 1426 1267; x_wconf 82' lang='lat' dir='ltr'>sepulcra</span> <span class='ocrx_word' id='word_1_275' title='bbox 1438 1248 1447 1266; x_wconf 92' lang='lat'>,</span> <span class='ocrx_word' id='word_1_276' title='bbox 1459 1222 1540 1267; x_wconf 90' lang='lat' dir='ltr'>quia</span> <span class='ocrx_word' id='word_1_277' title='bbox 1555 1222 1674 1256; x_wconf 84' lang='lat' dir='ltr'>violari</span> <span class='ocrx_word' id='word_1_278' title='bbox 1687 1249 1696 1265; x_wconf 93' lang='lat'>,</span> 
     </span>
     <span class='ocr_line' id='line_1_48' title="bbox 1022 1274 1698 1319; baseline -0.001 -10"><span class='ocrx_word' id='word_1_279' title='bbox 1022 1275 1175 1317; x_wconf 85' lang='lat' dir='ltr'>moveri,</span> <span class='ocrx_word' id='word_1_280' title='bbox 1188 1274 1295 1309; x_wconf 86' lang='lat' dir='ltr'>deleri</span> <span class='ocrx_word' id='word_1_281' title='bbox 1311 1274 1385 1308; x_wconf 85' lang='lat' dir='ltr'>sine</span> <span class='ocrx_word' id='word_1_282' title='bbox 1401 1286 1503 1319; x_wconf 86' lang='lat' dir='ltr'>poena</span> <span class='ocrx_word' id='word_1_283' title='bbox 1514 1286 1588 1308; x_wconf 89' lang='lat' dir='ltr'>non</span> <span class='ocrx_word' id='word_1_284' title='bbox 1605 1281 1698 1319; x_wconf 86' lang='lat' dir='ltr'>pote-</span> 
     </span>
     <span class='ocr_line' id='line_1_49' title="bbox 1022 1326 1699 1371; baseline -0.003 -9"><span class='ocrx_word' id='word_1_285' title='bbox 1022 1330 1288 1362; x_wconf 64' lang='lat' dir='ltr'>rant—Hamus</span> <span class='ocrx_word' id='word_1_286' title='bbox 1303 1330 1363 1361; x_wconf 83' lang='lat' dir='ltr'>sub</span> <span class='ocrx_word' id='word_1_287' title='bbox 1372 1329 1504 1362; x_wconf 23' lang='lat' dir='ltr'>*tumulo</span> <span class='ocrx_word' id='word_1_288' title='bbox 1521 1326 1605 1371; x_wconf 73' lang='lat' dir='ltr'>tegit</span> <span class='ocrx_word' id='word_1_289' title='bbox 1618 1339 1699 1361; x_wconf 72' lang='lat' dir='ltr'>ossa</span> 
     </span>
     <span class='ocr_line' id='line_1_50' title="bbox 1023 1377 1698 1424; baseline -0.003 -10"><span class='ocrx_word' id='word_1_290' title='bbox 1023 1393 1042 1414; x_wconf 88' lang='lat' dir='ltr'>e</span> <span class='ocrx_word' id='word_1_291' title='bbox 1053 1392 1215 1414; x_wconf 83' lang='lat' dir='ltr'>sermone</span> <span class='ocrx_word' id='word_1_292' title='bbox 1233 1379 1368 1424; x_wconf 80' lang='lat' dir='ltr'>poetico</span> <span class='ocrx_word' id='word_1_293' title='bbox 1381 1379 1625 1413; x_wconf 85' lang='lat' dir='ltr'>Romanorum</span> <span class='ocrx_word' id='word_1_294' title='bbox 1635 1377 1698 1413; x_wconf 86' lang='lat' dir='ltr'>ssu-</span> 
     </span>
     <span class='ocr_line' id='line_1_51' title="bbox 1024 1429 1697 1476; baseline 0 -12"><span class='ocrx_word' id='word_1_295' title='bbox 1024 1432 1090 1474; x_wconf 86' lang='lat' dir='ltr'>xit,</span> <span class='ocrx_word' id='word_1_296' title='bbox 1112 1445 1131 1466; x_wconf 89' lang='lat' dir='ltr'>e</span> <span class='ocrx_word' id='word_1_297' title='bbox 1155 1444 1224 1476; x_wconf 92' lang='lat' dir='ltr'>quo</span> <span class='ocrx_word' id='word_1_298' title='bbox 1240 1431 1345 1465; x_wconf 83' lang='lat' dir='ltr'>etiam</span> <span class='ocrx_word' id='word_1_299' title='bbox 1364 1430 1550 1475; x_wconf 81' lang='lat' dir='ltr'>Virgilius,</span> <span class='ocrx_word' id='word_1_300' title='bbox 1569 1429 1697 1475; x_wconf 80' lang='lat' dir='ltr'>Georg.</span> 
     </span>
     <span class='ocr_line' id='line_1_52' title="bbox 1023 1482 1698 1528; baseline 0 -12"><span class='ocrx_word' id='word_1_301' title='bbox 1023 1482 1090 1525; x_wconf 87' lang='lat' dir='ltr'>lv,</span> <span class='ocrx_word' id='word_1_302' title='bbox 1108 1485 1189 1528; x_wconf 76' lang='lat'>457,</span> <span class='ocrx_word' id='word_1_303' title='bbox 1211 1482 1315 1524; x_wconf 87' lang='lat' dir='ltr'>dixit,</span> <span class='ocrx_word' id='word_1_304' title='bbox 1343 1483 1456 1516; x_wconf 73' lang='lat' dir='ltr'>Tellus</span> <span class='ocrx_word' id='word_1_305' title='bbox 1460 1482 1583 1526; x_wconf 80' lang='lat' dir='ltr'>fundit</span> <span class='ocrx_word' id='word_1_306' title='bbox 1600 1483 1698 1516; x_wconf 78' lang='lat' dir='ltr'>hum</span> 
     </span>
     <span class='ocr_line' id='line_1_53' title="bbox 1023 1533 1665 1575; baseline 0.002 -8"><span class='ocrx_word' id='word_1_307' title='bbox 1023 1537 1167 1575; x_wconf 78' lang='lat' dir='ltr'>m&#39;ctum‚·</span> <span class='ocrx_word' id='word_1_308' title='bbox 1183 1533 1259 1568; x_wconf 86' lang='lat' dir='ltr'>vide</span> <span class='ocrx_word' id='word_1_309' title='bbox 1277 1533 1319 1567; x_wconf 85' lang='lat' dir='ltr'>ad</span> <span class='ocrx_word' id='word_1_310' title='bbox 1333 1533 1385 1567; x_wconf 89' lang='lat' dir='ltr'>XI</span> <span class='ocrx_word' id='word_1_311' title='bbox 1398 1558 1407 1575; x_wconf 90' lang='lat'>,</span> <span class='ocrx_word' id='word_1_312' title='bbox 1426 1533 1502 1568; x_wconf 80' lang='lat'><strong>603.</strong></span> <span class='ocrx_word' id='word_1_313' title='bbox 1663 1552 1665 1555; x_wconf 33' lang='lat' dir='ltr'>r</span> 
     </span>
     <span class='ocr_line' id='line_1_54' title="bbox 1066 1584 1699 1620; baseline 0 -2"><span class='ocrx_word' id='word_1_314' title='bbox 1066 1587 1118 1619; x_wconf 82' lang='lat'>58.</span> <span class='ocrx_word' id='word_1_315' title='bbox 1142 1586 1242 1620; x_wconf 76' lang='lat' dir='ltr'>Talia</span> <span class='ocrx_word' id='word_1_316' title='bbox 1260 1586 1454 1619; x_wconf 82' lang='lat' dir='ltr'>constabat.</span> <span class='ocrx_word' id='word_1_317' title='bbox 1465 1611 1472 1618; x_wconf 91' lang='lat'>.</span> <span class='ocrx_word' id='word_1_318' title='bbox 1484 1608 1492 1617; x_wconf 89' lang='lat'><strong>.</strong></span> <span class='ocrx_word' id='word_1_319' title='bbox 1503 1586 1604 1618; x_wconf 77' lang='lat' dir='ltr'>urbis.</span> <span class='ocrx_word' id='word_1_320' title='bbox 1621 1584 1699 1619; x_wconf 79' lang='lat' dir='ltr'>Hos</span> 
     </span>
     <span class='ocr_line' id='line_1_55' title="bbox 1022 1635 1698 1680; baseline -0.004 -9"><span class='ocrx_word' id='word_1_321' title='bbox 1022 1650 1140 1671; x_wconf 83' lang='lat' dir='ltr'>versus</span> <span class='ocrx_word' id='word_1_322' title='bbox 1154 1636 1241 1670; x_wconf 86' lang='lat' dir='ltr'>duos</span> <span class='ocrx_word' id='word_1_323' title='bbox 1254 1635 1447 1680; x_wconf 81' lang='lat' dir='ltr'>suppositos</span> <span class='ocrx_word' id='word_1_324' title='bbox 1462 1647 1534 1668; x_wconf 88' lang='lat' dir='ltr'>esse</span> <span class='ocrx_word' id='word_1_325' title='bbox 1550 1635 1698 1669; x_wconf 79' lang='lat' dir='ltr'>arbitra-</span> 
     </span>
     <span class='ocr_line' id='line_1_56' title="bbox 1022 1685 1698 1731; baseline -0.006 -8"><span class='ocrx_word' id='word_1_326' title='bbox 1022 1689 1124 1723; x_wconf 89' lang='lat' dir='ltr'>batur</span> <span class='ocrx_word' id='word_1_327' title='bbox 1144 1688 1277 1731; x_wconf 87' lang='lat' dir='ltr'>Tanaq.</span> <span class='ocrx_word' id='word_1_328' title='bbox 1299 1686 1433 1727; x_wconf 85' lang='lat' dir='ltr'>Faber;</span> <span class='ocrx_word' id='word_1_329' title='bbox 1457 1685 1516 1720; x_wconf 89' lang='lat' dir='ltr'>sed</span> <span class='ocrx_word' id='word_1_330' title='bbox 1533 1685 1698 1731; x_wconf 82' lang='lat' dir='ltr'>leguntur</span> 
     </span>
     <span class='ocr_line' id='line_1_57' title="bbox 1022 1738 1709 1783; baseline -0.006 -8"><span class='ocrx_word' id='word_1_331' title='bbox 1022 1742 1058 1775; x_wconf 87' lang='lat' dir='ltr'>in</span> <span class='ocrx_word' id='word_1_332' title='bbox 1074 1740 1235 1774; x_wconf 81' lang='lat' dir='ltr'>omnibus</span> <span class='ocrx_word' id='word_1_333' title='bbox 1253 1738 1347 1773; x_wconf 88' lang='lat' dir='ltr'>libris</span> <span class='ocrx_word' id='word_1_334' title='bbox 1362 1738 1504 1783; x_wconf 84' lang='lat' dir='ltr'>scriptis.</span> <span class='ocrx_word' id='word_1_335' title='bbox 1516 1738 1695 1772; x_wconf 61' lang='lat' dir='ltr'>Eat—De</span> <span class='ocrx_word' id='word_1_336' title='bbox 1708 1777 1709 1780; x_wconf 11' lang='grc' dir='ltr'><strong>Ἴ</strong></span> 
     </span>
     <span class='ocr_line' id='line_1_58' title="bbox 1023 1790 1697 1840; baseline -0.003 -12"><span class='ocrx_word' id='word_1_337' title='bbox 1023 1794 1213 1840; x_wconf 84' lang='lat' dir='ltr'>originibus</span> <span class='ocrx_word' id='word_1_338' title='bbox 1247 1792 1410 1827; x_wconf 86' lang='lat' dir='ltr'>Crotonis</span> <span class='ocrx_word' id='word_1_339' title='bbox 1447 1790 1559 1826; x_wconf 85' lang='lat' dir='ltr'>multa</span> <span class='ocrx_word' id='word_1_340' title='bbox 1591 1791 1697 1826; x_wconf 78' lang='lat' dir='ltr'>habet</span> 
     </span>
     <span class='ocr_line' id='line_1_59' title="bbox 1023 1842 1704 1890; baseline -0.001 -11"><span class='ocrx_word' id='word_1_341' title='bbox 1023 1844 1192 1890; x_wconf 89' lang='lat' dir='ltr'>Leopard.</span> <span class='ocrx_word' id='word_1_342' title='bbox 1209 1844 1246 1878; x_wconf 89' lang='lat' dir='ltr'>in</span> <span class='ocrx_word' id='word_1_343' title='bbox 1259 1842 1461 1878; x_wconf 79' lang='lat' dir='ltr'>Emendatt.</span> <span class='ocrx_word' id='word_1_344' title='bbox 1475 1856 1547 1888; x_wconf 88' lang='lat' dir='ltr'>cap.</span> <span class='ocrx_word' id='word_1_345' title='bbox 1569 1845 1618 1886; x_wconf 75' lang='lat'>14.</span> <span class='ocrx_word' id='word_1_346' title='bbox 1702 1871 1704 1873; x_wconf 86' lang='lat'>.</span> 
     </span>
     <span class='ocr_line' id='line_1_60' title="bbox 1064 1896 1696 1941; baseline -0.002 -9"><span class='ocrx_word' id='word_1_347' title='bbox 1064 1897 1208 1941; x_wconf 68' lang='lat' dir='ltr'>fio-478.</span> <span class='ocrx_word' id='word_1_348' title='bbox 1225 1897 1395 1940; x_wconf 71' lang='lat' dir='ltr'>Dogmata</span> <span class='ocrx_word' id='word_1_349' title='bbox 1405 1897 1565 1929; x_wconf 79' lang='lat' dir='ltr'>nonnulla</span> <span class='ocrx_word' id='word_1_350' title='bbox 1573 1896 1696 1940; x_wconf 63' lang='lat' dir='ltr'>Pytha-</span> 
     </span>
     <span class='ocr_line' id='line_1_61' title="bbox 1019 1945 1695 1993; baseline -0.001 -11"><span class='ocrx_word' id='word_1_351' title='bbox 1019 1952 1135 1992; x_wconf 72' lang='lat' dir='ltr'>gorica</span> <span class='ocrx_word' id='word_1_352' title='bbox 1146 1975 1154 1988; x_wconf 92' lang='lat'>,</span> <span class='ocrx_word' id='word_1_353' title='bbox 1174 1959 1251 1993; x_wconf 71' lang='lat' dir='ltr'>quae</span> <span class='ocrx_word' id='word_1_354' title='bbox 1263 1959 1372 1992; x_wconf 89' lang='lat' dir='ltr'>quum</span> <span class='ocrx_word' id='word_1_355' title='bbox 1387 1945 1431 1980; x_wconf 86' lang='lat' dir='ltr'>de</span> <span class='ocrx_word' id='word_1_356' title='bbox 1447 1946 1695 1981; x_wconf 81' lang='lat' dir='ltr'>mutationibus</span> 
     </span>
     <span class='ocr_line' id='line_1_62' title="bbox 1023 1999 1700 2047; baseline 0 -11"><span class='ocrx_word' id='word_1_357' title='bbox 1023 2008 1138 2047; x_wconf 79' lang='lat' dir='ltr'>agant,</span> <span class='ocrx_word' id='word_1_358' title='bbox 1152 2007 1384 2044; x_wconf 82' lang='lat' dir='ltr'>ornatumque</span> <span class='ocrx_word' id='word_1_359' title='bbox 1395 1999 1499 2034; x_wconf 79' lang='lat' dir='ltr'>facile</span> <span class='ocrx_word' id='word_1_360' title='bbox 1510 1999 1700 2036; x_wconf 70' lang='lat' dir='ltr'>admittant</span> 
     </span>
     <span class='ocr_line' id='line_1_63' title="bbox 1023 2051 1694 2099; baseline -0.001 -11"><span class='ocrx_word' id='word_1_361' title='bbox 1023 2054 1196 2099; x_wconf 87' lang='lat' dir='ltr'>poeticum</span> <span class='ocrx_word' id='word_1_362' title='bbox 1209 2078 1218 2096; x_wconf 92' lang='lat'>,</span> <span class='ocrx_word' id='word_1_363' title='bbox 1235 2052 1350 2087; x_wconf 83' lang='lat' dir='ltr'>locum</span> <span class='ocrx_word' id='word_1_364' title='bbox 1365 2051 1403 2085; x_wconf 88' lang='lat' dir='ltr'>in</span> <span class='ocrx_word' id='word_1_365' title='bbox 1419 2051 1485 2086; x_wconf 86' lang='lat' dir='ltr'>hoc</span> <span class='ocrx_word' id='word_1_366' title='bbox 1502 2063 1607 2096; x_wconf 85' lang='lat' dir='ltr'>opere</span> <span class='ocrx_word' id='word_1_367' title='bbox 1622 2051 1694 2087; x_wconf 85' lang='lat' dir='ltr'>ha-</span> 
     </span>
     <span class='ocr_line' id='line_1_64' title="bbox 1021 2102 1705 2148; baseline -0.003 -9"><span class='ocrx_word' id='word_1_368' title='bbox 1021 2106 1106 2139; x_wconf 85' lang='lat' dir='ltr'>bent</span> <span class='ocrx_word' id='word_1_369' title='bbox 1114 2102 1352 2140; x_wconf 84' lang='lat' dir='ltr'>commodum.</span> <span class='ocrx_word' id='word_1_370' title='bbox 1363 2102 1479 2136; x_wconf 86' lang='lat' dir='ltr'>Etiam</span> <span class='ocrx_word' id='word_1_371' title='bbox 1490 2102 1672 2148; x_wconf 78' lang='lat' dir='ltr'>bocplacet</span> <span class='ocrx_word' id='word_1_372' title='bbox 1682 2128 1692 2146; x_wconf 83' lang='lat'>‚</span> <span class='ocrx_word' id='word_1_373' title='bbox 1703 2125 1705 2127; x_wconf 89' lang='lat'>·</span> 
     </span>
     <span class='ocr_line' id='line_1_65' title="bbox 1022 2153 1694 2201; baseline -0.001 -12"><span class='ocrx_word' id='word_1_374' title='bbox 1022 2155 1114 2201; x_wconf 87' lang='lat' dir='ltr'>quod</span> <span class='ocrx_word' id='word_1_375' title='bbox 1127 2154 1339 2201; x_wconf 82' lang='lat' dir='ltr'>Pythagoras</span> <span class='ocrx_word' id='word_1_376' title='bbox 1354 2153 1432 2198; x_wconf 68' lang='lat' dir='ltr'>ipse</span> <span class='ocrx_word' id='word_1_377' title='bbox 1441 2153 1570 2189; x_wconf 73' lang='lat' dir='ltr'>doeens</span> <span class='ocrx_word' id='word_1_378' title='bbox 1587 2153 1694 2188; x_wconf 88' lang='lat' dir='ltr'>iudu-</span> 
     </span>
     <span class='ocr_line' id='line_1_66' title="bbox 1021 2205 1693 2253; baseline -0.001 -12"><span class='ocrx_word' id='word_1_379' title='bbox 1021 2207 1118 2241; x_wconf 80' lang='lat' dir='ltr'>citur.</span> <span class='ocrx_word' id='word_1_380' title='bbox 1138 2206 1193 2240; x_wconf 90' lang='lat' dir='ltr'>De</span> <span class='ocrx_word' id='word_1_381' title='bbox 1210 2205 1430 2253; x_wconf 74' lang='lat' dir='ltr'>Pythagora,</span> <span class='ocrx_word' id='word_1_382' title='bbox 1451 2205 1526 2240; x_wconf 88' lang='lat' dir='ltr'>viro</span> <span class='ocrx_word' id='word_1_383' title='bbox 1542 2205 1693 2251; x_wconf 81' lang='lat' dir='ltr'>insigni,</span> 
     </span>
     <span class='ocr_line' id='line_1_67' title="bbox 1021 2256 1694 2303; baseline -0.001 -11"><span class='ocrx_word' id='word_1_384' title='bbox 1021 2257 1209 2303; x_wconf 23' lang='lat' dir='ltr'>ejusfrebus</span> <span class='ocrx_word' id='word_1_385' title='bbox 1222 2284 1231 2300; x_wconf 97' lang='lat'>,</span> <span class='ocrx_word' id='word_1_386' title='bbox 1254 2257 1419 2292; x_wconf 83' lang='lat' dir='ltr'>institutis</span> <span class='ocrx_word' id='word_1_387' title='bbox 1431 2283 1440 2301; x_wconf 95' lang='lat'>,</span> <span class='ocrx_word' id='word_1_388' title='bbox 1462 2256 1595 2293; x_wconf 80' lang='lat' dir='ltr'>familia</span> <span class='ocrx_word' id='word_1_389' title='bbox 1608 2284 1617 2301; x_wconf 90' lang='lat'><strong><em>‚</em></strong></span> <span class='ocrx_word' id='word_1_390' title='bbox 1639 2270 1694 2292; x_wconf 92' lang='lat' dir='ltr'>co-</span> 
     </span>
     <span class='ocr_line' id='line_1_68' title="bbox 1020 2309 1694 2356; baseline -0.001 -11"><span class='ocrx_word' id='word_1_391' title='bbox 1020 2312 1113 2356; x_wconf 85' lang='lat' dir='ltr'>piose</span> <span class='ocrx_word' id='word_1_392' title='bbox 1138 2317 1173 2344; x_wconf 90' lang='lat' dir='ltr'>et</span> <span class='ocrx_word' id='word_1_393' title='bbox 1195 2310 1366 2345; x_wconf 81' lang='lat' dir='ltr'>subtiliter</span> <span class='ocrx_word' id='word_1_394' title='bbox 1383 2309 1534 2355; x_wconf 87' lang='lat' dir='ltr'>disputat</span> <span class='ocrx_word' id='word_1_395' title='bbox 1548 2311 1694 2344; x_wconf 60' lang='grc' dir='ltr'>,Μήποτε</span> 
     </span>
     <span class='ocr_line' id='line_1_69' title="bbox 1018 2363 1694 2397; baseline 0 -1"><span class='ocrx_word' id='word_1_396' title='bbox 1018 2367 1054 2396; x_wconf 84' lang='lat' dir='ltr'>in</span> <span class='ocrx_word' id='word_1_397' title='bbox 1074 2365 1131 2396; x_wconf 85' lang='lat' dir='ltr'>der</span> <span class='ocrx_word' id='word_1_398' title='bbox 1143 2363 1346 2396; x_wconf 74' lang='lat' dir='ltr'>Gescbicltle</span> <span class='ocrx_word' id='word_1_399' title='bbox 1361 2364 1420 2396; x_wconf 82' lang='lat' dir='ltr'>der</span> <span class='ocrx_word' id='word_1_400' title='bbox 1442 2363 1646 2397; x_wconf 70' lang='lat' dir='ltr'>Werenscb.</span> <span class='ocrx_word' id='word_1_401' title='bbox 1658 2364 1694 2396; x_wconf 80' lang='lat' dir='ltr'>in</span> 
     </span>
     <span class='ocr_line' id='line_1_70' title="bbox 1022 2412 1692 2454; baseline -0.003 -6"><span class='ocrx_word' id='word_1_402' title='bbox 1022 2415 1272 2448; x_wconf 76' lang='lat' dir='ltr'>Griecbenland</span> <span class='ocrx_word' id='word_1_403' title='bbox 1278 2413 1439 2446; x_wconf 76' lang='lat' dir='ltr'>undllom</span> <span class='ocrx_word' id='word_1_404' title='bbox 1451 2418 1535 2446; x_wconf 84' lang='lat' dir='ltr'>tom.</span> <span class='ocrx_word' id='word_1_405' title='bbox 1546 2413 1561 2446; x_wconf 88' lang='grc' dir='ltr'>Ι</span> <span class='ocrx_word' id='word_1_406' title='bbox 1574 2437 1582 2454; x_wconf 87' lang='grc'><strong>,</strong></span> <span class='ocrx_word' id='word_1_407' title='bbox 1594 2412 1651 2447; x_wconf 91' lang='lat' dir='ltr'>lib.</span> <span class='ocrx_word' id='word_1_408' title='bbox 1661 2413 1692 2446; x_wconf 81' lang='grc'>3.</span> 
     </span>
     <span class='ocr_line' id='line_1_71' title="bbox 1061 2462 1694 2510; baseline -0.002 -12"><span class='ocrx_word' id='word_1_409' title='bbox 1061 2466 1184 2510; x_wconf 79' lang='lat'><strong>60-72.</strong></span> <span class='ocrx_word' id='word_1_410' title='bbox 1206 2462 1412 2509; x_wconf 76' lang='lat' dir='ltr'>Vt&#39;rsuitetc.</span> <span class='ocrx_word' id='word_1_411' title='bbox 1426 2463 1481 2497; x_wconf 91' lang='lat' dir='ltr'>De</span> <span class='ocrx_word' id='word_1_412' title='bbox 1494 2462 1694 2509; x_wconf 82' lang='lat' dir='ltr'>Pythagora</span> 
     </span>
     <span class='ocr_line' id='line_1_72' title="bbox 1019 2514 1692 2562; baseline -0.003 -12"><span class='ocrx_word' id='word_1_413' title='bbox 1019 2517 1092 2562; x_wconf 90' lang='lat' dir='ltr'>ipso</span> <span class='ocrx_word' id='word_1_414' title='bbox 1105 2543 1115 2560; x_wconf 88' lang='lat'>,</span> <span class='ocrx_word' id='word_1_415' title='bbox 1135 2517 1279 2561; x_wconf 86' lang='lat' dir='ltr'>ejusque</span> <span class='ocrx_word' id='word_1_416' title='bbox 1295 2515 1507 2560; x_wconf 87' lang='lat' dir='ltr'>philosophia</span> <span class='ocrx_word' id='word_1_417' title='bbox 1522 2514 1692 2549; x_wconf 86' lang='lat' dir='ltr'>universe.</span> 
     </span>
     <span class='ocr_line' id='line_1_73' title="bbox 1018 2565 1689 2611; baseline -0.001 -10"><span class='ocrx_word' id='word_1_418' title='bbox 1018 2583 1061 2594; x_wconf 74' lang='lat'>--·</span> <span class='ocrx_word' id='word_1_419' title='bbox 1070 2570 1139 2601; x_wconf 83' lang='lat' dir='ltr'>Hic</span> <span class='ocrx_word' id='word_1_420' title='bbox 1148 2595 1156 2608; x_wconf 88' lang='lat'>,</span> <span class='ocrx_word' id='word_1_421' title='bbox 1174 2566 1331 2601; x_wconf 86' lang='lat' dir='ltr'>Crotone</span> <span class='ocrx_word' id='word_1_422' title='bbox 1340 2593 1349 2610; x_wconf 89' lang='lat'><em>‚</em></span> <span class='ocrx_word' id='word_1_423' title='bbox 1361 2574 1478 2611; x_wconf 87' lang='lat' dir='ltr'>postea</span> <span class='ocrx_word' id='word_1_424' title='bbox 1491 2567 1596 2600; x_wconf 88' lang='lat' dir='ltr'>etiam</span> <span class='ocrx_word' id='word_1_425' title='bbox 1609 2565 1689 2603; x_wconf 85' lang='lat' dir='ltr'>Me-</span> 
     </span>
     <span class='ocr_line' id='line_1_74' title="bbox 1018 2617 1688 2665; baseline -0.004 -11"><span class='ocrx_word' id='word_1_426' title='bbox 1018 2621 1150 2665; x_wconf 84' lang='lat' dir='ltr'>taponti</span> <span class='ocrx_word' id='word_1_427' title='bbox 1160 2645 1169 2663; x_wconf 91' lang='lat'>,</span> <span class='ocrx_word' id='word_1_428' title='bbox 1185 2620 1241 2654; x_wconf 86' lang='lat' dir='ltr'>ubi</span> <span class='ocrx_word' id='word_1_429' title='bbox 1255 2619 1398 2653; x_wconf 82' lang='lat' dir='ltr'>decessit</span> <span class='ocrx_word' id='word_1_430' title='bbox 1409 2633 1417 2659; x_wconf 90' lang='lat'>;</span> <span class='ocrx_word' id='word_1_431' title='bbox 1430 2617 1542 2653; x_wconf 85' lang='lat' dir='ltr'>Cicer.</span> <span class='ocrx_word' id='word_1_432' title='bbox 1553 2618 1630 2652; x_wconf 88' lang='lat' dir='ltr'>Fin.</span> <span class='ocrx_word' id='word_1_433' title='bbox 1641 2617 1688 2660; x_wconf 89' lang='lat' dir='ltr'>V,</span> 
     </span>
     <span class='ocr_line' id='line_1_75' title="bbox 1020 2671 1689 2714; baseline -0.001 -9"><span class='ocrx_word' id='word_1_434' title='bbox 1020 2686 1056 2713; x_wconf 77' lang='lat'>23</span> <span class='ocrx_word' id='word_1_435' title='bbox 1073 2672 1252 2714; x_wconf 85' lang='lat' dir='ltr'>Justinus,</span> <span class='ocrx_word' id='word_1_436' title='bbox 1268 2671 1336 2706; x_wconf 89' lang='lat' dir='ltr'>XX</span> <span class='ocrx_word' id='word_1_437' title='bbox 1350 2696 1358 2713; x_wconf 93' lang='lat'>,</span> <span class='ocrx_word' id='word_1_438' title='bbox 1373 2672 1402 2712; x_wconf 80' lang='grc'>4.</span> <span class='ocrx_word' id='word_1_439' title='bbox 1419 2671 1591 2704; x_wconf 87' lang='lat' dir='ltr'>Reversus</span> <span class='ocrx_word' id='word_1_440' title='bbox 1604 2682 1689 2714; x_wconf 79' lang='lat' dir='ltr'>ape-</span> 
     </span>
     <span class='ocr_line' id='line_1_76' title="bbox 1018 2722 1688 2770; baseline -0.003 -12"><span class='ocrx_word' id='word_1_441' title='bbox 1018 2725 1131 2769; x_wconf 79' lang='lat' dir='ltr'>regrin</span> <span class='ocrx_word' id='word_1_442' title='bbox 1138 2724 1250 2759; x_wconf 80' lang='lat' dir='ltr'>atione</span> <span class='ocrx_word' id='word_1_443' title='bbox 1263 2750 1272 2767; x_wconf 93' lang='lat'>‚</span> <span class='ocrx_word' id='word_1_444' title='bbox 1290 2736 1357 2768; x_wconf 78' lang='lat' dir='ltr'>qua</span> <span class='ocrx_word' id='word_1_445' title='bbox 1368 2723 1561 2770; x_wconf 83' lang='lat' dir='ltr'>AEgyptum</span> <span class='ocrx_word' id='word_1_446' title='bbox 1571 2722 1688 2757; x_wconf 78' lang='lat' dir='ltr'>lustra-</span> 
     </span>
    </p>
   </div>
  </div>
 </body>
</html>
