1820 3106
327 190 1023 244 'METAMORPHOSEON
1060 198 1189 242 Lm.
1224 199 1386 244 v111.
1514 202 1570 265 47

142 294 364 351 Functus,
390 284 658 341 Erechtheas
679 290 939 340 Tritonidos
960 291 1056 339 ibat
1076 290 1131 339 ad
1154 310 1285 340 arces.

146 370 318 419 Clausit
337 370 446 428 iter,
470 369 663 436 fecitque
684 389 834 419 moras
857 368 1080 418 Achelous
1102 369 1254 428 eunti,

146 448 294 497 Imbre
316 452 490 498 tumens
511 468 521 496 ε
548 471 571 492 «
596 448 789 498 Succede
808 448 945 506 meis,
971 448 1055 506 ait,
1079 446 1265 515 inclyte,
1292 451 1442 509 tectis,

151 547 175 567 »ι
203 525 474 594 Cecropida;
496 545 578 575 nec
602 538 644 575 te
665 527 889 576 committe
908 526 1144 593 rapacibus
1166 526 1311 575 undis.
1510 545 1576 579 550

150 624 174 646 »
199 603 328 653 Ferre
349 604 493 654 trabes
515 604 679 654 solidas
693 643 706 663 ‚
732 604 1003 672 obliquaque
1023 603 1195 653 volvere
1215 624 1375 669 magno

151 702 175 723 υ
201 683 432 733 Murmure
453 702 557 734 saxa
578 683 724 733 solent
743 703 754 732 ε
776 683 867 731 vidi
889 683 1160 732 contermina
1182 683 1287 751 ripae

149 781 175 802 »
203 759 317 808 Cum
340 762 550 825 gregibus
572 761 745 812 stabula
763 760 850 811 alta
871 761 986 810 trahi
1008 781 1018 819 ;
1039 780 1119 810 nec
1138 761 1332 811 fortibus
1355 761 1442 811 illic

150 859 175 879 »
203 838 381 888 Profuit
401 841 612 890 armentis
626 879 639 899 ‚
662 860 741 889 nec
768 840 893 907 equis
914 839 1141 890 velocibus
1162 859 1257 889 esse
1278 860 1289 889 :

150 937 175 957 »
202 915 349 966 Multa
365 937 544 986 quoque
563 919 636 967 hic
656 930 831 967 torrens
844 956 856 977 ,
875 917 1052 967 nivibus
1071 918 1125 967 de
1138 931 1287 968 monte
1311 918 1472 969 solutis
1487 957 1499 977 ‚
1513 933 1578 969 555

151 1013 176 1035 >›
203 994 404 1063 Corpora
426 997 633 1046 turbineo
653 996 863 1062 juvenilia
884 997 1051 1045 vortice
1074 997 1239 1046 mersit.

149 1150 223 1173 non
249 1139 449 1176 cohaereant
476 1154 558 1176 cum
585 1148 680 1177 terra
708 1142 830 1177 conti—

149 1198 258 1226 nente
270 1218 280 1236 ,
305 1193 493 1229 Pausanias
505 1220 514 1237 ,
539 1194 666 1230 Arcad.
689 1208 721 1241 p.
740 1195 804 1241 647
818 1221 828 1238 ,

149 1242 267 1279 reddit
284 1244 376 1280 hanc
395 1258 403 1280 z
421 1259 533 1292 quum
551 1246 683 1282 AEtolia
695 1274 705 1291 ,
725 1247 830 1293 pulsis

150 1295 278 1331 AEtolis
289 1322 300 1340 ,
318 1297 449 1332 inculta
464 1298 594 1343 jaceret
604 1325 614 1343 ,
633 1299 830 1335 Acheloum

151 1347 290 1383 desiisse
303 1348 430 1384 limum
446 1358 482 1386 et
498 1351 618 1387 sordes
637 1351 809 1386 advehere
820 1379 829 1393 ,

152 1401 278 1446 quibus
316 1402 515 1441 Echinades
556 1412 832 1440 annecterentur

152 1459 256 1488 terrae
270 1454 477 1490 continenti.
495 1455 567 1491 Sed
586 1456 678 1502 apud
691 1457 833 1504 mythi-

151 1519 210 1542 ωε
226 1507 421 1552 Achelous,
445 1509 553 1546 iratus
573 1510 654 1546 ideo
666 1538 676 1555 ,
702 1512 796 1557 quod
813 1525 833 1547 a

150 1559 317 1607 nymphis
326 1560 592 1607 posthaberetur
598 1563 675 1599 Diis
682 1564 832 1609 rusticis,

151 1623 208 1647 eas
220 1611 356 1655 ,efficit3
377 1620 413 1649 et
432 1613 481 1650 sic
502 1613 575 1651 haec
595 1615 711 1651 sabula
725 1629 833 1651 com-

151 1663 257 1701 mode
275 1666 477 1702 annectitur
490 1668 688 1714 superiori,
709 1669 748 1706 in
764 1682 833 1715 qua

152 1716 269 1753 Diana
281 1718 434 1758 similem
451 1720 496 1755 ob
512 1734 653 1757 causam
665 1722 834 1758 irasceba-

151 1781 265 1809 tur.-·
271 1773 405 1808 Sociali
409 1787 494 1819 pars
507 1779 648 1820 labente,-
664 1790 743 1822 pars
756 1777 835 1811 viri-

151 1825 192 1862 lis
201 1827 337 1863 laboris.
347 1828 521 1864 Nondum
531 1828 677 1865 dimittit
689 1831 828 1871 Thesea,

152 1878 346 1925 sed=³plures
361 1881 465 1916 rebus
479 1881 554 1927 ejus
565 1882 696 1917 fabulas
709 1895 835 1916 annec-

152 1932 196 1967 tit
212 1957 222 1976 ,
248 1946 452 1979 quanquam
473 1947 547 1969 non
573 1935 653 1970 satis
676 1935 833 1970 feliciter.

154 1983 300 2020 Etenim
310 1986 516 2028 Acheloum,
540 1987 600 2033 qui
614 2001 634 2022 e
649 1986 765 2022 Pindo
781 1989 836 2022 es-

152 2037 249 2073 susus
265 2037 308 2073 ab
326 2051 448 2075 occasu
462 2039 631 2075 AEtoliam
649 2039 836 2075 dirimebat

156 2090 200 2125 ab
209 2090 450 2127 Aean-nauibus
457 2118 467 2136 ,
487 2092 607 2137 objicit
616 2091 756 2128 Theseo
768 2092 834 2127 Ca-

154 2141 286 2190 lydone
298 2142 454 2180 Athenas
468 2144 641 2180 redeunti.
649 2146 834 2180 ——Erecb-

155 2196 272 2240 theat,-
289 2195 422 2241 primus
433 2197 561 2232 Horeti
573 2223 583 2241 ,
599 2197 734 2243 primus
745 2198 836 2233 Gro-

156 2247 254 2282 novii
269 2274 279 2292 ,
304 2255 464 2294 excerpta
482 2249 618 2285 Mureti
633 2276 644 2293 ,
661 2250 835 2287 secundus

158 2300 338 2336 Palatinus
354 2308 391 2336 et
407 2300 594 2336 duodecim
610 2303 685 2347 alii,
702 2305 834 2339 Erich-

156 2355 311 2394 thonius,
340 2352 433 2398 quod
450 2365 522 2388 non
541 2353 696 2399 displicet
711 2355 834 2391 Hein-

157 2405 228 2448 εἷος
245 2418 330 2441 nam
347 2413 383 2441 et
397 2405 452 2440 alii
470 2405 512 2440 ab
530 2405 737 2441 Erichtonio
752 2420 834 2454 rege

158 2461 286 2496 urbem
302 2460 574 2495 Atheniensium
596 2460 837 2496 nominarunt.

159 2513 291 2559 Regius
309 2520 430 2548 noster
446 2512 479 2547 A
493 2539 502 2557 ,
524 2525 606 2547 cum
622 2513 777 2558 pluribus
793 2514 835 2548 ab

161 2565 310 2600 Heinsio
324 2565 452 2600 notatis
463 2591 472 2609 ,
491 2566 732 2606 En'chthoias5
755 2564 836 2600 Co·-

161 2617 227 2653 dex
240 2617 270 2652 Β
281 2643 291 2661 ,
310 2631 392 2653 cum
408 2617 543 2652 duobus
554 2644 564 2662 ,
583 2624 669 2652 teste
685 2617 811 2652 eodem
824 2645 834 2662 ,

161 2671 355 2704 Eritheidas
365 2670 444 2704 —A
446 2682 535 2712 rces;
548 2669 672 2704 urbem
684 2668 780 2703 :vide
792 2668 836 2703 ad

163 2721 250 2765 Vll,
262 2723 312 2765 54.
321 2721 475 2757 Athenas
482 2722 538 2757 hic
545 2721 672 2767 duplici
682 2720 836 2767 epitheto

896 1143 1076 1189 insignitas
1087 1142 1177 1177 male
1193 1142 1241 1177 ait
1259 1145 1490 1187 Gimgvsnam
1506 1144 1576 1178 Tri-

895 1198 1032 1232 tonidos
1047 1209 1119 1231 non
1143 1203 1196 1231 est
1213 1196 1403 1242 epitheton.
1422 1199 1490 1232 Ed.

942 1251 1016 1294 548.
1035 1252 1171 1285 Clausit
1181 1262 1193 1293 ‚·
1210 1249 1288 1284 vide
1305 1250 1349 1285 ad
1367 1251 1421 1285 VI
1431 1276 1441 1294 ,
1461 1253 1581 1298 572.—

897 1302 953 1337 De
967 1305 1065 1336 tectis·
1078 1301 1268 1336 fluviorum
1284 1301 1363 1336 vide
1381 1302 1424 1336 ad
1442 1303 1459 1337 Ι
1472 1329 1483 1346 ,
1505 1305 1580 1348 574.

898 1353 1044 1388 Acheloi
1060 1359 1196 1388 tectum
1213 1353 1396 1388 internum
1412 1354 1483 1400 ipse
1499 1367 1580 1388 mox

897 1406 1070 1442 describit.
1096 1406 1288 1440 Succedunt
1306 1410 1405 1441 tectis
1415 1433 1424 1448 ‚
1452 1407 1512 1452 qui
1537 1420 1581 1441 eo

897 1458 1098 1494 devertunt.
1110 1457 1233 1493 Suavis
1248 1465 1301 1493 est
1317 1457 1391 1493 haec
1405 1466 1441 1494 et
1453 1459 1581 1494 invita-

897 1511 948 1546 tio
961 1518 997 1545 et
1011 1510 1095 1545 iude
1113 1517 1191 1545 orta
1211 1511 1459 1546 sermocinatio
1471 1537 1481 1556 ,
1503 1524 1581 1557 quae

897 1563 1052 1608 pertinet
1078 1562 1121 1597 ad
1146 1563 1202 1597 lib.
1232 1563 1285 1598 lx
1310 1563 1458 1598 Metam.
1472 1589 1481 1607 ,
1507 1564 1552 1611 96
1570 1590 1580 1607 ,

897 1615 958 1650 ubi
974 1615 1126 1660 hospites
1137 1614 1343 1660 discedunt,
1361 1628 1436 1651 non
1447 1629 1582 1662 exspec-

897 1673 968 1703 tata
981 1667 1139 1703 fluminis
1154 1681 1247 1714 pace.

943 1723 1019 1757 551.
1037 1724 1136 1757 Ferre
1151 1725 1263 1757 trabes
1279 1729 1343 1757 etc.
1365 1723 1407 1757 In
1426 1721 1581 1757 fluminis

899 1766 1070 1808 tumentis
1096 1773 1329 1819 descriptione
1345 1774 1475 1809 Nestro
1490 1787 1583 1820 prae—

897 1826 1039 1860 iverunt
1048 1826 1243 1869 Lucretius,
1258 1826 1288 1868 Ι,
1306 1828 1379 1869 182,
1390 1838 1471 1874 2903
1483 1827 1581 1873 Virg.

900 1877 986 1912 AEn.
1007 1878 1063 1922 ΙΙ,
1089 1879 1225 1924 305-7,
1249 1885 1286 1912 et
1308 1878 1373 1926 496
1394 1892 1469 1924 sqq.
1488 1879 1580 1924 Apta

899 1929 973 1965 haec
985 1930 1028 1964 ad
1039 1930 1304 1966 deterrendum.
1318 1948 1363 1956 -
1378 1930 1466 1967 Saxa
1477 1959 1486 1973 ‚
1503 1944 1581 1977 quae

899 1986 1034 2029 obliqua
1050 1984 1214 2018 seruntur
1229 2009 1239 2027 ,
1265 1983 1399 2030 angulis
1417 1984 1487 2019 suis
1503 1997 1582 2019 ma-

898 2035 975 2081 jore
999 2035 1034 2070 vi
1061 2043 1291 2082 prosternunt
1314 2036 1425 2070 obvia.
1455 2036 1581 2082 Quum

899 2090 1076 2125 Junianus
1091 2090 1217 2126 habeat
1231 2093 1410 2136 oblataque
1419 2117 1429 2133 ,
1456 2091 1581 2126 Hein-

898 2143 968 2178 sius
1001 2142 1144 2188 conjicit
1166 2145 1379 2188 obstrataque
1397 2169 1406 2184 ,
1439 2143 1493 2178 vel
1520 2146 1593 2177 ob*

899 2202 1099 2240 structaque,
1111 2202 1152 2230 ut
1162 2196 1231 2240 111,
1243 2198 1325 2243 570;
1336 2195 1396 2231 sed
1406 2196 1452 2231 ibi
1463 2209 1580 2231 sermo

899 2247 944 2283 de
963 2248 1049 2283 saxis
1070 2261 1212 2284 cursum
1230 2248 1327 2283 fluvii
1347 2249 1582 2295 impedienti-

899 2301 974 2336 bus.
981 2301 1082 2348 Regii
1093 2303 1216 2346 nostri,
1229 2305 1477 2348 oblt'quaque.—
1483 2305 1579 2346 Vm}

899 2355 1023 2388 confer
1035 2354 1082 2398 V,
1100 2354 1174 2403 569.
1182 2355 1375 2389 -Stabula
1384 2357 1458 2389 alla
1468 2356 1580 2397 {rahi‚·

900 2408 1023 2442 confer
1033 2407 1077 2443 V.
1087 2408 1151 2454 627
1167 2421 1175 2442 ε
1186 2421 1250 2454 pro
1258 2410 1363 2448 trahi,
1375 2408 1423 2442 sic
1432 2407 1580 2442 Veteres

900 2462 992 2503 παρή·
1009 2466 1044 2494 at
1057 2462 1150 2494 trahi
1159 2459 1376 2504 exquisitius,
1389 2465 1424 2493 et
1435 2459 1524 2493 bene
1536 2458 1580 2493 de

900 2511 1015 2547 fluviis
1040 2512 1231 2557 rapacibus.
1251 2511 1369 2546 Etiam
1392 2510 1579 2557 Virgilius,

902 2563 995 2598 dicto
1005 2563 1100 2608 loco,
1116 2577 1190 2598 cum
1201 2565 1346 2597 stabulis
1354 2570 1503 2598 armenta
1514 2570 1581 2597 lra-

902 2618 1015 2652 ΜΛ-
1030 2616 1255 2660 Nccfintibus
1266 2623 1332 2651 etc.
1347 2623 1386 2651 ut
1403 2617 1439 2660 I,
1458 2617 1534 2651 305.

947 2669 1022 2703 556.
1041 2670 1075 2703 T
1069 2671 1204 2704 urba'neo
1218 2672 1360 2713 vorttkq
1380 2669 1416 2704 in
1431 2669 1579 2703 modum

902 2720 1051 2756 turbinis
1059 2734 1094 2755 se
1102 2720 1273 2755 volvente.
1281 2722 1497 2757 Ed-Somo
1503 2723 1581 2755 dum
