1820 3106
410 230 1114 278 METAMORPHOSEON
1154 231 1286 276 LIB.
1322 233 1383 276 X.

1529 234 1610 296 157

176 325 380 386 Belides3
404 325 540 392 inque
568 336 648 373 tuo
671 323 853 383 sedisti,
881 323 1094 391 Sisyphe,
1120 342 1240 372 saxo.

176 404 294 454 Tum
311 402 509 472 primum
531 400 737 469 lacrymis
761 401 976 450 victarum
1002 400 1192 449 carmine
1213 400 1327 449 fama
1350 413 1418 450 est
1570 416 1614 462 ,55

175 479 475 530 Eumenidum
495 479 718 528 maduisse
741 497 874 543 genas
896 498 905 526 ε
926 497 1009 527 nec
1026 477 1146 541 regia
1168 477 1332 544 conjux

178 559 378 609 Sustinet
401 555 574 619 oranti,
599 578 681 608 nec
706 559 782 626 qui
805 558 920 622 regit
942 557 1029 605 ima
1043 594 1054 615 ‚
1077 575 1241 620 negare
1262 576 1273 615 ;

177 637 517 704 Eurydicenque
539 648 700 686 vocant
719 633 730 686 Ξ
750 635 933 686 umbras
957 647 1051 684 erat
1074 635 1150 684 illa
1173 649 1372 686 recentes

176 715 324 774 Inter,
347 726 393 764 et
410 715 597 775 incessit
617 733 754 782 passu
777 714 832 763 de
854 713 1033 763 vulnere
1059 714 1204 762 tardo.

178 792 307 841 Hanc
331 790 465 840 simul
488 802 533 840 et
554 790 698 854 legem
717 790 1012 858 Rhodopeius
1035 792 1197 859 accipit
1219 791 1353 840 heros
1374 829 1387 850 ,
1575 805 1620 838 50

176 871 246 920 Ne
266 870 414 920 flectat
433 881 553 918 retro
580 888 660 918 sua
677 868 843 919 lumina
860 908 872 929 ‚
899 870 1041 919 donec
1066 871 1264 920 Avernas

178 947 352 997 Exierit
373 945 535 1005 valles;
557 957 634 995 aut
657 946 783 995 irrita
806 946 923 997 dona
944 948 1109 998 futura.

179 1072 332 1109 modum
343 1072 513 1122 Sisyphus
527 1086 546 1108 a
559 1073 678 1108 labore
691 1073 873 1119 quiescens

182 1128 274 1162 sedit
284 1126 323 1161 in
334 1139 415 1162 saxo
426 1138 500 1161 suo.
516 1126 604 1162 Haec
616 1126 773 1172 placent,
792 1127 874 1172 quia

183 1190 303 1214 mores
318 1179 399 1214 vitae
418 1178 633 1224 quotidianae
647 1178 872 1225 exprimunt,

187 1237 226 1266 et
242 1233 310 1272 ἦθος
325 1230 469 1266 habent.
485 1230 613 1265 Horat.
629 1231 708 1275 111,
727 1230 800 1266 Od.
813 1241 851 1265 x1
862 1257 872 1275 ,

187 1299 230 1320 22
245 1311 256 1329 ,
277 1287 373 1320 stetit
389 1298 474 1319 urna
484 1287 625 1329 paulum
648 1287 744 1319 sicca
756 1311 766 1326 ‚
796 1286 876 1319 dum

185 1344 285 1383 piato
297 1339 563 1382 Danaipuellas
576 1341 725 1373 carmine
741 1340 875 1372 mulces.

233 1393 287 1436 45.
310 1393 394 1426 Tum
397 1395 542 1437 primum
555 1393 715 1439 lacrymis
729 1398 795 1426 etc.
812 1391 878 1426 In-

189 1445 256 1480 feri
272 1444 333 1480 Dii
349 1457 425 1480 non
442 1452 716 1480 commoventur
728 1445 876 1480 miseriis

190 1496 390 1533 hominum.
406 1499 671 1545 Illacrymabt'l125
681 1500 783 1533 Pluto
798 1499 879 1533 Ho-

189 1557 256 1586 rat.
274 1550 311 1586 Π
325 1576 335 1595 ,
353 1549 426 1586 Od.
444 1561 521 1594 xxv,
538 1551 581 1592 6;
601 1553 762 1598 lacrymis
776 1551 878 1598 dlsfi-

190 1605 275 1638 ciles
297 1603 365 1637 Dii
382 1602 518 1637 Seneca
534 1628 544 1646 ,
563 1603 672 1638 Herc.
697 1603 781 1638 Fur.
804 1607 878 1652 579.

188 1657 434 1698 —V1·ctamm,
457 1664 741 1699 commotarum;
758 1656 819 1692 sed
837 1657 880 1691 il-

190 1709 253 1744 lud
272 1709 398 1745 melius
420 1710 587 1746 convenit
612 1710 703 1745 duro
730 1718 766 1746 et
789 1722 880 1746 saevo

191 1762 382 1798 Furiarum
400 1763 530 1797 animo.

238 1818 291 1864 49.
315 1818 372 1851 De
388 1819 522 1851 vulnere
535 1843 543 1856 ‚
573 1822 718 1862 propter
744 1815 882 1851 vulnus.

196 1868 316 1904 Etiam
327 1866 355 1904 ¹a
371 1870 418 1904 sic
437 1869 602 1915 ponitur,
627 1875 666 1903 ut
686 1868 743 1903 ΙΙΙ
761 1894 770 1911 ,
795 1870 879 1912 57ι;

196 1920 289 1956 Fast.
304 1921 369 1965 IV,
383 1918 694 1956 338.·Schirachius
704 1920 803 1955 valde
815 1920 884 1954 im-

198 1973 325 2019 probat
345 1999 354 2017 ,
381 1973 476 2019 quod
507 1972 644 2008 tardam
671 1972 714 2007 de
739 1972 885 2008 vulnere

198 2026 322 2070 finxit,
339 2033 508 2072 putatque
523 2052 532 2070 ‚
557 2026 695 2060 sinistre
713 2025 886 2061 Nostrum

200 2078 378 2114 imitatum
390 2092 463 2114 esse
472 2078 572 2125 Virg.
582 2077 726 2112 AEneid.
738 2078 791 2113 VI
803 2105 813 2121 ‚
826 2078 886 2112 ubi

202 2132 299 2168 Dido
314 2139 381 2169 stat
395 2159 404 2177 ,
422 2140 462 2168 ut
478 2132 655 2178 Marpesia
666 2138 803 2172 cautes;
820 2131 888 2167 hoc

201 2184 307 2220 fuisse
333 2185 460 2220 vulnus
486 2185 593 2219 animi
606 2211 615 2228 ,
640 2183 701 2219 sed
728 2197 888 2219 morsum

203 2237 332 2282 viperae
345 2249 418 2272 non
434 2237 562 2272 habere
578 2236 692 2271 locum
708 2237 743 2271 in
762 2237 888 2272 umbra

203 2290 381 2336 exsangui.
400 2290 495 2324 Male
511 2291 668 2335 profecto
678 2290 726 2325 sic
737 2290 890 2337 disputat

205 2341 260 2376 vir
270 2341 394 2378 doctus
410 2342 561 2376 :etenim
573 2355 614 2376 ex
623 2341 790 2387 opinione
800 2369 809 2385 ,
823 2341 890 2377 nisi

206 2395 363 2442 vulgari,
382 2402 477 2431 certe
501 2395 738 2440 quorumdam
761 2403 891 2441 poeta-

207 2461 289 2483 rum
303 2470 322 2492 ,-
332 2448 479 2483 vulnera
498 2455 533 2482 et
549 2447 630 2481 vitia
645 2448 800 2493 corporis
814 2461 892 2482 ma-

207 2501 341 2536 nebant
350 2501 455 2536 etiam
470 2501 505 2535 in
519 2499 662 2534 umbris.
675 2499 792 2534 Etiam
804 2500 894 2535 Dei-

209 2552 345 2599 phobus
359 2553 452 2598 apud
473 2552 660 2598 Virgilium
675 2577 684 2595 ,
709 2551 794 2586 AEn.
815 2553 867 2588 VI
882 2578 892 2596 ,

209 2607 296 2653 494,
314 2605 461 2640 laniatus
477 2617 623 2650 corpore
642 2610 717 2638 toto
732 2603 823 2650 apud
837 2605 895 2638 in-

210 2660 303 2694 feros
319 2658 513 2694 incedebat.
528 2659 623 2693 Hinc
635 2670 757 2692 manes
771 2658 896 2692 viven-

212 2711 304 2746 tibus
317 2711 530 2757 apparebant
543 2710 626 2746 tales
637 2738 650 2753 ‚V
663 2709 781 2755 quales
795 2723 812 2744 e
826 2710 895 2744 vita

213 2771 429 2800 excesserant
439 2790 448 2808 ,
461 2777 492 2799 v.
504 2777 532 2800 c.
547 2764 684 2799 Hector
695 2762 787 2808 apud
797 2762 895 2809 Virg.

938 1073 1083 1109 AEneid.
1100 1074 1137 1110 II
1151 1101 1160 1117 ,
1180 1087 1256 1121 ²70·
1274 1072 1411 1109 Confer
1427 1073 1545 1109 Tibul.
1562 1075 1599 1110 II
1612 1101 1622 1118 ‚

939 1138 979 1162 vl
993 1154 1003 1171 ,
1024 1127 1077 1175 39.
1099 1127 1227 1162 Eidem
1245 1126 1449 1162 Schirachio
1467 1126 1626 1173 displicet

938 1180 1138 1226 praepositio
1149 1184 1237 1215 inter
1244 1179 1432 1226 postposita
1443 1206 1452 1224 ,
1462 1193 1579 1226 neque
1592 1183 1627 1217 τὲ

938 1235 1003 1267 illa
1022 1245 1244 1278 concoquere
1265 1239 1380 1279 potest
1396 1244 1404 1266 ε
1423 1232 1498 1267 sine
1523 1245 1626 1268 causa

940 1293 1145 1332 utrumque.

986 1342 1039 1375 So.
1054 1342 1176 1376 ‘Heras
1194 1367 1203 1382 ,
1230 1340 1311 1386 quia
1339 1339 1514 1387 Calliopes
1540 1340 1628 1378 divae

942 1392 1043 1428 filius.
1063 1393 1181 1438 Vulgo
1207 1393 1378 1428 edebatur
1402 1396 1532 1438 accipit
1555 1395 1629 1428 Or-

935 1447 1054 1489 pheus.
1067 1464 1113 1472 —
1130 1444 1252 1480 Codex
1272 1445 1403 1492 Regius
1424 1445 1453 1480 A
1468 1472 1477 1489 ‚
1502 1448 1599 1481 heros
1613 1458 1628 1490 ,-

946 1497 1068 1534 Codex
1084 1499 1115 1534 B
1127 1525 1137 1543 ‚
1161 1501 1312 1544 Orpheus
1329 1512 1339 1533 :
1357 1499 1483 1545 prioris
1500 1499 1630 1534 lectio—

943 1564 1028 1596 nem
1038 1552 1153 1587 multo
1163 1551 1416 1597 elegantiorem
1429 1560 1522 1587 recte
1535 1566 1630 1587 rece-

944 1604 995 1650 pit
1008 1604 1186 1641 Heinsius.
1200 1606 1399 1640 bid-Lex
1414 1605 1470 1639 illa
1486 1618 1504 1639 a
1519 1605 1631 1650 poetis

945 1655 1025 1691 ficta
1041 1656 1182 1692 videtur
1193 1683 1202 1700 ‚
1222 1657 1303 1702 quia
1318 1657 1353 1691 in
1370 1656 1473 1692 sacris
1491 1656 1632 1702 magicis

945 1709 1118 1755 respicere
1129 1722 1203 1744 non
1214 1710 1338 1744 licebat
1349 1722 1357 1744 ε
1369 1709 1437 1744 vid.
1454 1708 1572 1744 Cerda
1588 1709 1631 1744 ad

948 1761 1047 1808 Virg.
1072 1763 1146 1799 Ecl.
1168 1763 1262 1797 VIII
1280 1789 1289 1807 ‚
1323 1776 1395 1796 102.
1422 1762 1552 1797 Similis
1578 1763 1634 1798 lex

948 1815 1065 1862 Ulyssi
1082 1815 1149 1850 lata
1168 1816 1319 1850 Homer.
1337 1814 1408 1850 Od.
1428 1815 1458 1849 E
1473 1841 1482 1858 ,
1501 1815 1577 1850 350.
1589 1835 1633 1842 --

949 1867 1136 1902 Memoria:
1156 1867 1337 1912 proditum
1361 1874 1435 1910 est,
1464 1875 1502 1902 ut
1519 1868 1635 1913 inquit

949 1920 1140 1955 Pausanias
1157 1919 1191 1954 in
1214 1920 1377 1955 Boeoticis
1390 1946 1399 1963 ,
1419 1919 1607 1966 Orpheum
1622 1949 1632 1967 ,

949 1986 1057 2007 uxore
1075 1980 1214 2007 mortua
1228 1999 1237 2016 ‚
1255 1972 1388 2007 venisse
1407 1972 1450 2007 ad
1471 1973 1634 2009 Aornum

951 2025 1170 2071 Thesprotiae
1181 2051 1190 2069 ‚
1203 2025 1261 2059 ubi
1278 2038 1342 2071 per
1353 2026 1635 2061 necromantiam

951 2087 1184 2115 evocarentur
1199 2080 1333 2114 umbrae
1346 2093 1353 2114 :
1368 2080 1413 2114 ibi
1432 2093 1542 2124 quum
1559 2080 1636 2114 Eu-

951 2132 1078 2168 ridices
1089 2133 1243 2167 animam
1256 2146 1346 2177 pone
1357 2133 1454 2178 sequi
1468 2140 1635 2178 putasset,

953 2192 988 2219 et
999 2198 1060 2220 sua
1073 2198 1109 2220 se
1126 2186 1292 2231 opinione
1306 2185 1429 2219 salsum
1448 2185 1636 2230 respiciens

953 2237 1274 2282 animadvertisset,
1287 2237 1380 2272 ultro
1388 2237 1450 2272 sibi
1461 2238 1520 2283 ipsi
1533 2264 1541 2280 ‚
1553 2250 1635 2271 moe-

953 2303 1034 2325 rore
1059 2290 1259 2325 consectum
1275 2317 1283 2333 ‚
1313 2297 1467 2324 mortem
1494 2289 1636 2324 consci-

953 2343 1053 2378 visse.
1062 2344 1294 2378 Ed.—l)0nec
1304 2343 1340 2377 A
1343 2355 1459 2376 vernas
1471 2349 1533 2376 etc.
1544 2342 1639 2387 Ergo

956 2396 1019 2431 alia
1044 2396 1098 2430 via
1128 2395 1233 2430 rediit
1259 2395 1300 2429 ad
1331 2408 1485 2440 superos.
1514 2396 1645 2429 Averni

956 2449 1052 2483 enim
1068 2448 1171 2483 colles
1184 2474 1193 2490 ‚
1210 2448 1269 2492 qui
1286 2448 1387 2480 variis
1405 2447 1546 2492 perfossi
1562 2461 1640 2492 spe-

956 2501 1064 2535 cubus
1076 2501 1146 2534 vias
1161 2500 1335 2534 habebant
1349 2500 1592 2534 subterraneas
1605 2507 1641 2534 et

956 2553 1175 2598 caliginosas,
1192 2564 1340 2596 eamque
1359 2551 1404 2585 ob
1421 2564 1558 2585 causam
1575 2565 1640 2597 pro

958 2606 1125 2640 descensu
1154 2604 1195 2637 ad
1229 2604 1360 2638 inferos
1390 2603 1607 2638 habebantur
1629 2632 1640 2649 ‚

958 2664 1060 2691 erant
1089 2657 1124 2690 in
1151 2656 1248 2690 ltalia
1276 2658 1370 2701 juxta
1403 2657 1642 2691 Puteolanum

958 2710 1076 2745 sinum
1092 2708 1192 2743 :vide
1212 2709 1343 2756 Heynii
1366 2708 1560 2744 Excursum
1582 2710 1640 2753 11,

960 2762 1003 2797 ad
1021 2761 1210 2808 Virgilium
1227 2761 1371 2797 AEueid.
1390 2763 1443 2798 Vl
1460 2775 1468 2797 ι
1485 2761 1544 2798 sed
1563 2762 1643 2797 talia
