1820 3106
289 234 378 289 354
438 237 490 278 Ρ.
516 235 718 280 OVIDII
744 235 1000 280 NASONIS
1023 236 1268 280 METAM.
1303 238 1417 280 LIB.
1448 238 1558 282 XII.

285 325 409 376 Bella
434 339 578 376 movet
602 327 779 395 clypeus
793 365 804 387 ‚
829 328 967 396 deque
986 329 1118 393 armis
1139 348 1258 378 arma
1280 329 1495 378 feruntur.

286 404 388 452 Non
407 423 455 452 ea
476 403 667 470 Tydides
680 441 692 462 ,
716 423 809 452 non
828 405 959 454 audet
982 405 1136 454 Oileos
1157 406 1293 471 Ajax‚

284 483 389 530 Non
409 482 554 531 minor
575 483 754 531 Atrides
769 520 781 542 ‚
805 503 897 532 non
920 483 1040 532 bello
1065 485 1204 549 major
1227 496 1270 532 et
1289 503 1377 533 aevo
1391 521 1405 543 ‚

286 559 494 618 Poscere,
516 579 607 608 non
628 560 702 608 alii
725 580 735 608 ε
758 560 841 610 soli
863 560 1100 610 Telamone
1123 574 1268 611 creato

279 635 520 702 Laertaque
535 674 547 694 ‚
570 635 655 684 fuit
678 648 811 685 tantae
830 636 995 685 fiducia
1017 637 1174 686 laudis.

1633 650 1700 685 625

284 712 327 759 A
349 731 393 761 se
415 713 666 763 Tantalides
690 733 803 763 onus
821 714 1116 780 invidiamque
1135 714 1344 772 removit,

287 791 606 858 Argolicosque
629 792 760 841 duces
783 792 939 841 mediis
959 792 1185 842 considere
1209 792 1361 841 castris

281 871 311 918 J
314 871 425 919 ussit
440 908 452 929 ,
475 883 520 919 et
541 870 773 920 arbitrium
796 870 887 919 litis
911 870 1082 936 trajecit
1103 871 1150 918 in
1173 888 1338 919 omnes.

275 1015 395 1049 posses
414 1006 514 1037 etiam
536 1005 572 1037 in
595 1006 752 1037 moriente
771 1008 876 1036 matre
892 1014 958 1036 co-

276 1055 588 1098 guonem—Bella
598 1059 718 1092 movet,
741 1052 959 1087 occasionem

256 1107 258 1109 “
281 1105 411 1150 praebet
431 1104 742 1139 certamini.—-Pro
755 1130 764 1147 ‚
779 1111 958 1139 certamen

278 1158 406 1200 initur,
421 1156 556 1202 gravius
569 1182 578 1200 ,
597 1154 865 1199 armafi’runtur,
879 1155 960 1201 quia

279 1208 386 1242 verbo
403 1207 521 1242 ludere
545 1207 666 1242 voluit.

321 1261 397 1295 623.
413 1262 490 1295 Non
508 1259 691 1294 Menelaus
702 1285 712 1303 ‚
730 1259 829 1293 Atrei
842 1258 933 1293 filius
946 1285 955 1302 ‚

280 1319 366 1347 natu
377 1316 497 1352 minor,
516 1326 582 1348 nec
594 1313 840 1358 Agamemnon
852 1311 959 1346 frater

277 1365 394 1408 major,
411 1372 446 1399 et
456 1378 539 1404 oevo,
554 1371 637 1399 natu
651 1390 660 1407 ,
677 1365 776 1399 annis
789 1390 797 1408 ,
811 1371 846 1399 et
860 1367 954 1405 bello,

281 1417 359 1461 quia
377 1429 513 1451 summa
530 1417 633 1460 belli,
647 1416 835 1461 imperium
852 1429 959 1461 penes

279 1481 372 1504 eum.
397 1469 483 1503 Erat
500 1481 559 1502 rex
578 1482 690 1512 regum
705 1496 713 1509 ‚
739 1470 815 1512 ἅναξ
832 1469 957 1515 ἀνδρῶν.

278 1522 418 1564 Regna,
439 1519 533 1565 quod
550 1519 678 1554 habent
695 1518 955 1564 quatuor'MSS

277 1584 341 1618 pro
358 1574 445 1606 bello
457 1598 465 1612 ‚
484 1578 519 1606 et
536 1571 629 1616 quod
645 1571 755 1616 placet
772 1571 957 1605 Burman-

278 1638 327 1659 no
352 1637 423 1670 prae
450 1623 576 1667 altem,
599 1623 699 1658 fluxit
719 1636 759 1658 ex
775 1622 957 1668 interpre-

279 1677 422 1711 tatione.
443 1675 541 1711 Solet
565 1688 648 1709 vero
673 1675 800 1710 Noster
827 1674 956 1719 hujus-

279 1729 377 1764 modi
391 1729 565 1764 vocabulis
580 1740 731 1773 quorum
747 1727 797 1762 vis
814 1739 877 1761 usu
894 1726 957 1760 de-

279 1781 378 1816 finita
395 1790 445 1816 est
457 1806 467 1824 ,
491 1779 619 1826 aliquid
638 1779 784 1825 amplius
804 1778 955 1820 addere3

281 1834 297 1867 l
311 1860 320 1876 ,
349 1835 411 1877 750
424 1860 434 1876 ,
462 1836 586 1867 animis
612 1834 750 1878 aqualis
776 1838 812 1866 et
833 1834 957 1875 annis,-

279 1886 373 1920 V111
386 1911 395 1927 ,
412 1886 475 1929 617
490 1911 499 1928 ‚
519 1887 631 1919 animo
652 1891 802 1918 maturus
823 1890 859 1918 et
879 1896 956 1918 aevo.

279 1938 398 1971 -Soli
405 1944 516 1971 creato
530 1949 593 1981 pro
607 1938 691 1970 solis
704 1938 836 1976 creattlc,
852 1942 955 1979 atque

281 1989 326 2023 ita
342 1988 481 2023 rescribi
506 1987 613 2023 voluit
639 1987 804 2022 Heinsius
821 2012 830 2030 ‚
856 1993 957 2020 tanta·

1010 1002 1147 1047 fiducia
1175 1002 1287 1034 laudis
1301 998 1376 1044 suit
1392 1026 1400 1039 ‚
1433 998 1589 1043 fidenter«
1608 998 1701 1035 insi-

1023 1064 1128 1098 gnem
1146 1052 1238 1086 illam
1257 1052 1402 1098 gloriam
1418 1051 1638 1097 adpetebant.

1068 1104 1144 1138 626.
1172 1105 1370 1138 Tantalides
1387 1129 1395 1144 ,
1430 1102 1675 1148 Agamemnon
1689 1128 1699 1146 ,

1024 1155 1122 1200 cujus
1146 1162 1244 1200 pater
1271 1155 1398 1190 Atreus
1422 1154 1513 1189 filius
1536 1154 1675 1200 Pelopis
1688 1181 1699 1197 ‚

1024 1206 1278 1252 neposTantali
1288 1205 1412 1241 suerat.
1426 1206 1459 1241 Is
1470 1231 1480 1250 ‚
1492 1218 1601 1251 quum
1613 1211 1702 1240 esset

1023 1259 1092 1294 dux
1104 1259 1289 1302 exercitus,
1306 1259 1419 1293 noluit
1433 1258 1590 1293 alterutri
1604 1271 1701 1292 arma

1024 1310 1223 1355 adjudicare
1236 1337 1245 1354 ‚
1265 1323 1310 1345 ne
1324 1313 1500 1349 hwidt‘am,
1521 1309 1702 1345 infamiam

1024 1370 1059 1397 et
1075 1362 1194 1397 odium
1206 1389 1215 1407 ,
1231 1362 1292 1397 sibi
1305 1362 1523 1405 conciliaret,
1540 1361 1601 1397 sed
1615 1365 1702 1396 arbl-

1022 1418 1120 1449 trt‘am
1132 1417 1205 1449 litis
1221 1414 1356 1459 trojia-cit
1368 1417 1404 1448 in
1417 1426 1529 1449 omnes
1539 1440 1548 1454 ‚
1566 1413 1675 1448 voluit
1689 1440 1698 1457 ,

1022 1474 1063 1501 ut
1078 1479 1200 1501 omnes
1216 1466 1310 1501 illam
1332 1478 1470 1502 causam
1490 1479 1531 1500 ex
1547 1478 1648 1510 aequo
1665 1471 1701 1500 et

1021 1519 1116 1553 bono
1128 1544 1138 1561 ,
1155 1531 1219 1563 pro
1231 1518 1365 1553 meritis
1375 1517 1555 1562 utriusque
1564 1516 1701 1563 judica-

1020 1577 1101 1604 rent
1115 1583 1122 1611 ;
1135 1582 1187 1614 ap.
1197 1570 1305 1603 Hom.
1318 1569 1389 1604 Od.
1398 1576 1440 1612 Δ,
1451 1569 1526 1613 546,
1537 1569 1698 1613 Troiani,

1021 1627 1057 1655 et
1072 1620 1181 1656 Pallas
1196 1620 1352 1665 judicant
1369 1620 1412 1654 de
1428 1619 1533 1654 armis
1544 1618 1699 1655 Achillia.

1022 1672 1079 1707 Sic
1096 1679 1130 1707 et
1147 1672 1303 1717 Quintus
1319 1671 1393 1706 Cal.
1402 1671 1448 1715 V,
1469 1672 1529 1715 134
1543 1682 1626 1716 sqq,
1637 1670 1697 1716 qui

1022 1726 1117 1761 addit
1138 1752 1147 1770 ,
1173 1725 1319 1770 Ajacem
1335 1732 1370 1760 et
1385 1725 1550 1772 Ulyssem
1565 1724 1697 1769 iudices

1020 1776 1084 1811 sibi
1110 1776 1301 1821 poposcisse
1326 1775 1540 1819 Idomenea,
1562 1776 1697 1811 Nesto-

1021 1841 1098 1862 rem
1112 1835 1147 1862 et
1161 1828 1468 1873 Agamemnonem
1483 1854 1493 1871 ,
1521 1827 1581 1863 sed
1606 1827 1670 1863 hos
1683 1853 1694 1871 ‚

1021 1887 1062 1915 ut
1085 1879 1252 1914 invidi-am
1268 1892 1287 1914 a
1303 1893 1338 1915 se
1354 1879 1570 1923 derivarent,
1594 1878 1696 1925 judi-

1021 1933 1114 1967 cium
1139 1945 1158 1966 a
1186 1945 1223 1967 se
1252 1939 1431 1967 remotum
1461 1931 1621 1967 detulisse
1652 1930 1696 1966 ad

1022 1984 1195 2029 Troianos
1215 1991 1250 2019 et
1267 1983 1416 2020 Pallada.
