1820 3106
357 263 1036 311 METAMORPHOSEON
1069 266 1198 309 LIB.
1233 265 1391 311 VIII.
1512 265 1565 326 73

143 360 226 409 Vis
246 371 390 408 tamen
411 357 487 407 illa
509 358 612 407 mali
633 370 874 426 postquam
896 369 1200 408 consumserat
1224 377 1398 407 omnem

1503 372 1569 418 875

144 437 402 496 Materiam,
427 436 692 503 dederatque
715 437 834 499 gravi
858 456 973 485 nova
997 436 1162 503 pabula
1183 437 1344 486 morbo
1359 475 1371 495 ,

144 519 245 584 Ipse
268 534 374 564 suos
391 526 513 564 artus
538 515 681 564 lacero
702 514 906 565 divellere
929 534 1082 564 morsu

147 593 320 660 Coepit,
345 604 390 641 et
412 592 565 641 infelix
587 592 828 641 minuendo
852 611 1014 659 corpus
1039 592 1197 650 alebat.

211 670 337 735 Quid
359 689 512 718 moror
534 670 760 719 externis?
783 670 914 719 etiam
934 669 1043 718 mihi
1067 688 1180 736 saepe
1201 670 1394 718 novandi

147 748 363 815 Corporis
378 786 390 807 ,
417 767 444 796 o
460 747 641 813 juvenes
660 786 671 806 ,
693 767 882 796 numero
902 747 1026 796 finita
1049 759 1259 814 potestas.

1507 765 1574 798 880

143 826 257 874 Nam
268 825 419 885 modo,
436 825 684 893 quodnunc
701 846 812 885 sum,
824 826 989 884 videor3
999 826 1137 874 modo
1145 826 1298 874 flector
1307 826 1352 874 in
1363 844 1547 889 anguem
1563 847 1572 875 2

142 905 349 954 Armenti
371 904 506 954 modo
527 905 617 953 dux
640 905 754 954 vires
776 905 824 952 in
847 924 1015 953 cornua
1036 924 1162 952 sumo
1184 924 1194 962 ;

146 983 326 1031 Cornua
340 1020 352 1041 ,
378 982 484 1031 dum
506 982 662 1050 potui;
684 1001 804 1031 nunc
827 1001 928 1049 pars
953 993 1069 1031 caret
1087 981 1220 1030 altera
1243 980 1333 1030 telo

145 1059 351 1117 Frontis,
374 1071 427 1107 ut
448 1059 542 1126 ipse
564 1059 713 1107 vides:
738 1059 929 1123 gemitus
952 1069 1058 1107 sunt
1075 1058 1208 1106 verba
1232 1057 1383 1106 secuti.
1407 1080 1430 1100 »

143 1189 212 1226 hoc
228 1197 371 1237 accepto
385 1203 449 1226 ove
461 1216 471 1234 ,
488 1190 576 1226 bove
596 1190 638 1225 ab
656 1190 742 1233 alio,
764 1190 828 1225 alia

145 1243 189 1279 ab
201 1243 274 1278 aliis
289 1242 452 1279 mercede
463 1269 474 1287 ,
491 1251 527 1278 et
542 1256 612 1279 suae
624 1250 660 1277 et
674 1250 829 1288 paternae

145 1295 310 1330 subvenit
324 1294 450 1331 inediae
465 1308 474 1330 z
491 1302 594 1341 atque
610 1295 693 1330 hinc
707 1302 828 1330 natam

145 1349 300 1383 fabulam
326 1347 616 1393 dicuntquidam
630 1374 640 1392 ,
664 1347 757 1393 quod
776 1355 827 1382 est

145 1400 448 1436 verisimillimum.
461 1402 526 1434 Ed.

189 1453 266 1498 876.
279 1454 461 1501 Materiam
472 1478 481 1493 ,
499 1464 581 1498 opes
593 1478 603 1496 ,
623 1464 700 1486 rem
716 1450 825 1486 sami-

144 1504 279 1540 liarem.
290 1505 333 1540 In
343 1504 569 1550 sequentibus
578 1503 708 1539 haesere
720 1504 826 1538 inter-

145 1564 272 1603 pretes.
284 1556 507 1592 Schirachius
518 1559 599 1592 dare
609 1559 827 1601 noaapabula

145 1613 257 1645 morbo
264 1609 423 1655 explicat,
432 1623 558 1656 augere
567 1611 744 1646 morbum.
754 1609 827 1645 Sed

145 1661 328 1698 vix-doctus
334 1674 409 1696 non
419 1663 562 1698 curabat
570 1669 680 1697 totam
689 1669 827 1698 senten·

145 1715 244 1757 tiam,
255 1727 367 1760 quum
377 1714 452 1750 haec
461 1714 610 1751 scribere
615 1723 683 1750 t.—
690 1718 751 1751 Vis
759 1728 828 1749 ma-

147 1770 185 1809 li,
197 1767 233 1802 id
243 1775 307 1812 est,
319 1767 465 1803 morbus
474 1767 531 1802 ille
545 1768 668 1814 gravis,
681 1769 828 1814 augebat

146 1820 323 1855 morbum.
335 1819 476 1854 —Vere
493 1819 587 1854 haud
604 1819 709 1855 dubie
726 1820 828 1854 Bur-

145 1884 297 1907 mannus
325 1871 468 1916 conjicit
505 1874 704 1916 deerantque
735 1875 834 1917 gravi

147 1938 234 1960 nova
239 1927 370 1969 pabula
380 1926 493 1959 morbo
503 1926 615 1958 lacero
622 1950 631 1964 ,
644 1924 829 1959 lacerante.

147 1977 316 2012 Lacerari
332 1989 443 2010 morsu
455 2002 465 2017 ,
492 1975 528 2010 id
553 1983 623 2017 est,
649 1975 827 2021 morderi,

147 2029 234 2064 dixit
251 2027 421 2064 Phaedrus
433 2054 443 2072 ,
463 2028 499 2064 11
512 2054 522 2072 ,
540 2039 589 2062 111
602 2054 612 2072 ,
635 2042 662 2063 1.

192 2083 268 2118 880.
295 2083 327 2117 0
334 2082 485 2127 juvenes.
502 2081 682 2117 Theseum
698 2089 735 2117 et
753 2082 830 2117 Le-

148 2132 226 2179 lega
241 2133 428 2179 alloquitur
444 2133 630 2169 Achelous.
643 2135 830 2168 Ed.—Nu-

150 2198 238 2222 mero
238 2189 346 2233 finita
357 2213 367 2228 ,
387 2187 468 2232 quia
484 2188 520 2223 in
536 2195 678 2223 taurum
693 2195 831 2223 tantum

151 2245 188 2275 et
209 2251 363 2285 anguem
386 2240 515 2275 mutari
540 2247 677 2286 poterat
687 2267 697 2285 ,
719 2253 830 2286 quum

895 1190 1026 1225 Proteo
1037 1190 1073 1224 in
1084 1189 1204 1224 omnia
1217 1187 1365 1225 transire
1380 1190 1510 1225 liceret.
1531 1209 1574 1217 -—

893 1243 1045 1283 Hector,
1069 1249 1208 1285 mutor,
1225 1241 1286 1276 sed
1311 1241 1572 1276 accommodate

894 1294 936 1328 ad
947 1302 1109 1329 naturam
1124 1294 1301 1340 anguium.
1314 1294 1350 1329 II
1360 1320 1369 1337 ,
1389 1294 1545 1329 138.—·V
1542 1297 1573 1328 ι’-

891 1359 946 1380 res
960 1350 995 1381 in
1011 1360 1138 1380 cornua
1151 1359 1245 1380 sumo
1256 1372 1265 1387 ‚
1283 1346 1446 1380 cornibus
1464 1346 1573 1380 valeo.

937 1401 1011 1435 883.
1031 1402 1179 1441 Cornua,
1194 1401 1272 1434 dum
1275 1403 1381 1444 potui.
1392 1399 1549 1445 Quidam
1563 1426 1572 1442 ,

892 1459 978 1488 teste
997 1452 1147 1487 Heinsio
1162 1479 1172 1497 ,
1203 1454 1335 1487 Cornua
1350 1454 1429 1486 dum
1445 1456 1574 1486 sumsi:

891 1505 953 1540 sed
966 1505 1155 1540 lectionem
1168 1511 1345 1550 receptam
1357 1505 1575 1551 elegantem-

892 1571 961 1604 que
980 1558 1110 1593 habent
1127 1558 1218 1592 bene
1237 1557 1339 1602 Regii
1354 1557 1465 1592 nostri
1480 1583 1490 1601 ,
1507 1557 1576 1591 Ju-

893 1610 961 1647 reti
972 1617 1146 1656 excerpta,
1157 1610 1384 1645 Florentinus
1397 1609 1435 1644 S.
1447 1609 1574 1651 Marci,

894 1662 1146 1708 Neapolitanus
1160 1689 1169 1706 ,
1196 1662 1370 1697 secundus
1392 1661 1575 1696 Mediceus

894 1721 929 1749 et
943 1722 1093 1760 quatuor
1103 1715 1159 1749 alii
1171 1728 1252 1749 cum
1262 1713 1523 1754 Arundelian03
1537 1721 1574 1747 ut

894 1770 927 1802 τὸ
937 1767 1345 1813 sumsr'subintelligatur:
1358 1766 1481 1801 tertius
1493 1765 1576 1799 Me-

894 1820 1012 1855 diceus
1033 1828 1070 1855 et
1091 1819 1264 1855 secundus
1283 1819 1474 1854 Vaticanus
1497 1820 1575 1852 dum

891 1876 993 1917 gessi.
1017 1872 1204 1918 Virgilius,
1229 1871 1372 1907 AEneid.
1390 1871 1464 1912 XI,
1490 1871 1574 1913 823,

894 1927 1069 1960 Hactenus
1079 1953 1087 1966 ,
1108 1926 1207 1960 Acca
1223 1939 1329 1968 soror,
1341 1927 1462 1969 potui‚·
1488 1937 1577 1958 nunc

894 1981 1016 2013 vulnus
1038 1981 1192 2012 acerbum
1213 1979 1378 2024 Consta-175
1399 1976 1459 2011 ubi
1484 1975 1576 2010 Ser-

895 2030 970 2064 vius
987 2043 995 2064 :
1015 2044 1031 2060 «
1050 2030 1204 2065 absolute
1224 2056 1234 2074 ,
1260 2029 1315 2064 vel
1340 2041 1496 2075 pugnare
1522 2027 1576 2062 vel

897 2097 915 2113 »
933 2082 1077 2124 vivere;
1103 2082 1294 2117 necessaria
1322 2081 1418 2117 enim
1445 2080 1577 2126 eclipsis

898 2148 916 2165 >i
933 2133 971 2168 in
991 2133 1186 2169 desectione
1208 2160 1218 2178 ,
1241 2147 1309 2179 qua
1335 2147 1376 2168 ex
1403 2140 1477 2168 arte
1501 2145 1575 2167 non

897 2200 916 2217 ι»
933 2186 1040 2221 semel
1057 2187 1167 2232 posita
1183 2193 1234 2222 est
1248 2201 1256 2229 ;
1277 2201 1294 2217 »
1312 2186 1372 2221 ubi
1388 2189 1578 2222 neccssaria

894 2244 982 2276 enim
996 2243 1127 2286 ellipsis
1143 2241 1378 2276 scribendum.
1397 2243 1462 2276 Ed.
