1820 3106
269 317 358 379 394

630 319 680 360 P.
727 318 964 362 OVIDII
1008 317 1309 362 NASONIS

271 435 293 455 »
320 413 424 460 Non
449 412 641 478 captiva,
667 423 794 475 rogat
816 431 825 460 :
848 412 1054 475 genetrici
1080 430 1239 478 corpus
1261 412 1474 474 inemtum

270 512 292 531 »
321 489 535 546 Reddite3
561 507 668 537 neve
690 508 797 538 auro
822 489 1006 538 redimat
1026 489 1097 554 jus
1121 489 1244 537 triste
1268 489 1456 555 sepulcri
1472 527 1484 547 ‚

269 588 291 607 »ν
319 566 406 614 Sed
427 566 627 632 lacrymis
647 588 657 615 z
680 578 804 624 tunc,
828 585 961 633 quum
980 578 1172 632 poterat,
1193 565 1432 614 redimebat
1446 578 1490 615 et
1507 585 1628 614 auro.
1648 588 1670 609 >›

263 642 446 689 Dixerat
466 662 475 688 :
497 653 542 689 at
564 641 757 707 populus
781 641 1017 707 lacrymas,
1042 661 1150 708 quas
1174 642 1247 689 illa
1270 643 1471 701 tenebat,

263 721 365 767 Non
393 730 537 766 tenet:
558 718 653 784 ipse
678 719 806 767 etiam
830 718 937 766 flens
961 719 1210 784 invitusque
1235 719 1434 768 sacerdos

1609 732 1674 778 475

263 797 454 845 Praebita
476 796 674 861 conjecto
699 796 819 862 rupit
841 796 1081 863 praecordia
1104 797 1233 844 ferro.

262 874 365 933 Illa,
392 894 522 941 super
545 887 701 923 terram
725 875 893 923 defecto
918 874 1088 941 poplite
1111 874 1263 922 labens
1278 911 1290 932 ,

263 949 453 998 Pertulit
477 950 718 1017 intrepidos
742 951 798 998 ad
820 950 909 998 fata
931 949 1167 998 novissima
1187 948 1347 997 vultus.

267 1027 392 1074 Tunc
418 1047 594 1094 quoque
619 1047 720 1076 cura
742 1027 828 1075 fuit
851 1039 996 1094 partes
1018 1026 1156 1074 velare
1181 1026 1413 1089 tegendas,

266 1103 419 1166 Quum
439 1104 636 1162 caderet,
663 1103 857 1170 castique
884 1103 1016 1152 decus
1043 1122 1210 1152 servare
1234 1103 1429 1170 pudoris.

1552 1155 1554 1157 ,
1613 1116 1679 1160 480

263 1181 460 1230 Troades
482 1179 731 1248 excipiunt,
757 1181 1100 1248 deploratosque
1124 1193 1349 1229 recensent

266 1258 530 1317 Priamidas;
557 1271 600 1308 et
623 1259 730 1326 quid
755 1259 920 1308 dederit
945 1259 1099 1307 domus
1118 1278 1205 1306 una
1229 1258 1419 1315 cruoris3

262 1335 412 1401 Teque
439 1348 642 1397 gemunt,
666 1335 816 1398 virg03
845 1347 998 1401 teque,
1024 1355 1050 1383 o
1076 1334 1209 1383 modo
1233 1334 1353 1397 regia
1375 1333 1557 1398 conjux,

263 1413 402 1474 Regia
424 1413 538 1461 dicta
563 1431 743 1479 parens,
769 1413 891 1461 Asiae
913 1411 1110 1460 florentis
1133 1412 1301 1473 imago3

262 1530 401 1558 notarat
412 1523 612 1558 Politianus.
625 1523 725 1569 Regii
737 1523 812 1558 cod.
826 1526 936 1557 verba.

262 1594 306 1600 —-
320 1575 406 1608 Mox
422 1575 567 1619 pessime
583 1575 684 1620 vulgo
701 1575 825 1618 legitur
840 1576 938 1608 Nunc

230 1630 233 1632 ’
263 1629 411 1670 calatha,
439 1639 502 1672 pro
521 1640 586 1661 non
608 1630 752 1670 captiva.
768 1644 812 1651 —-
823 1627 865 1661 In
877 1638 938 1660 co-

265 1677 339 1711 dice
359 1677 468 1723 Regio
489 1678 519 1711 B
540 1678 731 1723 reperimus
748 1688 856 1718 nunc‚·
877 1675 937 1710 sed

263 1730 300 1763 in
313 1729 429 1764 codice
447 1730 478 1763 A
495 1737 571 1774 post
587 1730 723 1764 literam
735 1742 756 1762 n
767 1756 775 1769 ,
797 1741 873 1773 quae
887 1735 938 1762 cst

265 1793 283 1813 a
317 1780 429 1825 prima
457 1793 564 1814 manu
577 1807 586 1822 ,
617 1793 740 1814 manus
769 1779 938 1825 posterior

264 1832 401 1867 literam
431 1846 451 1867 c
478 1833 711 1878 lineolamque
741 1830 938 1877 compendii

264 1884 366 1929 longe
379 1885 533 1919 dissimili
548 1891 741 1919 atramento
754 1884 939 1928 adscripsit.

265 1938 332 1972 Ed.
350 1955 394 1961 —
416 1938 575 1971 Inemtum
588 1964 596 1977 ‚
622 1944 662 1970 ut
687 1938 828 1986 ἀπράκταν
848 1935 939 1980 apud

266 1988 487 2031 Homerum,
510 1988 608 2031 ILA,
631 2001 695 2035 99,
718 1988 776 2023 ubi
793 1987 941 2033 explica-

266 2039 368 2073 tionis
379 2052 479 2073 causa
488 2040 606 2084 subjici
612 2047 669 2073 tur
678 2041 940 2074 ammom—Neve

265 2104 347 2124 auro
364 2093 506 2124 redimat
519 2097 582 2125 etc.
601 2090 728 2125 Cicero
741 2117 750 2133 ,
770 2092 874 2125 Verr.
891 2090 937 2134 V,

265 2143 308 2185 45
319 2167 328 2184 ,
347 2141 383 2175 in
397 2154 544 2176 summae
555 2142 766 2176 crudelitatis
780 2141 940 2176 Verrinae

263 2194 508 2241 speciminibus
517 2202 679 2229 numerat
688 2195 754 2230 hoc
764 2221 772 2238 ,
783 2194 874 2239 quod
884 2207 940 2239 pa-

264 2255 382 2282 rentes
407 2248 599 2283 occisorum
624 2249 813 2282 liberorum
832 2248 940 2282 coacti

265 2299 396 2334 fuerint
406 2302 560 2334 redimere
569 2303 676 2343 pretio
690 2301 872 2343 sepeliendi
874 2312 941 2343 po-

265 2358 429 2387 testatem.
440 2371 483 2379 —-
502 2354 597 2387 Tunc
607 2379 615 2386 .
627 2379 636 2387 .
647 2378 654 2385 .
663 2365 744 2386 auro
756 2365 765 2385 .·
779 2351 940 2386 Hectoris

267 2416 392 2449 corpus
420 2417 506 2438 auro
530 2404 728 2439 redemerat
754 2403 913 2438 Priamus
930 2416 939 2443 ;

266 2457 414 2491 Homer.
427 2456 466 2491 Il.
478 2463 528 2500 Ω,
542 2471 606 2503 299
614 2470 689 2501 sqq.
700 2456 809 2501 Quod
822 2456 876 2490 ille
889 2455 941 2489 fe-

266 2516 379 2551 cerat,
395 2508 429 2542 id
445 2521 540 2542 nunc
553 2509 709 2545 Hecubae
726 2507 896 2542 tribuitur.

309 2562 383 2605 474.
416 2563 564 2605 Populus
579 2588 587 2601 ,
617 2561 782 2595 exercitus
800 2559 940 2594 Graecus

265 2613 442 2648 tumulum
453 2614 648 2658 cingens.—
656 2615 813 2654 Tenebat,
828 2613 942 2658 repri-

265 2666 393 2700 mebat.
412 2666 543 2712 Magna
559 2667 596 2700 in
610 2666 662 2700 his
683 2673 718 2700 et
737 2666 773 2700 in
791 2678 941 2710 sequen-

263 2718 355 2752 tibus
371 2718 511 2764 virginis
527 2718 941 2753 commendatio.-Flens

263 2772 505 2814 inm'lusqueflb
517 2773 614 2805 ,θέλων
629 2787 658 2806 τε
668 2776 721 2806 καὶ
732 2773 841 2812 θέλων,
853 2775 940 2816 οἴκτῳ

264 2823 373 2869 adsim,
395 2821 515 2866 Eurip.
541 2834 627 2857 vers.
651 2822 725 2857 550.
741 2841 782 2847 —
798 2820 940 2864 Desecto

1004 1523 1078 1565 (ita
1102 1522 1228 1566 legitur
1251 1522 1286 1555 in
1311 1521 1428 1566 Regiis
1454 1519 1674 1563 codicibus);

1002 1573 1102 1607 multi
1117 1575 1264 1617 deflexa·
1277 1572 1332 1606 alii
1344 1571 1485 1615 defesso,
1499 1570 1670 1614 Dcfictus,

1003 1623 1166 1658 deficiens
1177 1649 1187 1665 ,
1206 1623 1324 1664 utIX,
1344 1623 1413 1664 154.
1429 1623 1677 1664 Succt‘duuspo-

996 1678 1071 1720 ples
1085 1675 1215 1709 labanti
1233 1674 1397 1708 tribuitur
1414 1675 1465 1717 X,
1481 1674 1555 1717 458.

1045 1728 1119 1773 479.
1139 1728 1230 1760 Tunc
1239 1739 1364 1770 quoque
1373 1738 1453 1759 cum
1464 1732 1527 1759 etc.
1538 1725 1594 1759 De
1606 1731 1676 1760 stu·

1007 1777 1065 1814 dio
1080 1777 1369 1812 moribundorum
1382 1776 1506 1810 decore
1516 1775 1675 1820 cadendi,

1004 1837 1079 1875 post
1096 1829 1261 1864 Cortium
1277 1836 1312 1864 et
1328 1829 1526 1876 Gesnerum
1543 1827 1585 1862 ad
1602 1828 1676 1863 Pli-

1004 1883 1053 1919 nii
1079 1883 1142 1927 Ep.
1164 1883 1229 1925 IV,
1250 1893 1288 1916 xl
1303 1907 1312 1924 ,
1337 1895 1381 1928 9,
1404 1880 1573 1917 nonnulla
1597 1879 1675 1915 col-

1004 1935 1085 1981 legit
1101 1935 1257 1970 Klotzius
1275 1934 1317 1969 ad
1336 1934 1516 1982 Tyrtaeum
1532 1960 1541 1976 ‚
1562 1946 1594 1979 p.
1610 1933 1652 1968 63
1667 1946 1674 1967 ι

1003 1986 1108 2032 idque
1117 1986 1272 2021 studium
1283 1985 1442 2031 inprimis
1454 1985 1596 2020 decebat
1606 1985 1677 2018 vir-

1004 2039 1122 2084 ginem
1138 2038 1338 2084 ingenuam.
1359 2036 1430 2072 Sed
1449 2036 1522 2071 haec
1537 2048 1675 2081 quoque

1003 2089 1165 2124 translata
1179 2103 1219 2124 ex
1232 2088 1389 2134 Euripid.
1405 2100 1451 2122 vs.
1466 2088 1530 2135 569
1543 2100 1550 2122 :
1563 2091 1675 2128 Πολλὴν

1003 2145 1137 2192 πρόνοιαν
1162 2148 1243 2187 εἶχεν
1269 2145 1431 2186 εὖσχήμως
1448 2148 1548 2176 πεσεῖν
1562 2167 1571 2184 ,
1596 2143 1673 2190 κρύ-

1003 2210 1085 2229 πτειν
1093 2193 1126 2228 9’
1139 2195 1158 2229 ἃ
1168 2197 1303 2243 κρύπτειν
1313 2192 1426 2238 ὄμματ’
1436 2193 1565 2242 ἆρα-ἔνων
1574 2193 1673 2242 κρεῶν.

1003 2264 1047 2270 -
1056 2246 1171 2279 Partes
1186 2246 1361 2288 tegendas,
1380 2243 1546 2278 modeste.

1046 2298 1120 2340 482.
1146 2298 1271 2339 Quid..
1284 2322 1291 2329 .
1307 2299 1448 2337 cruoris‚·
1465 2307 1548 2329 nam
1562 2288 1674 2330 Pria-

1004 2347 1106 2382 midae
1131 2360 1253 2382 omnes
1275 2347 1414 2381 fuerant
1434 2346 1616 2386 interfecti.
1632 2363 1674 2371 —

1010 2402 1119 2445 Teque
1125 2406 1262 2444 gemunt
1275 2406 1338 2434 etc.
1350 2398 1516 2434 Praeclare
1527 2397 1569 2431 ad
1580 2410 1675 2432 corn-

1006 2452 1265 2486 miserationem
1282 2449 1475 2485 faciendam
1495 2449 1585 2483 valet
1601 2448 1674 2484 haec

1004 2506 1156 2551 pristinae
1173 2512 1207 2539 et
1222 2503 1396 2550 praesentis
1411 2501 1562 2536 sortunae
1575 2514 1674 2536 com-

1004 2556 1135 2603 paratio
1145 2583 1154 2599 ,
1171 2563 1209 2591 ut
1222 2562 1257 2590 et
1271 2566 1345 2599 quae
1360 2560 1555 2599 sequuntur
1566 2578 1576 2597 ,
1586 2565 1672 2587 vers.

1006 2614 1070 2657 509
1083 2609 1449 2654 sqq.—Asiaeflorentis
1462 2610 1588 2650 imago,
1610 2618 1674 2640 cu-

1003 2663 1058 2707 jus
1079 2662 1219 2696 felicitas
1241 2660 1469 2706 respondebat
1491 2658 1673 2705 opulentiae

1005 2715 1096 2749 Asiae
1118 2715 1284 2757 minoris,
1314 2714 1410 2758 cujus
1433 2711 1675 2747 florentissima

1004 2781 1081 2813 pars
1091 2768 1231 2813 parebat
1241 2767 1380 2801 Priamo
1391 2779 1399 2809 ;
1412 2766 1510 2810 Virg.
1521 2764 1603 2799 AEn.
1615 2762 1650 2797 II
1662 2788 1672 2805 ‚

1006 2821 1070 2855 556
1093 2833 1101 2854 z
1119 2826 1170 2854 lot
1193 2821 1355 2864 quondam
1368 2819 1501 2861 populis
1519 2817 1673 2858 terrisque
