1820 3106
315 218 1016 267 METAMORPHOSEON
1052 220 1181 264 LIB.
1221 220 1351 264 XII.

121 319 214 368 Det
234 318 346 367 mihi
369 335 415 368 se
435 336 446 365 z
466 315 569 365 faxo
584 352 597 374 ‚
623 313 790 381 triplici
814 314 922 381 quid
947 313 1131 382 cuspide
1154 315 1322 381 possim
1340 353 1352 374 ‚

123 394 322 444 Sentiat:
343 404 387 442 at
411 391 622 459 quoniam
647 410 907 440 concurrere
931 394 1134 441 cominus
1155 390 1277 440 hosti

123 473 240 535 Non⁸
249 469 405 527 datur,
431 466 605 516 occulta
629 486 713 516 nec
736 467 921 535 opinum
944 467 1080 535 perde
1110 468 1280 532 sagitta.
1302 489 1326 512 »

124 549 319 607 Adnuit3
340 560 471 615 atque
497 547 645 596 animo
669 547 836 614 pariter
858 559 1110 615 patruoque
1132 566 1305 615 suoque

123 627 279 678 Delius
301 625 564 690 indulgenS‚
589 618 757 675 nebula
779 625 949 676 velatus
972 627 1020 675 in
1041 646 1201 690 agmen

125 704 329 754 Pervenit
352 703 535 752 Iliacum
551 741 563 762 ,
588 703 820 770 mediaque
844 703 890 751 in
914 703 1030 752 caede
1054 704 1253 752 virorum

121 784 241 833 Rara
264 801 346 852 per
369 782 552 846 ignotos
577 793 858 849 spargentem
881 781 1022 830 cernit
1045 781 1243 832 Achivos

123 859 234 909 Tela
255 859 393 908 Parin
414 880 423 909 :
450 859 681 926 fassusque
702 860 847 908 Deum
871 879 880 907 :
904 882 928 911 ,α
952 859 1079 924 Quid
1102 859 1273 927 spicula
1296 860 1446 929 perdis

128 961 152 982 »
178 937 404 1002 Sanguine
427 937 611 1005 plebis?
632 938 693 988 ait
713 958 724 987 ι
745 937 783 987 si
809 955 896 1004 qua
919 949 986 990 est
1006 937 1092 987 tibi
1115 956 1220 986 cura
1242 948 1449 1004 tuorum,

126 1039 150 1059 »
175 1017 364 1066 Vertere
386 1016 435 1066 in
457 1016 671 1066 AEaciden
687 1054 699 1075 ,
725 1035 950 1083 caesosque
973 1014 1186 1064 ulciscere
1207 1015 1380 1067 fratres.
1407 1039 1432 1060 »

1469 222 1551 265 351

1488 405 1555 454 595

1496 798 1565 834 600

122 1095 279 1144 Dixit:
305 1108 351 1145 et
372 1094 610 1146 ostendens
634 1106 903 1145 sternentem
927 1095 1066 1143 Tro'l'a
1088 1093 1205 1143 ferro

125 1173 330 1240 Corpora
355 1171 537 1222 Peliden
554 1209 566 1231 ‚
590 1191 717 1221 arcus
741 1171 936 1220 obvertit
959 1170 1006 1218 in
1029 1169 1184 1229 illum,

125 1253 345 1320 Certaque
365 1251 537 1301 letifera
561 1252 722 1301 direxit
744 1250 916 1319 spicula
933 1249 1099 1299 dextra.

170 1381 245 1428 594.
255 1381 374 1416 Datse
383 1380 496 1423 alteri,
510 1380 571 1426 qui
586 1380 618 1416 ei
629 1379 751 1416 obvius
763 1379 814 1414 fit.

124 1433 268 1466 —Faaeo
275 1459 284 1474 ,
297 1439 334 1467 et
338 1431 458 1477 faxim
468 1433 577 1478 antiq.
588 1445 653 1478 pro
669 1431 792 1467 faciam
801 1458 813 1476 ,

126 1491 186 1519 aut
200 1483 356 1520 fecerim.
367 1504 412 1511 —
430 1486 575 1521 Occulta
588 1513 597 1526 ‚
613 1485 695 1530 quin
708 1484 738 1520 A
743 1483 814 1530 pol-

125 1539 160 1574 lo
175 1539 306 1575 nebula
319 1538 453 1575 velatus
470 1552 543 1575 non
568 1539 790 1575 cernebatur.

164 1592 241 1640 596.
253 1593 362 1628 Perde
369 1595 518 1638 sag1‘tta,-
533 1591 701 1627 Cantabr.
707 1593 815 1636 prode

121 1648 252 1689 sagitta
269 1643 365 1690 quod
383 1644 517 1681 arridet
534 1645 815 1680 Heinsio.—-Pa-

121 1704 211 1738 imo,
236 1709 302 1744 pro
313 1700 434 1742 patrm·
446 1698 460 1742 (
474 1696 571 1744 quod
587 1696 721 1732 habeut
738 1697 815 1732 Re-

123 1748 194 1795 gii)
209 1774 219 1793 ,
236 1756 276 1784 ut
293 1750 348 1785 XI
359 1775 370 1794 ,
391 1749 457 1784 328
470 1775 480 1794 ‚
495 1757 622 1794 patruo
635 1752 752 1791 corde,
777 1757 814 1785 et

124 1802 178 1839 IV
196 1802 291 1838 Fast.
307 1804 349 1837 55
363 1828 373 1846 ,
391 1814 473 1837 ease
482 1809 619 1848 patruo.
642 1802 814 1838 Libenter

123 1855 222 1890 enim
236 1854 363 1890 talibus
378 1867 453 1891 voc.
471 1854 642 1900 adjective
661 1863 815 1891 utuntur

124 1913 259 1951 poetae;
283 1905 364 1941 vide
380 1906 562 1942 Drakenb.
588 1906 631 1942 ad
657 1907 786 1943 Silium
803 1934 813 1951 ,

128 1958 184 1995 111
197 1985 206 2002 ,
224 1958 287 2004 387
301 1971 311 1994 z
323 1957 372 1994 sic
389 1958 479 2005 apud
494 1959 666 1994 Nostrum
677 1966 816 1994 autam-

126 2024 205 2048 παπ)
217 2010 354 2056 frigus,
379 2014 522 2047 maritus
541 2015 649 2047 lectus
665 2040 674 2054 ,
696 2013 815 2057 infans

126 2076 248 2099 manus
259 2064 505 2100 ete—Auium
519 2067 715 2110 indulgens,
742 2065 816 2101 ob—

128 2129 280 2163 sequens
294 2117 383 2154 irato
398 2118 548 2165 impetui
562 2119 682 2154 animi.

171 2170 250 2205 600.
266 2171 363 2206 Rara
373 2184 436 2215 per
448 2175 581 2215 ignolos
599 2178 664 2206 etc.
685 2171 816 2217 Dupli-

129 2223 216 2258 citer
231 2223 343 2270 tangit
355 2223 531 2270 ignaviam
546 2223 682 2260 Paridis
695 2250 704 2268 ,
719 2223 815 2270 quod

128 2288 208 2310 rara
234 2275 304 2311 tela
327 2275 459 2321 spargit
471 2301 481 2319 ,
506 2282 542 2310 et
566 2275 660 2320 quod
688 2288 729 2311 ea
752 2289 816 2322 per

131 2332 279 2373 epotos,
290 2327 462 2374 ignobiles
471 2326 574 2374 (vide
585 2326 628 2362 ad
638 2328 691 2363 lx
701 2354 712 2372 ,
723 2328 815 2376 559)

131 2380 280 2427 spargit:
293 2379 354 2416 sed
367 2380 448 2426 quia
459 2379 624 2426 praecedit
636 2406 645 2424 ,
660 2383 772 2415 media
780 2384 817 2416 in

131 2436 223 2469 cade
238 2436 384 2469 virorum
394 2460 402 2474 ‚
433 2441 470 2468 et
486 2433 568 2478 quia
581 2432 708 2478 Apollo
722 2432 819 2468 dolet

133 2485 281 2532 perdere
311 2499 395 2520 eum
422 2485 553 2532 spicula
581 2485 619 2519 in
646 2485 818 2531 sanguine

134 2537 242 2584 plebis
263 2565 273 2582 ,
301 2544 491 2584 propterea
517 2549 597 2572 rara
620 2539 689 2571 tela
716 2537 818 2571 Bur-

134 2602 267 2625 manno
279 2603 354 2625 non
370 2590 519 2636 placent.
538 2588 696 2635 Conjicit
710 2602 795 2635 ergo
804 2615 816 2634 ,

134 2657 247 2685 vana,
267 2642 304 2678 id
326 2650 378 2679 est
395 2670 406 2687 ,
438 2643 574 2678 inutilia
593 2668 603 2687 ,
627 2656 669 2678 ex
695 2642 820 2688 quibus

134 2696 221 2732 nihil
239 2696 281 2732 ad
298 2709 475 2732 summam
490 2696 572 2731 belli
589 2695 725 2730 redibat
742 2695 821 2730 uti-

134 2748 239 2784 litatis
252 2775 261 2793 ,
279 2749 359 2793 quia
371 2776 379 2792 ,
394 2749 472 2784 licet
486 2748 604 2793 plures
620 2754 818 2791 sterneret,

881 1378 968 1414 dum
998 1376 1152 1412 Achilles
1188 1381 1309 1412 tamen
1342 1385 1538 1423 superesset
1556 1405 1565 1423 ,

880 1438 980 1466 metu
1006 1429 1093 1465 solvi
1116 1428 1264 1474 Troiani
1291 1441 1364 1464 non
1391 1437 1567 1476 poterant.

881 1482 1040 1518 Florent.
1057 1481 1127 1517 MS
1140 1495 1251 1527 gnara
1263 1507 1271 1522 ,
1298 1481 1393 1527 quod
1418 1483 1569 1519 Heinsio

879 1533 1055 1580 placebat,
1073 1533 1131 1579 qui
1145 1533 1460 1580 interpretabatur,
1476 1535 1569 1570 bene

880 1600 919 1623 ac
945 1587 1056 1633 perite
1083 1593 1185 1622 torta.
1209 1587 1260 1622 At
1275 1587 1303 1622 si
1319 1586 1387 1622 hoc
1404 1587 1570 1623 voluisset

879 1646 983 1685 poeta
995 1665 1005 1682 ,
1026 1638 1164 1674 dixisset
1178 1638 1274 1674 haud
1291 1639 1397 1676 dubie
1407 1647 1510 1676 certa.
1523 1659 1569 1666 —

879 1694 1039 1737 Spargere
1052 1695 1138 1733 tela,
1166 1699 1207 1727 ut
1229 1705 1385 1737 spargere
1391 1692 1565 1740 fulmina,

880 1746 897 1781 I
911 1772 920 1788 ,
939 1746 1003 1780 253
1015 1759 1023 1787 ;
1036 1758 1195 1791 spargere
1205 1748 1349 1791 glandes
1348 1745 1467 1789 sunda
1477 1745 1572 1791 apud

882 1797 1124 1834 Claudianum
1138 1825 1149 1843 ‚
1171 1799 1247 1834 Vll
1263 1824 1273 1843 ,
1294 1800 1348 1833 5ο.

923 1850 1002 1886 θοι.
1018 1852 1150 1885 Passus
1161 1852 1291 1892 Deum,
1311 1856 1499 1897 postquam
1512 1851 1571 1885 in—

882 1903 1060 1938 dicaverat
1070 1930 1082 1948 ,
1098 1917 1134 1939 se
1150 1904 1270 1939 Deum
1283 1917 1356 1940 esse
1367 1931 1378 1949 ‚
1396 1912 1435 1940 ut
1445 1905 1502 1941 111
1512 1932 1522 1950 ,
1536 1919 1548 1939 1
1559 1932 1569 1949 ,

882 1965 918 1993 et
933 1958 1090 2005 pluribus
1104 1959 1197 1996 locis.
1211 1960 1331 1995 Etiam
1346 1960 1437 2006 apud
1451 1961 1572 2007 Virgi-

879 2011 965 2045 lium
980 2038 990 2055 ,
1009 2011 1094 2046 AEn.
1114 2012 1168 2047 VI
1180 2038 1190 2056 ,
1205 2014 1245 2058 5¹7
1259 2039 1268 2055 ‚
1291 2012 1417 2058 Apollo
1434 2012 1571 2047 Paridis

880 2063 992 2098 telum
1007 2063 1126 2110 dirigit
1139 2063 1176 2099 in
1190 2064 1364 2100 Achillem
1374 2091 1384 2109 ‚
1396 2064 1571 2110 quemad-

881 2116 1031 2151 modum
1058 2117 1194 2152 Hector
1218 2117 1376 2153 moriens
1400 2117 1572 2163 praedixe—

880 2175 945 2204 rat.
963 2169 1146 2205 Homerus
1159 2195 1168 2212 ,
1186 2169 1227 2204 Il.
1243 2176 1272 2205 X
1284 2196 1293 2213 ,
1309 2171 1394 2218 359,
1412 2172 1457 2206 ὅτε
1474 2173 1523 2206 κέν
1537 2187 1570 2206 σε

881 2223 979 2272 Πάρις
999 2227 1054 2258 καὶ
1076 2227 1179 2261 <boten
1196 2212 1344 2263 Α’πόλλων
1365 2224 1509 2258 ἆλὲσωσιν
1530 2225 1574 2258 ι’νί

880 2281 1011 2326 Σκαιῇσι
1027 2278 1169 2322 πύλῃσιν.
1185 2274 1289 2321 Apud
1310 2275 1492 2320 Quintum
1504 2274 1572 2310 Ca-

880 2325 966 2360 labr.
983 2327 1039 2362 111
1051 2352 1061 2371 ,
1080 2327 1125 2361 60
1137 2339 1220 2372 sqq,
1239 2327 1368 2373 Apollo
1383 2326 1455 2373 ipse
1467 2353 1476 2371 ,
1494 2327 1570 2362 sine

882 2378 1020 2414 Paridis
1033 2379 1231 2416 ministerio
1245 2406 1255 2424 ‚
1273 2379 1438 2414 vulnerat
1451 2379 1570 2415 Achil-

880 2430 963 2466 lem.
981 2431 1108 2467 Sumta
1125 2431 1264 2467 Paridis
1287 2431 1401 2466 forma
1428 2444 1512 2467 eum
1534 2431 1573 2466 id

880 2483 1002 2520 secisse
1019 2485 1128 2520 tradit
1145 2484 1329 2531 Hyginus,
1349 2484 1417 2519 sab.
1445 2485 1571 2531 107.-A

882 2537 957 2571 solo
976 2536 1103 2572 Paride
1126 2550 1210 2572 eum
1228 2536 1404 2572 sublatum
1425 2548 1572 2572 memo-

882 2597 965 2624 rant
983 2615 993 2633 ,
1022 2589 1169 2624 remotis
1194 2589 1374 2634 figmentis
1402 2591 1571 2636 poeticis,

883 2642 997 2677 Dares
1017 2642 1209 2690 Phrygius,
1226 2655 1299 2688 cap.
1315 2643 1377 2686 35,
1395 2650 1431 2678 et
1446 2643 1572 2691 Dictys

890 2695 986 2731 Cret.
998 2695 1065 2740 lv,
1078 2709 1160 2737 n.—
1171 2697 1318 2738 Vertere,
1337 2695 1487 2732 transfer
1502 2698 1571 2732 tela

884 2756 944 2783 tua
958 2748 1001 2782 ab
1017 2747 1090 2783 istis
1108 2748 1142 2785 in
1169 2747 1354 2784 AEaciden.
1370 2767 1414 2776 -
1431 2750 1569 2793 Spicula
