1820 3106
265 259 348 315 104

636 260 687 304 P.
720 259 956 306 OVIDII
987 260 1294 307 NASONIS

257 375 281 396 »
308 354 442 401 Forte
464 352 562 401 Deo
586 352 808 401 doliturus
831 353 937 410 erit;
962 353 1062 402 data
1082 354 1259 421 praemia
1279 351 1425 413 nolet3

259 452 282 473 ι)
309 430 396 478 Sed
416 430 627 478 meruisse
650 430 743 479 dari
765 430 898 488 sciet,
923 430 1174 498 invitusque
1200 431 1424 498 probabit.
1452 452 1475 474 >›

251 507 499 556 Adsensere
522 508 631 566 Dei,
654 508 817 573 conjux
842 528 1020 575 quoque
1042 509 1162 571 regia
1184 508 1275 557 visa
1298 520 1367 557 est

253 585 418 633 Caetera
443 605 536 633 non
558 586 670 633 duro
685 623 698 643 ‚
723 586 835 634 duro
858 591 1003 635 tamen
1025 585 1179 634 ultima
1203 585 1330 635 vultu

1603 598 1673 632 26⁰

252 661 384 711 Dicta
407 662 559 712 tulisse
578 665 606 711 J
610 664 727 722 ovis,
751 683 884 730 seque
906 663 1150 712 indoluisse
1174 675 1386 712 notatam.

254 740 426 788 Interea
442 777 454 799 ‚
481 741 791 808 quodcumque
813 742 898 790 fuit
921 741 1179 808 populabile
1203 742 1406 798 flammae,

253 818 478 866 Mulciber
502 818 766 876 abstuleram
789 838 870 867 nec
898 819 1204 882 cognoscenda
1227 817 1436 866 remansit

253 895 460 944 Herculis
482 896 649 959 effigies
663 934 674 954 ‚
697 916 778 944 nec
801 896 1042 962 quidquam
1068 896 1122 943 ab
1145 896 1332 958 imagine
1348 895 1540 949 >ductum

253 972 412 1020 Matris
437 973 599 1030 habet;
626 985 884 1039 tantumque
905 974 932 1020 J
938 973 1031 1020 ovis
1053 972 1234 1034 vestigia
1256 983 1398 1020 servat

1611 984 1677 1018 2656

253 1049 406 1115 thue
430 1068 574 1096 novus
596 1067 798 1114 serpens,
824 1048 969 1115 posita
990 1067 1089 1096 cum
1111 1048 1224 1115 pelle
1251 1059 1449 1106 senecta,

253 1127 496 1175 Luxuriare
521 1126 658 1184 solet,
688 1145 954 1193 squamaque
979 1127 1116 1175 virere
1140 1126 1336 1175 recenti:

255 1246 375 1281 durius
387 1273 396 1290 ,
416 1246 533 1282 dolere
551 1247 743 1282 Herculem
760 1248 797 1281 in
811 1247 934 1282 caelum

255 1305 434 1343 acceptum
449 1324 458 1340 ,
484 1305 586 1343 atque
613 1298 701 1332 adeo
726 1299 818 1333 inter
839 1299 934 1333 Deos

253 1349 413 1383 relatum.
433 1350 519 1383 Mox
535 1353 568 1385 τὲ
583 1353 647 1384 sed
666 1351 805 1384 turbare
828 1351 934 1385 vide-

253 1399 357 1434 hatur
374 1400 551 1434 nonnullis
567 1407 777 1435 structuram
796 1402 935 1436 oratio—

254 1452 319 1487 nis.
330 1453 499 1487 Burman.
512 1454 608 1488 malit
620 1456 799 1495 dommus„
823 1461 858 1488 et
865 1456 934 1488 boec

255 1506 339 1538 data
349 1509 488 1548 pra-mia
503 1508 614 1547 nalem
633 1506 686 1540 At
698 1509 855 1540 meruisse
869 1512 934 1540 etc.

254 1555 329 1591 >Sed
345 1557 493 1592 Lenzius
510 1564 603 1592 recte
620 1557 726 1602 vidit,
747 1561 828 1592 data
838 1571 934 1602 μνω-

257 1613 325 1644 mia
349 1613 443 1644 nole!
463 1610 629 1655 apodosin
655 1611 782 1645 habere
795 1625 803 1652 ;
833 1611 934 1656 eique

258 1661 387 1695 rationi
398 1674 462 1696 nos
473 1662 812 1697 accommodavimus
823 1662 938 1696 inter-

256 1714 547 1759 punctionem.—
556 1715 656 1761 Regii
667 1715 777 1749 nostri
788 1721 935 1759 receptae

258 1767 516 1803 adsentiuntur.
533 1770 600 1802 Ed.

299 1821 375 1855 260.
400 1823 517 1855 Durus
537 1824 650 1856 vallus
660 1848 668 1862 ,
694 1821 809 1856 vultus
835 1821 910 1866 ejus
923 1847 933 1864 ‚

257 1872 317 1916 qui
330 1871 434 1908 habet
445 1875 577 1914 durum,
595 1873 628 1907 id
643 1880 713 1917 est,
726 1873 935 1907 iracundum

258 1930 294 1958 et
317 1924 566 1960 inexorabilem
589 1925 758 1960 animum.
778 1924 933 1969 Contra,

257 1975 291 2009 X
304 2002 314 2019 ‚
340 1976 406 2023 6ο9
417 2003 426 2021 ,
450 1984 501 2011 est
517 1979 628 2011 mollis
644 1980 770 2017 vultus,
799 1984 835 2012 et
852 1977 908 2012 ΙΙΙ
923 2003 933 2020 ,

257 2027 362 2062 Pont.
379 2040 392 2061 1
406 2055 415 2072 ‚
437 2029 498 2063 165
509 2055 519 2073 ,
545 2042 611 2063 non
627 2031 707 2063 dari
719 2031 841 2063 vallas.
857 2029 935 2064 Su-

257 2092 319 2124 pra
330 2105 339 2122 ,
351 2080 423 2114 Vll
437 2106 446 2123 ,
461 2081 523 2115 862
534 2107 543 2124 ,
560 2084 672 2115 vultus
679 2084 803 2121 melior,
818 2081 935 2116 minus

257 2131 375 2165 durus:
389 2133 515 2166 Coetera
525 2145 598 2166 non
610 2132 698 2167 duro
709 2133 806 2167 vultu
819 2132 914 2167 audit
923 2158 932 2176 ,

257 2183 337 2227 quia
349 2191 510 2228 posuerat
526 2183 614 2218 iram
627 2197 645 2218 e
658 2197 744 2219 vers.
761 2185 830 2218 135.
846 2184 935 2219 Aue·

258 2240 335 2268 tore
354 2233 513 2267 Diodoro
538 2234 714 2279 adoptavit
735 2234 822 2268 adeo
839 2235 937 2268 Her-

257 2284 382 2319 culem.
400 2286 468 2320 Par
484 2292 558 2320 erat
576 2286 652 2330 ejus
666 2286 771 2320 etiarn
788 2286 825 2319 in
842 2285 936 2320 exitu

259 2336 423 2371 Herculis
437 2337 657 2371 mentionem
671 2338 792 2371 facere.
805 2356 848 2363 —-
863 2339 937 2371 No·-

257 2394 330 2421 tare
346 2387 522 2432 eleganter
533 2414 540 2428 ‚
567 2401 677 2433 quum
693 2388 844 2433 aliquem
860 2401 934 2422 non

257 2438 482 2473 nominamus
494 2438 654 2484 quidem,
674 2439 734 2474 sed
750 2439 798 2473 ita
813 2438 935 2473 descri-

256 2491 370 2525 bimus
382 2490 677 2537 describendoque
690 2492 861 2536 carpimus
870 2517 880 2535 ‚
896 2497 936 2525 ut

257 2543 355 2577 facile
385 2544 522 2589 agnosci
548 2546 661 2589 possit.
696 2544 821 2580 Cicero
835 2571 844 2589 ,
872 2556 936 2590 pro

258 2595 335 2629 Mil.
359 2595 397 2628 18
413 2621 422 2638 ,
445 2596 492 2631 sic
509 2595 591 2631 dixit
607 2599 799 2632 describere.

301 2646 375 2680 252.
391 2648 588 2690 populabile
599 2661 731 2682 novum
746 2656 781 2684 et
793 2649 833 2683 ab
846 2647 936 2683 Ovi-

257 2697 317 2732 dio
326 2699 457 2733 sactum
466 2700 681 2735 vocabulum.
691 2701 838 2747 Insignis
846 2702 935 2736 Her—

256 2749 340 2785 culis
349 2750 528 2795 voracitas,
542 2764 647 2796 quam
658 2752 750 2789 ridet
761 2753 934 2798 Aristoph-

999 1247 1089 1282 Ran.
1107 1246 1149 1281 63
1160 1273 1169 1290 ,
1187 1248 1249 1291 557
1270 1259 1343 1292 sqq.
1358 1258 1432 1281 non
1449 1244 1588 1281 videtur
1604 1257 1677 1290 po-

998 1300 1155 1346 pulabilis
1181 1300 1310 1341 suisse;
1339 1313 1379 1334 ea
1407 1299 1502 1334 enim
1528 1299 1564 1333 in
1592 1298 1676 1334 caelo

999 1365 1139 1397 quoque
1153 1352 1280 1386 mansit
1292 1364 1300 1392 ;
1315 1351 1547 1387 Callimachus
1556 1377 1565 1394 ,
1577 1350 1676 1398 hym-

999 1417 1047 1438 no
1068 1405 1110 1438 ad
1130 1404 1234 1439 Dian.
1254 1406 1328 1452 259.
1352 1403 1486 1440 Confer
1503 1404 1676 1439 Senecam

1001 1457 1144 1491 Hercul.
1172 1457 1246 1490 OEt.
1267 1457 1360 1503 1965.
1382 1475 1425 1482 -
1441 1457 1585 1502 Effigies
1606 1468 1674 1502 pro

998 1510 1111 1543 forma
1127 1509 1252 1554 passim
1264 1508 1355 1554 apud
1369 1508 1563 1555 Hyginum.
1576 1509 1677 1544 Illam

999 1567 1117 1595 autem
1144 1560 1297 1605 effigiem
1325 1559 1505 1605 quomodo
1529 1559 1678 1596 artifices

999 1613 1229 1659 expresserint
1244 1639 1254 1655 ‚
1280 1612 1381 1646 docet
1397 1611 1603 1646 Winkelm.
1627 1613 1675 1647 H.

1000 1664 1042 1699 A.
1060 1678 1090 1709 p.
1113 1665 1171 1699 162
1190 1671 1225 1699 et
1244 1664 1308 1711 369
1320 1690 1329 1707 ,
1348 1664 1434 1698 item
1455 1664 1618 1710 Heynius
1638 1663 1676 1698 in

997 1719 1122 1761 antiqu.
1135 1717 1342 1761 Aufraetzen
1352 1741 1360 1754 ,
1373 1717 1389 1751 I
1402 1742 1411 1760 ,
1429 1716 1582 1763 29.--Ab
1592 1717 1679 1748 lma-

996 1771 1083 1811 gz'ne.
1108 1767 1275 1802 Heinsius
1296 1779 1377 1802 cum
1394 1765 1623 1814 Gronoviano
1642 1771 1679 1799 et

1000 1819 1163 1854 Mediceo
1172 1845 1181 1862 ,
1197 1822 1240 1853 ab
1251 1817 1533 1863 angina—Regii
1547 1816 1678 1859 nostri,

999 1874 1042 1905 ab
1056 1874 1210 1915 [magiae.
1219 1889 1262 1896 —
1277 1872 1332 1905 Ab
1345 1873 1492 1914 imagine
1506 1872 1639 1909 matra,
1658 1879 1679 1901 a

1000 1929 1133 1965 matre,
1161 1929 1219 1956 aut
1243 1922 1285 1956 ab
1308 1928 1434 1956 natura
1455 1927 1678 1955 materna.—

999 1976 1096 2008 Jovz‘s
1112 1976 1254 2017 vestigia
1265 2000 1273 2013 ‚
1297 1981 1411 2018 partes
1422 1998 1431 2016 ,
1455 1985 1538 2017 quas
1554 1985 1573 2006 a
1585 1971 1676 2006 Jove

999 2033 1197 2071 acceperat,
1215 2039 1291 2071 quae
1301 2026 1491 2069 docebant,
1507 2037 1590 2059 eum
1603 2036 1675 2059 esse

999 2080 1023 2113 J
1026 2079 1097 2127 ovis
1108 2078 1231 2112 filium.

1043 2131 1117 2164 266.
1133 2131 1239 2175 thue
1246 2143 1349 2165 nouus
1354 2135 1557 2174 serpensetc.
1568 2128 1677 2175 Egre-

1000 2182 1054 2228 gia
1067 2181 1267 2217 similitudo.
1277 2201 1321 2208 -—
1330 2183 1460 2222 Novus,
1480 2187 1678 2216 renovatus.

998 2253 1043 2260 —
1058 2235 1177 2268 Posita
1202 2239 1346 2268 senecta.
1374 2234 1491 2268 Etiam
1517 2233 1650 2268 Plinius
1665 2258 1675 2275 ,

999 2286 1114 2329 VIII,
1132 2287 1170 2320 31
1187 2312 1196 2330 ,
1215 2285 1299 2320 dixit
1310 2313 1320 2330 ,
1339 2299 1466 2331 angues
1480 2291 1678 2320 senectutem

998 2350 1141 2379 exuere;
1172 2339 1294 2373 confer
1317 2352 1420 2384 supra
1436 2365 1449 2382 ,
1470 2338 1543 2372 VII
1555 2363 1565 2381 ‚
1588 2338 1650 2382 237
1666 2350 1676 2378 3

1000 2391 1164 2436 Virgilius
1180 2418 1189 2435 ,
1217 2391 1344 2437 Georg.
1365 2391 1421 2425 ΙΙΙ
1439 2417 1448 2434 ,
1474 2390 1535 2435 437
1550 2415 1560 2433 ,
1578 2391 1679 2425 Nunc

992 2445 1116 2487 posim·
1138 2455 1242 2477 nouus
1262 2445 1390 2476 exuviis
1409 2443 1598 2485 nitidusque
1604 2441 1678 2485 ju-

998 2501 1120 2535 t'enla;
1138 2494 1296 2528 Tibullus
1308 2519 1318 2536 ,
1338 2493 1374 2536 I,
1393 2503 1444 2535 1v,
1465 2492 1526 2534 35,
1545 2503 1679 2535 serpens

998 2559 1101 2579 nouus
1108 2549 1201 2579 exuit
1210 2557 1331 2584 annos,
1355 2543 1414 2577 ubi
1427 2543 1588 2589 Heynius
1601 2554 1680 2576 mo-

999 2605 1082 2642 net,
1105 2598 1172 2633 hoc
1193 2597 1390 2642 exemplum
1411 2608 1430 2630 a
1450 2594 1676 2630 similitudine

998 2651 1112 2697 potius
1124 2677 1133 2694 ,
1152 2663 1257 2695 quam
1272 2662 1290 2683 a
1306 2649 1357 2683 rei
1374 2649 1517 2683 veritate
1530 2648 1677 2682 ductum

998 2715 1070 2736 esse
1085 2716 1093 2743 ;
1116 2701 1244 2736 exuviis
1260 2700 1356 2735 enim
1369 2699 1485 2745 positis
1499 2706 1676 2744 serpentes

998 2765 1073 2789 non
1089 2752 1131 2788 ad
1150 2753 1331 2798 juventam
1350 2751 1475 2788 redire.
1491 2769 1534 2778 --
1549 2751 1675 2786 buxu-—
