1820 3106
252 239 337 283 &8

454 349 618 386 mmm
650 350 720 386 111.

249 454 414 490 Draconis
431 455 544 490 dentes
561 455 598 489 in
616 454 706 489 viros
724 463 876 490 armatos.

250 507 396 542 Cadmus
413 507 554 541 Boeotiae
572 507 737 542 conditor.

248 561 388 594 Actaeon
402 559 440 593 in
457 567 603 593 cervum.

248 611 399 646 Bacchus
414 625 452 647 ex
469 611 600 645 Semele
616 610 738 646 Cadmi
755 609 836 646 filia.

248 665 340 699 Juno
358 664 394 698 in
412 676 526 698 anum.

246 716 374 750 Bacchi
391 715 553 750 educatio.

246 769 391 803 Tiresias
409 769 446 802 in
463 768 633 803 feminam.

247 819 390 854 Tiresias
410 820 446 853 in
462 833 599 855 marem.

246 873 420 907 Narcissus
438 873 474 906 in
492 872 620 908 florem.

247 924 341 958 Echo
358 925 395 958 in
411 938 539 960 vocem.

246 977 414 1024 Tyrrheni
430 987 541 1012 nautae
559 978 596 1012 in
614 978 798 1026 delphinos.

245 1029 395 1065 Bacchus
412 1030 449 1064 in
466 1044 618 1079 puerum.

244 1081 386 1117 Penthei
401 1083 586 1131 descriptio.

450 1187 618 1223 LIBER
649 1189 714 1224 IV.

244 1291 369 1326 Bacchi
387 1292 537 1326 nomina.

243 1345 393 1380 Dercetis
409 1344 600 1392 Babylonia
616 1344 652 1378 in
667 1344 800 1392 piscem.

245 1398 439 1433 Semiramis
458 1398 494 1432 in
511 1397 711 1432 columbam.

241 1451 325 1485 Nais
344 1451 380 1485 in
397 1451 528 1498 piscem.

241 1505 342 1539 Mora
359 1518 397 1537 ex
415 1503 497 1537 albis
514 1503 613 1550 nigra
625 1501 766 1549 Pyrami
781 1510 811 1535 et
823 1501 923 1536 This-

287 1556 343 1590 bes
362 1555 525 1603 sanguine
539 1555 666 1588 effecta.

241 1610 381 1645 Veneris
401 1623 477 1643 cum
496 1609 606 1643 Marte
625 1606 835 1642 adulterium.

243 1661 430 1697 Leucothoe
448 1661 483 1695 in
502 1659 607 1694 thuris
625 1660 788 1694 arborem.

245 1714 354 1762 Clytie
368 1714 405 1747 in
422 1712 659 1760 heliotropium
675 1711 828 1746 herbam.

241 1766 396 1813 Daphnis
413 1766 522 1799 Idaeus
540 1765 577 1799 in
592 1777 718 1799 saxum.
755 1791 757 1793 .

244 1820 397 1867 Scythen
414 1819 451 1852 in
466 1818 637 1852 feminam.

243 1871 379 1909 Celmus
395 1883 477 1919 puer
493 1870 530 1903 in
546 1871 770 1904 adamantem.

245 1923 368 1959 Crocos
386 1937 461 1958 cum
481 1923 626 1957 Smilace
642 1923 679 1956 iu
693 1921 813 1957 flores.-
854 1940 856 1943 ·

246 1976 446 2012 Salmacidis
461 1975 564 2010 fontis
581 1983 711 2010 natura.

243 2028 453 2076 Hermaphro
457 2027 543 2061 ditus
550 2040 627 2061 cum
632 2026 821 2062 Salmacide
828 2039 923 2074 nym-

286 2081 352 2129 pha
368 2080 548 2129 copulatus.

241 2134 408 2168 Mineides
426 2133 463 2167 in
476 2131 736 2180 vespertiliones.
799 2180 803 2184 ι

242 2187 305 2221 Ino
323 2184 533 2220 Athamantis
551 2185 687 2218 uxorin
702 2185 822 2218 Deam.
857 2194 859 2196 ·

241 2240 315 2274 Viae
334 2239 384 2272 ads
395 2239 522 2272 Inferos
539 2236 722 2285 descriptio.

241 2293 262 2326 J
267 2304 332 2325 uno
351 2291 393 2325 ad
408 2291 544 2325 Inferos.

241 2344 416 2379 Melicerta
431 2343 467 2377 in
486 2344 599 2377 Deum
615 2342 795 2376 max-inum.

244 2395 390 2430 Comites
406 2396 485 2429 Inus
501 2395 537 2428 in
553 2407 629 2429 saxa
643 2402 675 2429 et
689 2407 776 2428 aves.

243 2448 389 2482 Cadmus
405 2461 481 2482 cum
498 2460 600 2482 uxore
613 2447 650 2480 in
666 2459 821 2496 anguem.

240 2502 369 2550 Jupiter
389 2503 425 2536 in
443 2515 571 2538 aurum.

241 2555 354 2590 Persei
371 2565 470 2603 gesta.

243 2607 354 2642 Guttae
380 2608 552 2656 sanguinis
568 2608 720 2643 Medusae
746 2606 861 2655 capitis
885 2605 923 2640 in

286 2669 462 2708 serpentes.
847 2667 851 2678 ¹

247 2711 337 2757 Atlas
355 2712 392 2746 in
409 2722 569 2747 montem.

245 2764 465 2799 Andromeda
481 2773 551 2800 ceto
570 2765 725 2814 exposita.

842 238 1081 286 INDEX.

996 351 1152 399 Virgulta
1168 351 1204 386 in
1221 353 1353 389 coralia.

995 404 1221 446 Andromedae
1239 406 1418 454 Perseique
1434 409 1570 457 nuptiae.

993 453 1137 542 Pegasus
1152 469 1254 503 equus
1271 458 1374 494 alatus
1393 473 1410 493 c
1422 460 1587 509 sanguine
1596 460 1674 497 Me<

992 521 1142 597 Medii&
1161 562 1273 611 capilli
1289 563 1326 598 in
1342 575 1516 614 serpentes.

1209 667 1383 703 LIBER
1413 670 1456 705 V.

995 770 1166 818 Cephenes
1190 771 1349 807 Perseum
1376 782 1604 822 oppugnantes
1628 775 1666 810 in

1036 835 1123 858 saxa.

995 874 1191 923 Cephenum
1208 877 1367 912 tumultus
1385 877 1571 926 descriptio.

990 929 1138 965 Phineus
1156 930 1283 978 Cephei
1298 932 1398 965 frater
1415 931 1453 966 in
1469 940 1619 967 statuam.

989 982 1121 1017 Proetus
1138 983 1175 1018 in
1194 983 1351 1031 lapidem.

990 1034 1183 1082 Polydectes
1199 1035 1237 1069 in
1250 1049 1376 1069 saxum.

988 1089 1214 1138 Hippocrenes
1233 1090 1334 1125 fontis
1353 1089 1538 1138 descriptio.

989 1139 1134 1187 Pyrenei
1151 1141 1374 1190 sacrilegium.

991 1193 1101 1227 Musae
1118 1193 1154 1227 in
1174 1206 1259 1228 aves.

988 1243 1136 1279 Pierides
1155 1245 1191 1279 in
1211 1245 1310 1293 picas-

989 1297 1279 1344 Gigantomachiae
1295 1298 1479 1346 descriptio.

987 1349 1122 1396 Jupiter
1140 1350 1174 1383 in
1194 1349 1341 1385 arietem.

988 1402 1110 1449 Apollo
1127 1403 1162 1436 in
1178 1416 1324 1438 corvum.

987 1453 1138 1488 Bacchus
1156 1454 1192 1487 in
1210 1466 1357 1502 caprum.

987 1506 1102 1539 Diana
1117 1505 1153 1539 in
1172 1506 1282 1540 felem.

986 1560 1078 1593 Juno
1097 1560 1133 1593 in
1150 1572 1295 1594 vaccam.

987 1608 1102 1645 Venus
1121 1612 1159 1645 in
1177 1612 1311 1658 piscem.

987 1665 1173 1699 Mercurius
1189 1665 1226 1698 in
1241 1665 1336 1699 ibim.

991 1717 1118 1751 Cereris
1138 1717 1263 1752 laudes.

987 1769 1196 1816 Proserpinae
1215 1777 1340 1816 raptus.

988 1821 1088 1870 Pergi
1107 1822 1196 1856 lacus
1215 1820 1401 1869 descriptio.

990 1875 1106 1920 Cyane
1123 1873 1275 1922 nympha
1289 1873 1326 1907 in
1341 1881 1507 1919 stagnum.

987 1927 1076 1961 Puer
1094 1926 1286 1960 temerarius
1301 1925 1338 1959 in
1353 1925 1548 1960 stellionem.

987 1979 1151 2014 Arethusa
1166 1978 1316 2026 nympha
1333 1978 1370 2011 in
1385 1978 1522 2012 fontem.

988 2030 1192 2078 Ascalaphus
1209 2030 1246 2063 in
1266 2029 1447 2064 bubonem.

990 2084 1125 2119 Sirenes
1142 2083 1179 2116 in
1198 2095 1283 2117 aves.

989 2137 1121 2182 Lyncus
1138 2148 1195 2169 rex
1210 2134 1412 2181 Scytharum
1427 2133 1464 2185 in
1478 2132 1622 2180 lyncem.

1198 2237 1360 2273 LIBER
1398 2238 1464 2273 Vl.

988 2342 1143 2378 Arachne
1162 2343 1198 2377 in
1218 2356 1384 2377 araneam.

988 2395 1158 2430 Arachnes
1174 2407 1250 2428 cum
1267 2393 1405 2428 Pallade
1424 2402 1607 2428 certamen.⁴

987 2447 1097 2481 Pallas
1114 2447 1152 2481 in
1170 2446 1325 2481 vetulam.

988 2500 1146 2534 Telarum
1172 2499 1320 2534 Palladis
1346 2498 1582 2545 Arachnesque
1604 2498 1669 2533 de·-

1033 2552 1177 2599 scriptio.
1644 2547 1647 2551 ⁴

987 2605 1126 2640 Haemus
1144 2613 1174 2640 et
1193 2604 1356 2652 Rhodope
1374 2603 1411 2638 in
1429 2611 1568 2638 montes.

988 2659 1151 2706 Pygmaea
1168 2658 1205 2692 in
1223 2671 1351 2706 gruem.

990 2712 1160 2758 Antigone
1179 2711 1214 2744 in
1234 2711 1408 2746 ciconiam.

993 2763 1136 2810 Cynarae
1156 2762 1236 2799 filiae
1255 2763 1292 2797 in
1309 2775 1397 2797 saxa.-
