1820 3106
1278 227 1403 242 m
1406 227 1526 242 mwu
1531 228 1579 242 Bw

327 364 407 437 P.
477 355 860 431 OVIDII
922 354 1399 426 NASONIS

223 495 1506 619 METAMORPHOSEON

418 715 671 773 LIBER
722 712 1313 771 DUODECIMUS.

211 1147 265 1188 N.
288 1149 342 1189 B.
379 1148 662 1205 Argumentum
696 1150 809 1205 hujus
840 1149 948 1190 Libri
977 1151 1193 1192 duodecimi
1223 1150 1585 1205 Metamorphoseon

158 1224 318 1266 relatum
338 1225 509 1267 invenies
534 1225 574 1265 in
594 1225 691 1266 serie
712 1225 903 1267 CANTERI
917 1257 929 1278 ‚
956 1235 1050 1268 tom.
1072 1229 1133 1267 111
1148 1257 1160 1277 ‚
1184 1241 1269 1281 pag.
1290 1227 1356 1276 4ο.

160 1440 274 1488 FAB.
297 1440 332 1488 I.
357 1420 618 1497 Nescms
639 1438 853 1489 adsumtis
876 1440 1079 1489 Priamus
1101 1451 1228 1507 pater
1246 1439 1442 1489 AEsacon
1466 1438 1546 1488 alis

160 1518 321 1567 Vivere
335 1555 349 1577 ‚
372 1516 555 1582 lugebat
573 1538 583 1567 :
610 1516 784 1566 tumulo
806 1537 987 1585 quoque
1008 1537 1173 1567 nomen
1194 1515 1381 1568 habenti

159 1595 346 1645 Inferias
369 1595 550 1645 dederat
570 1614 671 1643 cum
693 1594 908 1645 fratribus
931 1597 1103 1645 Hector
1125 1595 1293 1645 inanes.

159 1672 315 1722 Defuit
335 1671 483 1722 officio
505 1672 680 1721 Paridis
702 1672 937 1739 praesentia
959 1671 1101 1732 tristi,

157 1749 403 1799 Postmodo
428 1749 507 1818 qui
525 1761 653 1816 rapta
677 1749 865 1813 longum
886 1769 988 1799 cum
1015 1749 1203 1815 conjuge
1225 1747 1396 1797 bellum
1571 1763 1592 1797 5

206 1877 306 1913 1—38.
328 1876 492 1912 Graciin
507 1877 653 1916 Anime,
674 1876 734 1911 ubi
749 1889 844 1911 con-—

162 1935 303 1976 gregata
317 1939 444 1964 eorum
458 1927 572 1963 classis
585 1927 646 1962 diu
662 1927 845 1963 detineba—

161 1987 231 2025 tur,
247 1987 283 2016 et
299 1986 438 2022 ostento,
454 1979 536 2015 belli
546 1992 683 2015 moram
698 1987 846 2027 porten-

161 2034 268 2070 dente
288 2061 298 2078 ‚
324 2034 602 2080 obstupescunt,
628 2041 664 2069 et
690 2033 845 2068 Dianam

161 2088 339 2132 Iphigenia
354 2093 502 2122 mactata
519 2085 653 2132 placare
668 2085 847 2121 volunt.-·

163 2140 351 2174 Adsumtzze.
386 2138 553 2174 Heinsius
580 2138 780 2183 conjecerat
808 2144 848 2172 at

162 2194 304 2234 sumti-n
326 2197 447 2226 tamen
464 2190 652 2225 lectionem
669 2191 845 2236 vulgatam

163 2245 248 2281 ferri
264 2256 363 2290 posse
377 2242 484 2279 fassus
498 2243 754 2279 ests—Codices
772 2243 847 2278 Re-

164 2297 209 2344 gii
225 2299 397 2331 assumtis.

208 2363 239 2384 2.
262 2349 426 2384 Tumulus
439 2360 556 2383 nomen
571 2348 673 2382 babet
683 2375 692 2389 ,
715 2355 755 2383 ut
771 2348 825 2385 XI
835 2375 846 2393 ,

163 2401 231 2449 4²9
244 2426 254 2444 ,
281 2400 341 2435 ubi
357 2399 436 2434 vide
454 2407 587 2434 notam.
598 2399 847 2445 —lnserias...

163 2455 294 2488 inanes.
309 2451 467 2487 Florem.
486 2452 522 2487 S.
542 2452 654 2487 Marci
673 2479 682 2496 ,
706 2460 741 2488 et
756 2466 848 2488 unus

166 2505 350 2542 Medieeus
362 2509 476 2549 inam'‚·
488 2506 657 2541 Heinsius
670 2506 759 2541 male
770 2519 850 2542 sua-

167 2556 273 2592 debat
287 2583 296 2601 ,
320 2561 439 2598 thane,
464 2558 534 2593 scil.
551 2571 677 2593 nomen.
702 2558 850 2604 Proprie

166 2609 367 2656 sepulcrum
391 2614 494 2644 inane
512 2638 520 2650 ‚
551 2611 585 2645 in
616 2623 687 2656 quo
713 2611 851 2646 nullum

168 2674 295 2707 corpus
320 2661 514 2697 conditum.
541 2662 611 2698 Sed
640 2670 750 2709 poetae
775 2663 852 2699 licet

170 2715 277 2749 etiam
290 2716 432 2758 inferias
447 2719 567 2749 thanes
583 2714 698 2750 dicere
708 2742 718 2759 ,
742 2716 853 2750 sacri-

171 2765 248 2801 ficia
261 2792 271 2811 ,
289 2779 366 2812 quae
383 2766 460 2802 Diis
477 2766 643 2803 Manibus
663 2767 706 2803 ad
729 2767 853 2813 sepul-

909 1889 1009 1912 crum
1019 1875 1124 1910 inane
1137 1874 1337 1911 offeruntur
1351 1889 1359 1911 ε
1373 1875 1452 1911 vide
1464 1876 1507 1912 ad
1518 1878 1572 1915 VI
1581 1906 1590 1923 ,

911 1929 985 1964 568.
1004 1926 1107 1962 Cons.
1121 1927 1220 1973 Virg.
1237 1927 1319 1962 AEn.
1337 1928 1394 1964 111
1409 1955 1419 1973 ‚
1437 1929 1499 1964 301
1517 1944 1591 1978 sqq.

910 1980 992 2015 Alio
1001 1992 1102 2016 sensu
1113 1992 1218 2026 supra
1229 1979 1265 2014 II
1274 2005 1284 2024 ,
1299 1980 1364 2024 340
1377 2007 1387 2025 ,
1400 1984 1519 2016 inania
1527 1997 1595 2019 mu·

909 2045 1008 2068 nera:
1022 2031 1250 2067 Burmannus
1261 2032 1366 2067 etiam
1377 2046 1459 2068 cum
1476 2035 1596 2072 codice

911 2085 1074 2121 Leidensi
1092 2085 1195 2121 tertio
1214 2085 1332 2120 mallet
1344 2112 1353 2130 ,
1378 2087 1526 2131 Infitias
1540 2097 1596 2124 tu-

909 2143 1012 2181 ierat,
1032 2146 1072 2175 ut
1088 2139 1129 2174 ad
1148 2139 1288 2184 inferias
1306 2139 1481 2175 alludatur
1493 2168 1502 2186 ,
1520 2155 1597 2187 quae

911 2192 954 2227 ab
969 2191 1142 2236 inferendo
1158 2191 1257 2226 dictae
1274 2198 1375 2234 sunt,
1397 2192 1472 2227 sine
1486 2207 1597 2230 causa.

910 2245 1007 2278 Bane
1022 2251 1057 2278 et
1065 2244 1159 2288 serre
1171 2244 1366 2289 promiscue
1383 2253 1598 2291 usurpantur

912 2295 956 2331 de
971 2296 1085 2331 sacris.
1098 2296 1240 2331 Servius
1250 2295 1293 2330 ad
1307 2296 1445 2342 Virgilii
1457 2323 1467 2341 ,
1480 2298 1596 2343 VIII,

919 2347 982 2382 106
993 2374 1003 2391 ‚
1016 2348 1121 2382 verba
1133 2374 1143 2391 ,
1155 2354 1231 2382 tura
1244 2349 1387 2389 dabant,
1401 2348 1473 2384 haec
1484 2357 1602 2385 notat:

915 2414 934 2429 ιι
947 2399 1068 2434 Verbo
1076 2412 1255 2434 sacrorum
1266 2413 1346 2435 usus
1357 2407 1424 2442 est;
1437 2414 1520 2435 nam
1532 2401 1600 2437 dici

917 2466 935 2483 ²³
950 2452 1082 2487 solebat
1100 2453 1135 2487 in
1153 2454 1256 2488 sacris
1276 2466 1284 2487 ε
1305 2453 1361 2487 Da
1377 2453 1470 2498 quod
1494 2454 1599 2491 debes

915 2519 935 2536 »ι
950 2505 993 2540 de
1013 2518 1122 2539 manu
1150 2505 1291 2539 dextera
1317 2505 1408 2547 aris;
1427 2520 1444 2536 »
1470 2506 1548 2542 vide
1565 2514 1602 2542 et

916 2557 1069 2591 Brisson.
1087 2557 1130 2591 de
1144 2557 1264 2591 Form.
1283 2557 1299 2592 I
1314 2583 1323 2600 ,
1337 2571 1369 2603 p.
1387 2560 1438 2592 25.
1453 2558 1602 2602 Inferias

915 2613 1043 2644 mittere
1064 2609 1211 2653 legimus
1238 2609 1290 2643 XI
1309 2634 1318 2652 ‚
1348 2609 1422 2644 381.
1439 2628 1482 2650 -,-
1498 2611 1602 2658 Regii

916 2663 1050 2699 codices
1067 2663 1198 2698 habent
1212 2667 1341 2698 inanes.

970 2717 1000 2749 5.
1033 2717 1193 2761 Longum.
1227 2716 1433 2751 Basileensis
1463 2720 1579 2752 durum
1590 2744 1601 2764 ἕ

919 2767 1014 2813 quod
1036 2769 1214 2815 eleganter
1234 2769 1367 2805 dictum
1385 2777 1484 2816 putat
1501 2770 1603 2805 Bur-
