1820 3106
375 243 1079 311 METAMoRPHosEoN
1110 265 1242 310 LIB.
1277 266 1393 311 xv.

1525 266 1607 309 551

178 359 316 425 Signa
338 357 651 410 tamenluctus
674 357 783 407 dant
803 357 923 407 haud
945 358 1111 408 incerta
1132 357 1287 406 futuri.

176 438 312 487 Arma
337 436 485 486 ferunt
507 435 657 499 nigras
678 435 796 489 inter
817 436 1076 504 crepitantia
1099 435 1242 484 nubes
1259 473 1272 495 ,

177 513 507 581 Terribilesque
529 513 687 580 tubas,
711 514 951 581 auditaque
973 533 1138 563 cornua
1160 513 1265 563 caelo

176 591 500 644 Praemonuisse
521 593 646 642 nefas
666 613 677 642 z
699 593 861 642 Phoebi
884 612 1066 661 quoque
1088 593 1228 642 tristis
1249 592 1397 656 imago

1548 607 1614 654 785

172 669 342 720 Lurida
363 668 566 720 sollicitis
587 670 815 739 praebebat
837 670 1002 720 lumina
1027 670 1182 719 terris:

174 748 300 818 Saepe
320 749 437 800 faces
462 750 564 799 visae
584 751 743 800 mediis
766 750 918 799 ardere
940 750 1025 799 sub
1050 750 1182 799 astris
1203 769 1214 809 ;

112 844 114 846 “
173 828 301 897 Saepe
321 829 438 879 inter
456 830 638 880 nimbos
661 843 797 895 guttae
821 830 1015 880 cecidere
1036 842 1241 879 cruentae.

174 908 376 958 Caerulus
402 920 447 958 et
467 908 640 959 vultum
664 910 887 974 ferrugine
911 908 1090 958 Lucifer
1112 921 1206 959 atra

173 986 366 1055 Sparsus
389 999 510 1044 erat;
535 987 676 1059 sparsi
699 987 877 1037 lunares
900 987 1114 1052 sanguine
1137 1007 1306 1037 currus.

1548 1014 1614 1050 790

171 1064 338 1114 Tristia
357 1064 478 1114 mille
501 1062 612 1114 locis
637 1065 820 1133 Stygius
844 1066 968 1115 (ledit
990 1067 1138 1116 omina
1159 1067 1284 1116 bubo
1305 1085 1316 1115 :

173 1141 302 1192 Mille
325 1142 437 1193 loeis
460 1142 717 1212 lacrymavit
736 1145 875 1205 ebur,
902 1158 1146 1212 cantusque
1170 1145 1377 1194 feruntur

171 1221 352 1282 Auditi,
379 1222 543 1272 sanctis
568 1234 612 1271 et
630 1223 767 1272 verba
787 1224 975 1273 minacia
996 1223 1121 1273 lucis.

171 1299 366 1349 Victima
386 1299 510 1350 nulla
532 1299 662 1360 litat3
688 1320 966 1369 magnosque
991 1303 1155 1351 instare
1180 1299 1401 1351 tumultus

172 1379 309 1429 Fibra
332 1392 511 1440 monet3
538 1399 787 1448 caesumque
812 1393 947 1448 caput
970 1381 1193 1449 reperitur
1214 1381 1262 1429 in
1286 1380 1411 1428 extis.

1548 1393 1614 1440 795

172 1458 317 1526 Inque
339 1457 466 1518 foro,
490 1459 746 1527 circumque
771 1459 927 1509 domos
945 1498 957 1519 ,
981 1471 1025 1508 et
1050 1458 1215 1526 templa
1240 1459 1440 1507 Deorum

171 1536 432 1587 Nocturnus
453 1536 648 1588 ululasse
673 1555 826 1597 canes,
849 1538 1122 1605 umbrasque
1146 1536 1357 1586 silentum

170 1645 303 1687 Ferrea,
319 1645 723 1691 immutabilia—&gram
741 1660 767 1682 s.
780 1660 858 1692 pro·

171 1698 265 1744 digia
285 1699 466 1745 sequentia
486 1706 604 1734 sumta
625 1706 710 1734 sunt
731 1712 750 1734 e
771 1699 859 1734 Vir-

172 1751 268 1798 gilio,
282 1751 413 1799 Georg.
424 1753 441 1787 Ι
453 1779 461 1796 ,
472 1752 537 1796 464
546 1765 628 1797 sqq;
642 1764 857 1797 quamquam

171 1805 280 1840 etiam
293 1804 464 1840 historicis
478 1804 672 1840 celebrata:
686 1804 780 1840 conf.
796 1806 859 1840 'ri-

171 1856 307 1902 bullus,
326 1857 363 1893 Π
377 1883 387 1901 ,
402 1868 440 1900 V,
458 1857 571 1904 71-78
587 1884 596 1902 ,
613 1864 650 1892 et
666 1857 794 1893 Cicero
812 1857 855 1893 de

172 1908 255 1944 Div.
271 1910 288 1945 1
300 1936 310 1954 ,
326 1922 367 1945 10
374 1910 640 1956 sqq—Luctus
640 1909 755 1955 futuri
762 1938 770 1951 ,
784 1910 858 1946 bel-

169 1961 289 1997 lorum
304 1961 459 1997 civilium
467 1962 693 2004 instantium;
709 1974 792 1997 nam
802 1975 857 1997 se-

169 2014 332 2052 cundum
352 2014 452 2061 Virg.
476 2014 533 2049 illa
556 2013 760 2050 acciderunt
779 2021 857 2060 post

173 2068 306 2106 caedem
320 2069 407 2105 Julii
426 2068 586 2104 Caesaris.

219 2123 291 2168 783.
307 2123 417 2158 Arma
422 2122 544 2167 serunt
556 2124 671 2166 nigras
682 2128 746 2157 etc.
757 2120 857 2166 Virg.

173 2181 209 2211 et
223 2174 382 2210 Tibullus
397 2173 490 2210 dicto
504 2174 590 2209 loco.
602 2193 646 2200 —
660 2174 715 2208 De
733 2177 860 2217 crepitu

174 2240 357 2266 armorum
374 2226 454 2262 vide
470 2226 515 2262 ad
530 2227 547 2262 I
562 2254 572 2272 ,
596 2228 667 2271 143.
685 2245 729 2253 —
742 2228 864 2262 Pha-bi

172 2284 303 2324 Imago,
314 2279 467 2314 Phoebus
476 2279 546 2323 „sol
558 2292 621 2325 per
633 2286 750 2315 totum>
759 2278 859 2314 illum

172 2346 308 2368 annum
323 2332 483 2379 pallidior
490 2334 592 2370 solito
602 2334 689 2375 suin
702 2334 795 2369 Plin.
807 2334 856 2378 II,

173 2387 237 2428 3o;
252 2386 482 2431 Plutarchus,
500 2388 535 2422 in
552 2388 650 2423 Julio
668 2387 758 2424 Caes.
773 2395 859 2423 extr.

218 2441 292 2487 789.
309 2442 453 2484 Fer-rugo
469 2440 581 2485 poetis
602 2440 757 2476 tenebrae
770 2466 779 2484 ,
800 2454 860 2475 ca-

171 2491 242 2538 ligo
260 2507 269 2534 3
296 2492 465 2538 Virgilius
491 2505 499 2527 :
526 2506 545 2522 «
570 2491 689 2538 Caput
714 2493 861 2528 obscura·

172 2559 192 2576 »
210 2545 364 2580 nitidum
392 2545 574 2591 ferrugine
599 2546 693 2580 texit.
718 2560 736 2576 »
768 2546 860 2581 Eam

171 2597 389 2644 ferruginem
414 2597 494 2633 solis
516 2597 698 2633 interdum
712 2624 721 2642 ‚
751 2598 860 2633 etiam

170 2649 277 2686 hodie
286 2677 296 2694 ,
309 2650 471 2686 efficiunt
484 2663 630 2696 vapores
641 2676 650 2694 ,
665 2650 789 2696 quibus
800 2664 860 2686 aer

173 2702 327 2747 repletus
345 2729 354 2747 ,
380 2702 439 2747 qui
467 2709 503 2737 et
525 2703 754 2748 sanguineam
777 2702 862 2738 red-

173 2752 265 2790 dunt
281 2754 412 2790 lunam.
426 2773 471 2780 -
486 2754 542 2789 De
560 2757 689 2791 bubone
708 2754 792 2794 vide
802 2768 861 2792 su-

177 2823 239 2856 pra
256 2810 299 2846 ad
315 2808 444 2846 librum
462 2811 516 2856 X,
534 2811 610 2856 453.

969 1660 1044 1695 79²·
1059 1648 1164 1689 Ebur,
1178 1653 1301 1681 statuae
1313 1646 1480 1680 eburneae
1491 1671 1500 1687 ,
1514 1656 1591 1690 quae
1603 1670 1612 1688 ,

924 1713 1035 1747 quum
1053 1706 1214 1745 tempore
1235 1699 1352 1746 pluvio
1374 1698 1528 1734 humidae
1550 1712 1614 1733 es-

922 1760 1015 1797 sent,
1026 1752 1220 1799 lacrymare
1231 1751 1614 1786 credebantur.——Can-

921 1811 978 1841 tus
988 1833 997 1846 ‚
1016 1818 1118 1840 voces
1130 1804 1225 1850 quasi
1237 1804 1377 1839 oraculo
1389 1803 1509 1847 editae,
1529 1815 1614 1848 qua-

922 1858 972 1893 les
993 1870 1083 1904 saepe
1102 1857 1229 1892 auditae
1241 1857 1336 1892 inter
1350 1855 1468 1891 omina
1484 1855 1612 1891 habita.

923 1911 977 1948 Ita
994 1911 1194 1945 Burmann.
1205 1917 1328 1945 contra
1347 1908 1611 1944 Broukhusium

923 1963 983 2010 qui
1001 1963 1173 2006 malebat,
1184 1965 1347 2006 planctus
1358 1973 1370 2004 ,·
1381 1962 1488 2008 ·Virg.
1501 1976 1518 1992 «
1531 1963 1613 1996 Vox

924 2031 943 2048 ,ι
962 2029 1102 2062 quoque
1120 2029 1184 2061 per
1210 2015 1304 2051 lucos
1327 2014 1432 2060 vulgo
1452 2014 1613 2049 exaudita

927 2084 945 2101 ι»
963 2068 1105 2104 silentes
1116 2069 1257 2115 Ingens.
1273 2083 1291 2098 »ι
1310 2067 1490 2103 Tibullus:
1508 2082 1526 2098 «
1545 2068 1612 2102 Lu-

924 2137 944 2154 »
963 2135 1021 2158 cos
1035 2121 1255 2168 praecinuisse
1274 2121 1408 2167 fugam.
1423 2135 1442 2151 »

971 2176 1045 2223 794.
1057 2176 1191 2216 Liture,
1211 2173 1246 2209 id
1262 2180 1330 2218 est,
1342 2174 1438 2210 Deos
1452 2173 1586 2220 placare
1601 2199 1611 2217 ,

925 2229 1093 2265 dicuntur
1109 2236 1144 2264 et
1161 2228 1342 2272 homines,
1361 2235 1397 2263 et
1412 2228 1562 2262 victimae
1577 2235 1615 2262 et

927 2295 995 2318 arae
1008 2297 1016 2325 ;
1031 2281 1110 2316 vide
1120 2280 1362 2316 Schwarzium
1374 2280 1417 2316 ad
1430 2280 1522 2317 Plin.
1534 2292 1617 2326 pan.

924 2347 999 2380 cap.
1012 2335 1371 2369 52.-F1'bm...cxt1's.
1388 2332 1487 2378 Virg.
1502 2347 1519 2363 «
1537 2333 1612 2368 Nec

926 2402 945 2419 »τ
967 2395 1127 2433 tempore
1143 2386 1271 2422 eodem
1287 2387 1461 2422 Tristibus
1478 2393 1537 2421 aut
1554 2399 1616 2421 ex··

927 2455 946 2472 υ
965 2440 1008 2475 tis
1030 2440 1128 2475 fibrae
1155 2439 1323 2485 adparere
1350 2439 1515 2474 minaces.
1536 2453 1554 2470 »
1569 2457 1613 2465 —

930 2494 1055 2537 Caput,
1075 2491 1144 2527 scil.
1165 2499 1327 2527 extorum
1342 2519 1350 2535 ‚
1370 2491 1464 2537 quod
1491 2504 1612 2526 coesum

925 2546 1045 2582 cultro,
1066 2544 1252 2580 victimarii
1277 2545 1359 2579 mali
1381 2545 1510 2580 ominis
1526 2552 1612 2580 erat.

927 2598 1066 2642 Livius,
1080 2598 1193 2642 VIII,
1213 2611 1258 2645 9:
1277 2613 1294 2628 «
1315 2598 1428 2634 Decio
1441 2605 1543 2645 caput
1559 2599 1605 2643 je-

929 2665 948 2682 »
967 2650 1096 2687 cinoris
1119 2664 1139 2686 a
1170 2650 1334 2686 familiari
1359 2658 1458 2697 parte
1483 2663 1611 2686 caesum

928 2718 947 2735 n
966 2717 1113 2750 aruspex
1122 2703 1249 2739 dicitur
1261 2704 1452 2739 ostendisse
1463 2730 1472 2747 ,
1484 2702 1618 2749 alioqui

928 2773 947 2791 »
967 2765 1143 2805 acceptam
1158 2758 1235 2794 Diis
1251 2759 1400 2794 hostiam
1417 2772 1501 2794 esse.
1517 2774 1534 2789 n

962 2823 1035 2859 797.
1047 2813 1237 2848 Noclamos
1247 2814 1399 2847 ululasse
1407 2823 1521 2846 canes.
1534 2810 1616 2845 Vir·
