1820 3106
276 219 363 264 368

636 224 688 266 P.
727 224 973 270 OVIDII
1007 227 1324 276 NASONIS

276 314 370 362 Ora
390 331 520 372 son03
542 333 681 381 neque
706 315 831 365 abest
854 317 1050 368 facundis
1075 322 1210 384 gratia
1236 323 1390 372 dictis:

279 410 302 430 «
331 389 378 436 Si
401 408 495 438 mea
516 409 612 439 cum
633 391 789 440 vestris
808 392 1044 443 valuissent
1064 409 1163 445 vota
1176 434 1188 455 ,
1212 398 1407 461 Pelasgi,

273 467 376 514 Non
396 466 508 514 foret
530 468 762 531 ambiguus
789 471 899 519 tanti
922 473 1168 523 certaminis
1190 474 1351 533 haeres;

273 542 429 607 Tuque
453 541 540 589 tuis
564 544 693 592 armis
709 581 721 601 ,
747 564 828 593 nos
855 556 895 593 te
917 559 1190 613 poteremur,
1215 550 1416 599 Achille!

1621 569 1684 602 130

272 618 417 681 Quem
441 619 648 685 quoniam
669 640 759 669 non
785 633 907 688 aequa
928 624 1036 672 mihi
1057 625 1271 692 vobisque
1292 639 1509 690 negarunt

270 697 373 743 Fata
398 690 644 762 (manuque
668 698 799 746 simul
824 699 956 748 veluti
980 700 1259 767 lacrymantia
1284 704 1409 752 tersit

269 773 510 835 Lumina);
533 774 632 840 quis
655 794 813 839 magno
836 776 992 825 melius
1017 778 1219 827 succedat
1241 780 1430 840 Achilli,

270 850 416 913 Quam
440 868 520 915 per
546 870 676 917 quem
697 871 881 915 magnus
904 853 1067 902 Danais
1090 855 1297 903 successit
1318 856 1544 908 Achilles?

267 927 385 975 Huic
404 928 536 976 modo
552 948 606 977 ne
623 930 790 996 prosit,
814 930 933 996 quod
945 968 956 988 ,
976 943 1025 978 ut
1040 943 1106 979 est
1119 969 1130 990 ,
1152 931 1286 980 hebes
1301 952 1392 982 esse
1406 935 1598 997 videtur3
1618 951 1680 986 135

266 1008 384 1055 Neve
408 1007 518 1055 mihi
541 1019 719 1066 noceat,
744 1009 866 1074 quod
890 1009 1018 1057 vobis
1043 1028 1236 1076 semper,
1262 1011 1446 1072 Achivi,

266 1084 442 1132 Profuit
465 1084 688 1147 ingenium
709 1105 718 1132 :
740 1091 921 1152 meaque
942 1086 1033 1134 haec
1056 1086 1257 1136 facundia
1271 1125 1283 1146 ,
1307 1089 1344 1137 si
1368 1108 1454 1156 qua
1476 1086 1570 1150 est,

267 1161 380 1224 Quae
404 1180 520 1209 nunc
541 1181 623 1228 pro
648 1161 825 1210 domino
839 1200 850 1220 ,
874 1182 957 1229 pro
980 1163 1105 1212 vobis
1129 1172 1246 1231 saepe'
1266 1164 1412 1216 locuta
1432 1179 1522 1227 est,

264 1238 435 1287 Invidia
457 1250 598 1287 careat
619 1257 629 1285 :
653 1238 772 1287 bona
793 1258 873 1287 nec
897 1258 974 1288 sua
997 1241 1182 1308 quisque
1203 1255 1385 1293 recuset.

263 1378 377 1421 Neque
391 1379 488 1411 abest
501 1383 564 1411 etc.
579 1378 804 1412 Burmannus
819 1384 934 1423 putat,

263 1427 335 1462 haec
351 1440 369 1461 a
386 1428 569 1472 Propertio
582 1453 591 1470 ,
610 1429 626 1462 I
637 1454 646 1470 ‚
661 1439 709 1470 11,
730 1441 789 1475 29,
806 1436 935 1463 sumta:

262 1493 324 1514 nec
336 1482 426 1514 desit
429 1480 593 1523 jucundis
604 1483 716 1523 gratia
731 1483 858 1524 verbis;
873 1481 936 1514 ita-

263 1544 329 1577 que
341 1539 375 1566 et
384 1531 430 1565 ibi
444 1531 540 1564 malit
546 1531 711 1575 facundis
721 1544 732 1565 .·
741 1532 812 1565 sine
826 1545 935 1567 causa.

261 1583 404 1617 -Dicit
422 1589 538 1616 autern
551 1582 691 1629 Ulysses
707 1583 862 1617 oratione
878 1597 935 1617 se—

260 1635 382 1679 quenti
396 1634 603 1679 composite,
622 1633 800 1668 moderate
813 1660 822 1677 ,
842 1634 934 1668 calli-

259 1686 322 1730 de,
340 1693 375 1721 et
393 1687 453 1721 ubi
475 1686 589 1731 Aiacis
611 1686 780 1728 nonnulla
803 1694 837 1721 et
857 1687 932 1721 cri-

258 1739 354 1776 mina
365 1746 401 1773 et
411 1745 615 1783 argumenta
624 1738 740 1782 diluit,
758 1751 862 1783 opera
871 1751 932 1773 sua

257 1790 405 1825 mirifice
423 1796 572 1824 enarrat.

304 1844 377 1877 128.
390 1844 512 1877 Simea
526 1855 599 1877 cum
616 1845 736 1876 vestris·
753 1848 816 1877 etc.
837 1842 932 1876 Inci-

257 1895 307 1939 pit
318 1907 399 1928 cum
410 1894 468 1939 pio
479 1901 560 1928 voto
569 1920 578 1937 ,
595 1893 657 1928 sibi
671 1901 706 1928 et
718 1894 930 1928 auditoribus

256 1946 457 1989 communi,
477 1945 582 1990 idque
599 1945 687 1979 fictis
708 1945 794 1979 adeo
812 1946 930 1992 lacry—

255 2000 321 2034 mis
336 1999 530 2033 confirmat.
547 2017 590 2023 —
613 2000 808 2033 Valuissent
825 2006 925 2041 vota‚·

254 2051 333 2085 vide
349 2051 392 2085 ad
408 2064 456 2085 vs.
471 2050 759 2098 89.——Nonforet.
768 2077 791 2085 ..
802 2052 904 2085 haeres
916 2078 925 2092 ‚

254 2116 327 2138 non
354 2103 606 2147 ambigeretur,
638 2102 712 2146 quis
739 2102 928 2146 possideret

252 2157 309 2190 itta
325 2168 421 2190 arma
434 2181 443 2197 ,
468 2154 511 2188 de
528 2153 651 2198 quibus
665 2153 736 2197 jam
752 2162 924 2198 certatur,

254 2219 405 2252 quorum
414 2205 522 2240 haeres
530 2205 617 2249 Aiax
627 2218 698 2240 esse
709 2217 834 2250 magna
845 2217 925 2239 con-

252 2260 410 2295 tentione
428 2258 512 2292 vult.
526 2276 570 2284 —-
582 2260 769 2291 Poteremur
783 2257 924 2302 antique

251 2325 337 2358 pro,
356 2311 558 2355 pottremum·
584 2310 662 2344 vide
685 2310 870 2344 Heinsium
889 2316 925 2343 et

251 2365 499 2399 Burmannum
510 2375 518 2397 ε
526 2365 633 2405 potiri
641 2374 736 2396 nunc
744 2387 753 2405 ,
769 2362 838 2404 uti,
851 2374 925 2406 pos·

251 2416 374 2451 sidere.
382 2415 541 2458 —Tuque
556 2417 623 2449 tuis
634 2439 641 2446 .
650 2439 658 2447 .
669 2440 677 2447 .
689 2413 843 2448 Achille!
861 2413 923 2447 hac

253 2466 458 2513 apostrophe
486 2466 618 2500 animos
649 2465 846 2500 auditorum
880 2465 922 2499 ad

252 2520 376 2554 fletum
392 2519 543 2554 inclinat.
559 2520 623 2553 Ed.
636 2520 809 2552 —Melius
819 2545 826 2558 ,
845 2531 923 2552 me-

251 2571 336 2606 liore
353 2572 440 2615 jure.
467 2571 598 2615 Tanaq.
615 2570 728 2604 Faber
742 2570 922 2605 neminem

252 2632 375 2658 natum
394 2624 623 2658 arbitrabatur
638 2650 647 2667 ,
671 2636 690 2657 a
714 2636 783 2668 quo
807 2623 922 2658 doceri

251 2683 363 2720 posset
377 2701 386 2718 ‚
404 2675 487 2721 quid
497 2675 559 2709 sibi
570 2674 636 2710 hoc
650 2674 769 2718 vellet,
787 2676 923 2709 Danais

250 2730 412 2762 successit
429 2727 580 2761 Achilles
589 2752 601 2768 ,
630 2726 746 2772 itaque
770 2726 922 2771 corrige·-

999 1381 1058 1416 bat
1068 1408 1080 1426 ‚
1102 1386 1265 1426 accen-,125
1276 1390 1314 1418 at
1328 1383 1425 1418 facile
1443 1383 1559 1419 doceri
1573 1391 1675 1430 pote·

998 1440 1071 1476 rat,
1088 1436 1261 1469 succedere
1275 1435 1404 1470 centies
1418 1436 1501 1480 poni
1514 1448 1578 1482 pro
1589 1462 1599 1478 ,
1616 1449 1675 1472 ac-

999 1484 1122 1519 cedere
1134 1500 1141 1525 ;
1156 1486 1255 1520 obvia
1268 1487 1364 1521 enim
1373 1495 1457 1523 sunt
1468 1488 1524 1522 illa
1533 1514 1542 1532 ,
1554 1501 1673 1523 succe-

997 1538 1074 1569 dere
1087 1543 1198 1577 antro,
1217 1551 1325 1579 muro,
1345 1542 1436 1582 urbt';
1453 1547 1488 1574 et
1499 1540 1575 1583 XI,
1592 1542 1670 1584 142,

996 1589 1170 1621 succedere
1181 1601 1275 1631 aquoe
1291 1602 1301 1622 :
1318 1589 1423 1634 igitur
1442 1597 1477 1624 et
1495 1603 1591 1626 nunc
1607 1591 1672 1626 in-

996 1637 1098 1682 tellig.
1116 1650 1185 1682 quo
1201 1646 1340 1673 auctore
1360 1653 1511 1674 numero
1528 1641 1672 1677 Graeco-

996 1701 1076 1722 rum
1084 1690 1220 1724 accessit
1229 1690 1387 1726 Achilles.
1397 1692 1443 1726 Et
1450 1692 1492 1726 de
1500 1693 1670 1729 industria

995 1741 1062 1776 hoc
1077 1741 1171 1776 idem
1186 1743 1332 1777 verbum
1355 1745 1542 1790 repetitum
1557 1771 1568 1790 ,
1588 1747 1669 1792 quia

994 1793 1090 1837 quasi
1106 1794 1176 1827 vim
1191 1795 1388 1839 argumenti
1402 1795 1515 1831 habet.

1043 1846 1113 1879 135.
1122 1847 1215 1880 Huic
1229 1849 1326 1880 modo
1336 1854 1400 1881 etc.
1410 1847 1488 1882 vide
1501 1847 1543 1882 ad
1556 1861 1603 1883 vs.
1614 1848 1667 1893 34.

993 1898 1158 1930 —Hebes
1171 1924 1179 1937 ,
1207 1897 1389 1932 destitutus
1410 1901 1560 1941 ingenio,
1586 1898 1619 1933 h.
1635 1912 1667 1934 e.

993 1947 1178 1992 prudentia
1190 1955 1224 1982 et
1233 1948 1391 1985 facundia
1401 1975 1411 1993 ,
1424 1961 1527 1994 quam
1538 1957 1667 1985 utram-

993 2012 1059 2044 que
1069 1999 1233 2034 virtutem
1244 2000 1376 2048 Ulyssis
1382 2009 1557 2045 spreverat
1568 2002 1665 2047 Aiax.

991 2068 1035 2076 ·-
1061 2053 1216 2093 Vadam,-
1243 2064 1333 2086 unus
1354 2052 1454 2086 Basit.
1477 2055 1576 2087 hebes
1591 2067 1666 2089 esse

981 2101 1127 2144 fatelur‚
1143 2109 1181 2136 ut
1191 2103 1234 2137 sit
1246 2103 1408 2148 graecism.
1420 2116 1525 2149 quem
1539 2105 1663 2141 Heius.

989 2155 1153 2199 illustrat,
1172 2163 1207 2190 et
1223 2157 1329 2201 qualis
1343 2170 1423 2191 mox
1439 2171 1470 2192 v.
1492 2159 1551 2201 142
1568 2171 1577 2193 ε
1593 2166 1661 2193 ret-

988 2210 1067 2241 tulit
1078 2221 1150 2242 esse
1165 2210 1262 2243 Jovis
1272 2222 1445 2254 pronepos.
1467 2210 1568 2256 Regii
1585 2210 1662 2247 cod.

988 2261 1118 2293 videtur
1127 2271 1139 2301 ,·
1165 2259 1225 2293 sed
1247 2272 1342 2304 paene
1366 2262 1505 2296 mallem
1521 2262 1661 2306 fatetur.

990 2310 1198 2346 Ed.—·Itlam
1214 2320 1331 2348 autem
1347 2314 1542 2348 facundiam
1554 2315 1661 2361 Ulys-

987 2375 1040 2396 ses
1059 2369 1094 2396 et
1118 2363 1281 2408 praeclare
1305 2365 1529 2400 commendat
1546 2379 1555 2400 :
1573 2367 1666 2410 quod

987 2417 1082 2450 vobis
1095 2428 1223 2459 semper
1229 2416 1359 2459 profuit
1368 2443 1376 2456 ,
1399 2430 1468 2461 qua·
1481 2430 1544 2460 pro
1563 2420 1660 2451 vobis·

986 2479 1071 2509 serpe
1085 2469 1198 2500 locuta
1210 2473 1277 2507 est,
1298 2474 1332 2501 et
1348 2467 1503 2502 modeste
1517 2494 1526 2511 ,
1544 2472 1580 2502 si
1591 2482 1658 2514 qua

986 2524 1052 2559 est,
1072 2527 1147 2554 tum
1162 2545 1171 2563 ‚
1195 2523 1282 2554 bona
1299 2533 1359 2554 nec
1376 2534 1440 2555 sua
1462 2521 1479 2567 (
1494 2534 1570 2566 quae
1586 2523 1656 2568 ipse

986 2570 1048 2605 sibi
1059 2571 1166 2615 fecit,
1187 2571 1337 2616 paravit,
1358 2585 1431 2606 non
1453 2580 1568 2608 autem
1585 2587 1656 2608 na-

985 2629 1063 2657 tura
1076 2623 1107 2657 ei
1123 2624 1267 2665 tribuit)
1281 2628 1415 2670 quisque
1430 2626 1655 2672 (quisquam)

985 2683 1125 2716 recuset,
1143 2683 1277 2711 recuset
1295 2677 1335 2712 iis
1354 2678 1415 2712 uti.
1433 2697 1477 2704 -
1491 2681 1656 2714 Dominus

975 2726 1168 2771 facundie,
1186 2734 1225 2762 ut
1240 2731 1392 2763 dominus
1411 2733 1494 2765 artis
1513 2731 1549 2772 I,
1569 2732 1631 2773 524
1642 2756 1651 2773 ‚
