1820 3106
1141 232 1587 251 mmmmm

372 347 447 416 P.
503 274 853 415 OVIDII
908 269 1350 415 NASONIS

185 464 1514 630 ‘METAMORPHOSEON

500 673 756 732 LIBER
803 674 1222 732 DECIMUS.

220 1000 275 1040 N.
299 998 353 1038 B.
379 999 667 1055 Argumentum
694 1000 810 1055 hujus
850 1000 959 1041 Libri
993 1001 1130 1043 decimi
1162 1003 1532 1057 Metamorphoseon
1558 1034 1572 1054 ‚

148 1071 311 1112 relatum
331 1071 504 1113 invenies
524 1073 564 1112 in
585 1073 682 1113 serie
710 1073 902 1114 CANTERI
921 1103 934 1125 ‚
960 1074 1077 1115 Tom.
1109 1075 1171 1114 111
1188 1104 1200 1126 ‚
1218 1089 1304 1130 pag.
1324 1073 1393 1130 39.

151 1269 265 1318 ΕΑΒ.
287 1269 323 1317 Ι.
351 1247 510 1318 INDE
533 1289 614 1338 per
636 1271 899 1320 immensum
924 1289 1080 1319 croceo
1104 1269 1273 1319 velatus
1297 1270 1460 1319 amictu

151 1348 268 1396 Aera
288 1346 561 1411 digreditur,
588 1348 894 1416 Ciconumque
920 1349 1185 1416 Hymenaeus
1209 1348 1265 1396 ad
1290 1367 1390 1398 oras

151 1425 341 1486 Tendit,
367 1437 412 1476 et
437 1426 622 1494 Orphea
646 1427 943 1494 nequicquam
961 1446 1067 1476 voce
1090 1438 1289 1476 vocatur.

200 1555 298 1591 1-85.
315 1556 466 1601 Orpheus
475 1557 668 1604 Eutydtkcn
679 1584 687 1598 ‚
701 1569 843 1603 serpen·

151 1609 196 1645 tis
217 1622 359 1645 veneno
385 1610 608 1645 interfectam
623 1637 632 1655 ‚
659 1611 702 1646 ab
722 1611 844 1647 inseris

151 1659 395 1696 reducendam
406 1661 575 1708 impetrat
584 1675 625 1697 ea
636 1663 711 1709 lege
725 1689 734 1707 ,
752 1664 780 1698 si
794 1677 844 1699 se-

153 1723 324 1762 quentem
335 1730 410 1753 non
422 1717 594 1763 respiciat.
608 1718 719 1764 Quod
731 1732 843 1764 quum

155 1781 277 1805 amans
294 1770 426 1805 faceret
437 1797 447 1814 ‚
464 1770 521 1805 ina
536 1769 580 1804 ad
596 1770 728 1806 inferos
744 1771 843 1805 rela-

154 1822 270 1866 bitur;
285 1822 456 1870 Orpheus
466 1831 586 1859 autem
596 1851 606 1868 ‚
619 1832 737 1871 spreta
752 1838 843 1860 mu-

154 1874 249 1911 lieris
268 1876 527 1912 consuetudine
541 1904 551 1921 ‚
578 1890 707 1923 pueros
726 1891 844 1913 amare

157 1928 339 1965 Thracum
354 1931 502 1977 populos
514 1931 636 1973 ‹locet;
656 1932 823 1978 Virgilius
833 1960 843 1977 ‚

156 1981 287 2028 Georg.
303 1982 371 2028 lv,
384 1985 450 2027 454
458 1996 532 2030 sqq.
543 1998 552 2026 ;
564 1983 700 2019 Seneca
710 2011 720 2030 ‚
736 1985 846 2021 Herc.

157 2035 243 2070 Fur.
270 2035 358 2083 5693
388 2036 496 2072 Herc.
530 2037 607 2072 (Εἰ.
632 2038 715 2072 1031
741 2051 818 2084 sqq.
836 2053 846 2081 ;

160 2087 294 2123 Athen.
309 2089 404 2124 XIII
416 2115 426 2134 ,
445 2103 477 2135 p.
491 2093 553 2138 597
570 2117 579 2134 ,
599 2090 660 2125 ubi
671 2091 794 2137 fragm.
807 2105 849 2126 ex

112 2164 114 2167 -
161 2139 267 2186 elegis
285 2141 587 2178 Hermesianactis
600 2169 610 2187 ,
626 2143 788 2189 Apollod.
807 2144 824 2179 I
837 2169 847 2188 ,

162 2201 209 2226 111
224 2218 233 2235 ,
253 2206 284 2226 2.
309 2193 474 2240 Hyginus
487 2220 496 2238 ,
522 2195 590 2230 sab.
617 2195 689 2239 164.
708 2196 848 2241 Nempe

162 2250 304 2278 mortua
328 2245 479 2290 conjuge
508 2245 673 2281 Aornum
691 2273 700 2291 ,
727 2246 850 2282 Thes-

163 2298 287 2343 protiae
310 2298 437 2333 urbem
453 2322 463 2340 ,
486 2299 546 2334 ubi
569 2300 851 2345 antiquissimum

162 2351 389 2395 νεκυομάντεισν
406 2376 416 2395 ,
439 2352 616 2397 profectus
639 2365 712 2388 esse
732 2352 851 2388 tradi-

164 2409 224 2437 tur
238 2429 248 2447 ‚
273 2404 333 2437 ubi
353 2403 548 2451 Eurydices
565 2404 720 2439 animam
735 2418 771 2440 se
788 2418 852 2440 se—

165 2462 336 2499 quentem
354 2455 475 2491 videre
492 2456 555 2491 sibi
571 2457 664 2491 visus
679 2465 732 2492 est
746 2471 756 2492 .·
772 2457 852 2492 vide

166 2508 317 2544 Pausan.
329 2509 443 2544 Boeot.
454 2523 486 2555 p.
501 2510 574 2555 768.
585 2510 682 2544 Hinc
692 2517 775 2545 nata
785 2511 854 2545 sor-

166 2567 254 2595 tasse
271 2562 397 2596 sabula.
414 2581 456 2589 -·
474 2563 696 2610 Hymenaeus
711 2576 730 2597 e
744 2561 855 2598 Creta

167 2612 210 2646 ab
223 2611 356 2657 Iphidis
369 2614 499 2659 nuptiis
511 2622 653 2651 vocatus
664 2613 855 2659 proficisci-

168 2672 227 2700 tur
244 2665 287 2700 ad
306 2665 468 2711 Orpheas
484 2667 521 2701 in
539 2666 738 2701 Thraciam.
758 2668 860 2702 Croci

137 2711 143 2717 .
169 2731 251 2753 usus
276 2719 381 2754 etiam
405 2719 442 2754 in
467 2721 629 2755 tincturis
651 2728 749 2763 erat,
772 2719 855 2755 hinc

169 2771 349 2816 infectores
359 2778 542 2809 crocotarz'i
549 2773 640 2819 apud
652 2774 765 2809 Plaut.
774 2772 855 2809 Aul.

910 1558 966 1594 III
985 1584 995 1602 ,
1026 1560 1057 1592 5.
1087 1559 1234 1593 Croceus
1259 1559 1404 1592 amictus
1429 1556 1598 1592 tribuitur

908 1613 1014 1647 etiam
1027 1611 1167 1646 Baccho
1179 1638 1188 1655 ,
1207 1611 1341 1646 Athen.
1352 1611 1400 1654 V,
1413 1623 1446 1656 p.
1462 1613 1524 1659 198
1535 1637 1545 1654 ‚
1563 1618 1599 1645 et

909 1664 1047 1700 Veneri
1062 1691 1071 1708 ,
1095 1664 1214 1699 Valer.
1232 1664 1345 1700 Flacc.
1363 1663 1480 1706 VIII,
1508 1665 1572 1708 234
1589 1677 1597 1699 ε

906 1719 987 1755 vide
1005 1719 1150 1755 Salmas.
1177 1718 1220 1753 ad
1241 1718 1377 1754 Tertul.
1399 1717 1442 1752 de
1466 1718 1596 1762 Pallio,

908 1786 942 1818 p.
954 1772 1029 1820 329.
1047 1771 1095 1806 Et
1112 1771 1139 1806 is
1155 1771 1252 1806 color
1264 1771 1431 1806 convenit
1448 1770 1575 1804 laetitiae
1586 1796 1596 1814 ,

909 1825 1041 1870 nuptiis
1063 1825 1101 1859 in
1124 1824 1256 1869 primis.
1283 1823 1469 1858 Claudian.
1487 1824 1598 1868 Nupt.

911 1878 1053 1912 Honor.
1068 1891 1085 1911 2
1093 1891 1105 1911 1
1116 1891 1141 1912 1.
1151 1877 1349 1920 Hincflava
1360 1876 1518 1921 conjugio
1529 1878 1599 1910 vin·

910 1935 1114 1977 culaporlat
1129 1932 1255 1966 Amor:
1266 1929 1383 1965 Tibul.
1399 1930 1435 1965 II
1449 1955 1458 1972 ,
1477 1940 1526 1972 11,
1551 1929 1601 1963 18.

911 1989 1116 2027 —Velolas,
1131 1986 1288 2028 vestitus;
1299 1984 1361 2020 sed
1371 1984 1495 2019 maluit
1503 1983 1601 2026 illud,

914 2039 996 2085 quia
1025 2042 1172 2074 amictus
1205 2038 1312 2073 laxius
1339 2037 1604 2072 vestimentum.

914 2092 1054 2137 Nempe
1071 2093 1172 2135 palla
1190 2090 1288 2126 intel.
1304 2103 1381 2136 quae
1402 2090 1603 2137 Hymenaeo

915 2142 1065 2179 Heroid.
1080 2143 1169 2179 XXI
1181 2170 1190 2188 ,
1210 2143 1269 2178 152
1282 2169 1292 2187 ‚
1307 2142 1484 2177 tribuitur.
1495 2159 1539 2167 -—-
1550 2143 1619 2176 ln-'

915 2202 972 2230 ter
996 2197 1137 2231 Cicones
1155 2221 1164 2236 ‚
1197 2195 1358 2230 Thraciae
1386 2201 1530 2240 gentem
1560 2191 1604 2226 ad

917 2247 1083 2282 Hebrum
1094 2247 1230 2283 flumen
1245 2274 1254 2291 ,
1268 2246 1352 2281 vixit
1371 2246 1538 2292 Orpheus
1548 2270 1557 2286 ,
1569 2250 1606 2278 et

917 2314 936 2335 a
947 2301 1152 2336 mulieribus
1162 2314 1289 2336 eorum
1296 2300 1487 2346 discerptus
1499 2304 1606 2332 est.—

916 2354 1144 2399 Nequicquam
1159 2353 1341 2399 quomodo
1358 2365 1455 2386 nunc
1468 2349 1607 2384 intelli—

918 2406 1076 2451 gendum
1091 2407 1159 2450 sit,
1178 2413 1282 2452 poeta
1306 2406 1377 2450 ipse
1396 2416 1475 2437 mox
1491 2401 1604 2436 docet.

918 2459 1004 2493 Sine
1022 2460 1138 2494 fructu
1158 2459 1291 2493 vocavit
1309 2458 1428 2492 Deum
1441 2483 1450 2497 ,
1470 2462 1509 2489 ut
1525 2454 1607 2489 nul-

918 2511 993 2545 lum
1005 2511 1087 2546 inde
1099 2512 1380 2547 emolumentum
1390 2508 1608 2543 redundaret

920 2564 963 2598 ad
980 2564 1186 2609 conjugium
1203 2575 1308 2598 suum
1332 2575 1340 2596 ε
1364 2561 1443 2596 vide
1464 2560 1506 2595 ad
1530 2561 1583 2596 lx
1597 2587 1608 2604 ,

922 2619 996 2664 295.
1024 2617 1096 2651 Pro
1125 2622 1264 2660 rogatur
1278 2626 1287 2656 ρ
1315 2613 1410 2660 quod
1435 2614 1612 2649 Burman.

920 2670 1091 2714 xoemyosswu
1118 2667 1251 2703 vitandi
1277 2679 1378 2702 causa
1397 2680 1416 2701 e
1448 2681 1485 2701 12
1511 2666 1611 2701 MSS

921 2721 1053 2766 recepit
1064 2747 1074 2764 ,
1093 2720 1333 2756 revocavimus
1349 2726 1501 2755 vocatur.
1519 2720 1615 2754 Ete-

924 2773 1003 2807 nim
1017 2786 1141 2808 vocare
1151 2774 1263 2809 Deum
1279 2775 1331 2809 ad
1342 2786 1460 2815 sacra,
1481 2775 1532 2808 ad
1539 2785 1626 2817 nup-
