1820 3106
272 335 359 391 438

635 340 688 382 P.
731 339 975 384 OVIDII
1017 340 1320 387 NASONIS

273 431 364 478 Ora
388 442 591 497 proterva
615 450 801 480 canum:
825 433 901 482 sed
925 451 1043 500 quos
1057 435 1195 499 fugit,
1216 436 1411 486 adtrahit
1433 458 1550 488 una·
1540 477 1550 497 ‚

271 508 333 555 Et
355 527 517 574 corpus
543 528 741 575 quaerens
765 509 1007 570 femorum,
1033 531 1327 600 crurumque,
1351 515 1603 584 pedumque
1618 555 1630 577 ,

274 585 517 632 Cerbereos
540 585 678 633 rictus
699 605 782 652 pro
804 588 1043 653 partibus
1030 590 1199 638 lnvenit
1223 590 1341 639 illis:
1653 609 1698 643 65

271 662 455 728 Statque
480 682 636 711 canum
660 664 830 724 rabies,
857 666 1140 733 subjectaque
1163 679 1284 731 terga
1303 668 1493 718 ferarum

268 740 538 803 Inguinibus
563 743 756 799 truncis,
782 756 998 810 uteroque
1023 757 1244 803 exstante,
1270 759 1454 796 coercet.

337 817 479 866 Flevit
502 839 649 868 amans
676 821 868 870 Glaucus
887 841 897 879 3
921 822 1195 888 nimiumque
1215 823 1442 874 hostiliter
1462 844 1551 874 usae

268 899 452 947 Viribus
475 899 710 949 herbarum
732 900 847 962 fugit
873 900 1099 948 connubia
1122 901 1283 949 Circes.

270 974 412 1042 Scylla
436 975 534 1024 loco
562 977 724 1024 mansit
745 996 754 1025 :
782 998 1008 1044 quumque
1029 990 1097 1027 est
1120 979 1220 1028 data
1243 979 1371 1046 copia
1395 980 1614 1046 primum,
1652 1006 1698 1043 7⁰

266 1053 319 1098 In
345 1051 497 1100 Circes
521 1052 672 1100 odium
695 1052 827 1101 sociis
852 1054 1059 1120 spoliavit
1083 1054 1258 1115 Ulixen.

268 1128 378 1175 Mox
401 1128 550 1176 eadem
572 1130 763 1178 Teucras
785 1130 931 1178 fuerat:>
949 1151 1144 1180 mersura
1168 1132 1334 1181 carinas
1350 1170 1363 1190 ,

265 1204 324 1251 Ni
347 1203 471 1269 prius
496 1206 540 1251 in
562 1205 821 1271 scopulum,
847 1207 924 1272 qui
948 1227 1066 1256 nunc
1092 1228 1269 1275 quoque
1294 1226 1449 1257 saxeus
1473 1220 1641 1266 exstat,

265 1282 307 1328 T
306 1283 597 1331 ransformata
621 1285 736 1332 foret
756 1304 765 1332 :
791 1286 1025 1352 scopulum
1046 1306 1223 1353 quoque
1247 1287 1392 1335 navita
1415 1287 1536 1352 vitat.

329 1359 388 1405 II.
416 1360 541 1406 Hanc
562 1359 642 1407 ubi
665 1361 868 1425 Trojanae
890 1362 1020 1410 remis
1035 1401 1046 1421 ‚
1070 1363 1332 1429 avidamque
1354 1362 1614 1430 Charybdin
1649 1376 1693 1424 75
1759 1355 1764 1358 .

264 1435 445 1483 Evicere
466 1449 581 1485 rates
596 1474 607 1495 ‚
638 1458 774 1503 quum
795 1439 883 1502 jam
904 1459 1044 1507 prope
1067 1440 1172 1489 litus
1195 1441 1400 1490 adessent

265 1558 284 1575 »
302 1544 373 1579 heu
397 1546 578 1590 pertimuit
604 1545 765 1581 latratus!
793 1562 809 1577 »
824 1567 866 1573 —
882 1549 954 1582 Sed

262 1611 344 1643 quos
351 1598 450 1642 sugit
464 1601 618 1633 adtrahit
630 1613 707 1633 una.
726 1600 946 1645 Schepperus

266 1651 408 1695 corrigit
421 1677 430 1693 ,
454 1654 516 1685 sed
522 1653 696 1696 qua-sugit
709 1655 862 1688 adtrahit
876 1667 946 1688 ora.

264 1703 362 1737 Bene
373 1710 490 1737 autem
503 1703 694 1748 quidquam
704 1712 826 1739 contra
837 1705 944 1740 codic.

263 1756 469 1790 novandum
479 1764 572 1791 vetat
584 1758 821 1792 Burmannus.
835 1760 946 1793 Ed.—

268 1810 394 1851 Corpus
395 1808 574 1852 femorum,
586 1807 944 1844 femora.—Jucunde

264 1873 412 1904 quaerens
430 1868 465 1895 et
480 1864 616 1895 invenit.

282 1917 287 1923 '
307 1913 361 1947 65.
387 1915 524 1958 Statque
542 1926 663 1948 canum
675 1940 682 1946 .
693 1940 701 1948 .
715 1940 723 1947 .
736 1921 873 1949 coercet.
895 1915 946 1949 Hi

264 1965 335 1999 duo
344 1978 463 1999 versus
474 1965 610 1999 mendis
622 1965 778 2001 laborare
790 1966 850 2001 visi
864 1974 947 2001 sunt

265 2017 434 2060 Heinsio,
455 2017 514 2062 qui
530 2018 658 2061 suasit,
675 2020 812 2063 Statque
827 2032 946 2054 canum

263 2073 367 2110 rabie,
392 2070 426 2105 h.
444 2084 472 2104 e.
490 2070 677 2105 inferiores
694 2078 808 2115 partes
827 2071 864 2106 in
882 2085 946 2106 ca—

263 2134 351 2156 num
370 2121 503 2156 rabiem
524 2129 708 2156 mutantur
731 2135 738 2156 :
756 2122 815 2157 sed
842 2131 945 2168 poeta

265 2174 332 2208 hoc
355 2173 500 2208 fortasse
518 2173 649 2216 voluit,
674 2180 740 2208 stat
758 2181 890 2208 mutata
908 2176 946 2209 in

263 2238 365 2260 canes
381 2225 540 2266 rabidos;
558 2225 594 2258 id
611 2232 650 2258 ut
666 2225 815 2270 graviter
831 2227 947 2270 expri-

264 2285 378 2311 meret
391 2304 399 2320 ‚
414 2278 451 2311 in
469 2277 635 2312 duritiem
651 2277 838 2322 quamdam
859 2279 947 2313 inci-

266 2329 333 2363 dit:
346 2329 433 2363 nihil
446 2342 529 2374 ergo
539 2336 685 2364 mutem.
699 2329 898 2364 Lactantius
908 2330 946 2364 in

264 2381 348 2426 Arg.
361 2388 456 2414 tenus
465 2384 552 2425 pube
568 2384 709 2415 canibus
723 2387 776 2416 est
790 2381 944 2426 efferata.

266 2433 365 2467 Idem
387 2432 575 2474 Heinsius,
601 2446 710 2477 quum
734 2445 798 2477 pro
821 2440 949 2467 coercet

262 2497 355 2519 unus
369 2484 526 2519 Patavin.
539 2491 574 2518 et
587 2485 702 2519 Jureti
713 2493 869 2531 excerpta
886 2500 945 2520 co-

263 2539 364 2571 haeret
386 2536 557 2571 haberent
572 2563 582 2579 ‚
603 2540 767 2571 coba-rent
788 2537 943 2582 scripsit;

265 2589 359 2634 quod
372 2589 458 2623 mihi
470 2590 572 2634 paulo
585 2589 780 2635 languidius
795 2590 943 2624 videtur.

267 2643 403 2676 Coercel
416 2642 630 2686 interpretor
643 2669 651 2685 ,
671 2641 920 2687 complectitur.

309 2708 325 2738 7
334 2707 360 2726 1.
389 2695 498 2728 Sociis
511 2698 669 2739 spoliavit
684 2696 814 2730 Ulixen.
831 2694 943 2742 Scylla

263 2758 320 2779 sex
331 2745 464 2792 Ulyssis
478 2747 586 2781 socios
603 2759 622 2781 e
641 2759 727 2781 nave
743 2746 941 2791 devoravit,

263 2809 476 2842 quamquam
503 2797 607 2832 Circe
632 2812 714 2833 eum
739 2799 941 2834 admonue-

233 2844 240 2847 “
259 2855 334 2893 rat,
354 2856 393 2884 ut
405 2849 468 2884 sibi
483 2856 618 2884 caveret
630 2849 670 2884 ab
686 2850 749 2885 hoc
760 2858 938 2894 monstr0;

1013 1550 1162 1583 Homer.
1177 1549 1247 1584 Od.
1258 1558 1288 1585 M
1300 1576 1309 1591 ,
1327 1551 1464 1585 85-100
1479 1557 1515 1585 et
1530 1551 1593 1594 245
1605 1563 1669 1595 sqq
1683 1564 1692 1592 ;

1013 1601 1111 1646 Virg.
1128 1601 1199 1635 Cir.
1213 1604 1263 1647 57.
1281 1602 1352 1636 Sed
1366 1603 1517 1645 AEneas,
1537 1603 1693 1638 monitus

1011 1653 1053 1687 ab
1074 1653 1214 1687 Heleno
1226 1680 1235 1696 ,
1252 1653 1343 1699 fugit
1355 1661 1540 1698 conspecta
1556 1654 1692 1702 Scylla;

1012 1705 1109 1750 Vir-g.
1127 1705 1210 1739 AEn.
1233 1706 1310 1748 111,
1328 1706 1403 1749 584.

1051 1772 1066 1802 7
1073 1762 1112 1792 5-
1120 1772 1131 1791 1
1138 1760 1189 1793 53.
1201 1760 1360 1801 Cercopes
1369 1764 1406 1792 et
1412 1759 1551 1804 Sybilla.
1559 1758 1693 1794 AEneas

1011 1823 1091 1844 cum
1107 1809 1170 1844 alia
1181 1810 1273 1853 loca,
1293 1818 1371 1845 tum
1385 1810 1586 1846 Pithecusas
1601 1823 1694 1856 prae-

1011 1868 1184 1897 tervectus
1196 1888 1205 1905 ,
1226 1862 1285 1896 ubi
1305 1862 1499 1907 Cei-copes,
1517 1876 1559 1897 ex
1573 1863 1693 1899 homi-

1010 1913 1114 1948 nibus
1126 1914 1162 1948 in
1178 1914 1292 1949 simias
1309 1915 1434 1949 mutati
1449 1940 1457 1957 ,
1475 1915 1619 1949 tandem
1634 1927 1694 1949 ac-

1011 1965 1103 2000 cedit
1131 1966 1173 1999 ad
1197 1966 1358 2010 Italiam,
1386 1973 1422 2000 et
1440 1969 1604 2012 'egressus
1627 1968 1700 2002 sub·

1012 2019 1254 2063 promontorio
1263 2019 1404 2053 Miseno
1415 2018 1637 2066 Sibylladuce
1648 2019 1691 2054 ad

1011 2069 1143 2104 inferos
1156 2070 1343 2105 descendit.
1363 2072 1405 2106 In
1421 2070 1547 2122 itinere
1560 2071 1692 2119 Sibylla

1011 2128 1144 2156 naturae
1157 2135 1228 2165 suae
1238 2122 1411 2157 rationem
1424 2123 1574 2168 exponit.
1589 2124 1691 2159 Pres-

1011 2187 1049 2208 so
1061 2174 1148 2218 pede
1164 2174 1351 2219 Virgilium
1366 2176 1543 2220 sequitur,
1561 2175 1621 2210 sed
1638 2174 1692 2209 fa-

1011 2226 1106 2259 bulas
1119 2225 1162 2259 de
1175 2225 1389 2271 Cercopibus
1398 2234 1433 2261 et
1445 2226 1584 2274 Sibyllae
1594 2227 1691 2261 viva-

1010 2276 1111 2310 citate
1127 2276 1266 2311 aliunde
1285 2278 1440 2313 inseruit.
1457 2298 1500 2304 —-
1515 2281 1618 2313 Hanc
1636 2282 1694 2314 ubi

1016 2328 1169 2369 Troiana·
1195 2335 1258 2363 etc.
1284 2329 1391 2364 Redit
1420 2330 1532 2375 oratio
1552 2356 1561 2373 ‚
1592 2330 1687 2364 unde

1010 2378 1121 2422 XIII,
1142 2380 1224 2424 730,
1245 2379 1396 2425 digressa
1414 2388 1498 2415 erat.
1517 2381 1688 2416 Reditum

1011 2432 1238 2466 commodum
1257 2445 1343 2466 vers.
1361 2446 1399 2478 72
1418 2435 1549 2467 Teucroe
1563 2437 1686 2468 carinae

1010 2484 1402 2528 praebent—Avidam,
1424 2485 1504 2529 quia
1525 2485 1684 2520 absorbet

1009 2548 1235 2581 quaecumque
1245 2536 1686 2581 appropinquante-Evin-

1008 2597 1100 2629 cunt,
1122 2597 1182 2623 aut
1197 2589 1340 2624 vincunt
1358 2589 1510 2635 pericula
1522 2616 1531 2634 ,
1557 2592 1616 2635 qui
1641 2603 1682 2626 ea

1008 2641 1185 2687 effugiunt
1195 2654 1203 2675 z
1213 2654 1362 2682 evasere,
1374 2642 1465 2686 quod
1479 2642 1582 2677 habet
1590 2655 1682 2677 unus

1008 2693 1136 2728 Sixian.
1155 2692 1225 2727 MS
1251 2700 1302 2727 est
1316 2706 1356 2727 ex
1371 2693 1678 2738 interpretatione3

1007 2746 1111 2781 etiam
1139 2747 1207 2781 XV
1222 2772 1231 2789 ,
1262 2747 1326 2793 706
1339 2773 1348 2790 ,
1373 2749 1518 2781 evincere
1530 2747 1680 2790 fretum,-

1005 2799 1084 2833 vide
1105 2799 1352 2834 But-mannum
1369 2798 1412 2832 ad
1431 2797 1547 2835 Valer.
1572 2798 1682 2833 Flac&

1008 2851 1087 2895 111,
1109 2852 1182 2895 482.
