1820 3106
288 242 347 285 66
665 243 715 285 P.
756 243 991 288 OVIDII
1024 243 1319 289 NASONIS

294 359 316 379 «
344 336 547 403 Nympha
571 337 655 385 sub
679 337 763 386 hoc
787 356 868 401 ego
889 358 984 388 sum
1008 340 1156 389 Cereri
1180 341 1424 403 gratissima
1441 342 1563 404 ligno
1580 380 1592 401 ,

291 437 315 458 »
345 416 456 478 Quae
476 415 559 462 tibi
583 415 800 463 factorum
819 435 972 482 poenas
993 417 1156 465 instare
1178 429 1354 467 tuorum

288 516 312 537 »
340 493 567 542 Vaticinor
588 493 811 550 moriens,
837 494 982 542 nostri
1004 493 1162 543 solatia
1181 495 1271 544 leti.
1297 519 1319 539 »

286 572 572 637 Persequitur
593 570 735 619 scelus
757 570 830 620 ille
854 590 982 620 suum
1001 591 1010 630 ;
1035 570 1333 639 labefactaque
1355 574 1529 622 tandem

285 649 456 697 Ictibus
479 648 721 696 innumeris
737 685 749 706 ‚
772 648 1044 715 adductaque
1067 648 1250 697 funibus
1272 649 1405 698 arbor

1637 665 1701 711 77⁵

287 726 493 784 Corruit,
521 737 563 773 ct
586 725 768 773 multam
792 725 1033 791 prostravit
1052 726 1245 791 pondere
1268 726 1431 774 silvam.

285 802 496 851 Attonitae
519 801 715 867 Dryades
741 801 901 849 damno
924 801 1203 868 nemorisque
1218 840 1229 859 ‚
1254 822 1447 869 suoque,

287 881 454 929 Omnes
478 897 691 941 germanae
706 915 717 935 ‚
746 879 946 927 Cererem
972 898 1071 928 cum
1091 880 1289 929 vestibus
1311 881 1417 930 atris

285 958 523 1005 Moerentes
547 956 736 1013 adeunt;
758 954 1023 1022 poenamque
1049 957 1378 1006 Erisichthonis
1403 971 1542 1008 orant.

283 1033 455 1082 Adnuit
477 1032 572 1089 his;
599 1032 842 1098 capitisque
867 1034 935 1081 sui
956 1033 1250 1099 pulcherrima
1270 1046 1395 1083 motu

1637 1052 1702 1096 780

288 1110 526 1159 Concussit
549 1109 741 1172 gravidis
765 1122 970 1158 oneratos
996 1110 1216 1159 messibus
1238 1130 1392 1174 agros;

285 1188 561 1254 Moliturque
587 1206 725 1250 genus
749 1207 888 1253 poenae
909 1187 1182 1245 miserabile,
1209 1189 1247 1237 si
1266 1208 1354 1238 non

284 1264 366 1313 Ille
388 1265 480 1312 suis
504 1276 616 1312 esset
638 1263 751 1311 nulli
775 1265 1044 1314 miserabilis
1071 1267 1180 1315 actis
1195 1304 1208 1323 ‚

284 1341 493 1390 Pestifera
513 1332 698 1389 ¹lacerare
725 1342 855 1390 Fame
877 1361 886 1388 :
909 1360 1005 1408 quae
1024 1355 1240 1408 quatenus
1261 1345 1350 1411 ipsi

285 1420 388 1466 Non
403 1417 600 1467 adeunda
615 1419 731 1476 Deae,
746 1437 888 1484 neque
902 1419 1017 1467 enim
1033 1421 1336 1488 Cereremque,
1349 1423 1612 1488 Famemque
1634 1436 1700 1483 785

284 1497 391 1543 Fata
413 1495 529 1543 coire
555 1496 733 1553 sinunt,
759 1497 959 1544 montani
982 1497 1175 1546 numinis
1197 1517 1329 1547 unam

284 1571 468 1622 Talibus
493 1585 707 1635 agrestem
732 1572 967 1639 compellat
989 1574 1165 1623 Oreada
1194 1574 1322 1622 dictis
1342 1594 1352 1622 ε

354 1671 376 1693 «
402 1651 485 1697 Est
507 1648 632 1698 locus
658 1650 861 1698 extremis
885 1650 1072 1716 Scythiae
1096 1650 1289 1713 glacialis
1313 1651 1360 1698 in
1384 1651 1473 1699 oris
1488 1688 1499 1709 ,

285 1786 325 1808 su
345 1775 384 1817 41
401 1799 409 1816 ,
439 1772 546 1808 Ceres
561 1773 633 1818 ipsa
645 1772 762 1807 statim
775 1772 881 1807 sentit
897 1785 961 1806 ar-

285 1827 408 1861 borem
429 1839 527 1861 suam
549 1826 646 1862 caedi.
668 1826 832 1861 Assumta
855 1826 963 1871 igitur

285 1879 472 1915 sacerdotis
501 1879 613 1925 specie
635 1905 644 1923 ,
679 1878 962 1914 Erisichthonem

287 1936 422 1963 morata
440 1930 519 1964 satis
534 1929 692 1964 oratione
705 1942 724 1964 a
738 1929 890 1964 facinore
906 1928 963 1963 de-

288 1988 406 2015 terret.
425 1981 486 2015 Ille
500 1993 584 2015 vero
601 1981 773 2024 minatur,
790 1994 825 2015 se
841 1993 962 2015 sacer-

291 2032 363 2067 doti
383 2033 534 2068 securim
550 2033 587 2067 in
608 2046 733 2078 corpus
749 2033 965 2067 libraturum.

290 2084 387 2118 Hinc
396 2084 474 2130 Dea¹
490 2084 728 2129 augustissima
742 2091 777 2118 et
792 2085 965 2119 immensa

259 2144 265 2148 ’
288 2142 419 2170 statura
434 2148 469 2169 se
492 2136 523 2169 ei
547 2135 708 2179 exhibet,
730 2148 801 2180 quo
821 2136 910 2171 sacto
925 2136 963 2169 in

288 2188 407 2232 sugam
421 2199 456 2220 se
472 2185 557 2220 dant
573 2186 704 2221 famuli.

335 2251 373 2283 77
381 2251 408 2271 1.
423 2239 579 2283 Nympha
588 2240 649 2271 sub
660 2240 722 2271 lmc
731 2250 792 2282 ego
803 2244 867 2272 etc.
881 2236 964 2272 Ser-

289 2289 364 2323 vius
381 2288 422 2323 ad
440 2288 606 2334 Eclogam
618 2289 652 2322 X
668 2289 828 2334 Virgilii,
849 2289 964 2335 Nym-

289 2343 367 2388 phae
377 2367 386 2384 ,
410 2341 524 2386 inquit
535 2367 544 2384 ,
571 2340 836 2386 Hamadryades
860 2347 961 2383 sunt,

291 2407 368 2439 quae
394 2406 474 2428 cum
503 2393 682 2427 arboribus
709 2399 901 2427 nascuntur
928 2399 964 2427 et

290 2452 440 2491 pereunt
452 2472 460 2484 ,
483 2445 540 2479 ἀντὶ
551 2451 603 2479 τοῦ
617 2446 702 2489 ἅμα,
720 2449 773 2479 καὶ
787 2452 841 2482 τῆς
861 2446 961 2490 δρυὸςς

291 2497 398 2541 qualis
409 2497 475 2531 suit
485 2496 540 2530 illa
553 2508 659 2541 quam
672 2494 893 2530 Erisichthon
903 2508 963 2529 oc-

289 2549 372 2583 cidit
384 2564 392 2590 ;
406 2549 464 2593 qui
478 2561 587 2594 quum
600 2549 760 2583 arborem
772 2547 959 2592 incideret,

291 2606 326 2633 et
338 2611 402 2632 vox
413 2599 494 2633 inde
511 2601 624 2645 erupit
635 2626 644 2643 ,
661 2606 695 2634 et
705 2599 841 2645 sanguis
851 2625 860 2642 ,
875 2599 962 2633 sicut

290 2650 392 2685 docet
408 2650 575 2695 Ovidius,
593 2658 627 2686 et
642 2651 794 2696 Scaliger
807 2677 816 2695 ,
835 2651 961 2686 Poeti-

288 2715 344 2736 ces
361 2701 418 2736 lib.
436 2702 481 2745 V,
500 2715 571 2747 cap.
589 2705 619 2737 8.
631 2703 742 2738 Nudis
757 2701 961 2737 Callimachi

287 2753 390 2789 rebus
398 2752 545 2788 Ovidius
557 2753 652 2788 addit
662 2761 869 2789 ornamenta
880 2768 888 2795 ;
900 2767 962 2789 ve·-

1026 1772 1091 1807 luti
1103 1785 1213 1818 quum
1225 1773 1423 1808 orationem
1434 1773 1589 1809 attribuit
1597 1774 1703 1822 Nym-

1028 1824 1116 1870 phae.
1128 1826 1195 1860 Ed.

1073 1877 1145 1922 780.
1169 1878 1302 1911 Adnuit
1322 1878 1408 1919 his;
1435 1883 1526 1912 nutu
1549 1879 1703 1918 concutit

1027 1941 1127 1975 agros
1139 1955 1148 1973 ,
1162 1936 1201 1963 ut
1211 1928 1352 1974 Jupiter
1361 1929 1483 1964 caelum
1493 1955 1502 1973 ,
1517 1929 1533 1964 I
1546 1956 1555 1973 ,
1573 1943 1584 1964 ι
1594 1943 1635 1978 79
1645 1956 1655 1973 ,
1668 1938 1702 1965 et

1028 1982 1213 2026 Neptunus
1222 1980 1346 2025 undas,
1358 1994 1460 2026 supra
1469 1994 1545 2016 vers
1554 1981 1620 2015 603
1629 1994 1702 2026 sqq.

1027 2051 1071 2059 —
1083 2034 1228 2067 Graus‘di
1247 2032 1386 2077 proprie
1404 2031 1498 2077 agri,
1516 2031 1575 2066 sed
1594 2033 1703 2078 poetis

1028 2084 1135 2118 etiam
1146 2096 1273 2118 messes
1289 2091 1324 2118 et
1340 2084 1451 2118 aristae
1468 2096 1476 2118 :
1492 2087 1695 2126 miserabile,

1027 2134 1301 2169 misericordiam
1326 2134 1476 2169 excitans
1499 2160 1508 2178 ,
1535 2135 1597 2170 sed
1621 2148 1702 2171 mox

1026 2188 1238 2226 mmmmm,
1253 2186 1556 2221 commiseratione
1566 2185 1700 2233 dignus.

1026 2238 1250 2278 -Lacerare‚
1270 2237 1420 2283 graviter
1436 2241 1702 2274 vexare.--Fata

1027 2301 1094 2322 non
1108 2291 1225 2322 sinunt
1237 2301 1276 2322 ea
1286 2315 1295 2332 ,
1316 2300 1394 2333 quae
1412 2301 1475 2334 per
1491 2298 1611 2323 rerum
1628 2302 1699 2324 na·-

1027 2346 1143 2375 turam
1160 2339 1236 2374 fieri
1251 2346 1434 2384 nequeunt
1448 2365 1458 2383 ‚
1482 2352 1513 2375 v.
1531 2352 1560 2374 c.
1575 2346 1615 2374 ut
1631 2339 1699 2373 ali-

1027 2398 1231 2426 mentorum
1247 2391 1344 2436 copia
1359 2397 1395 2425 et
1410 2391 1518 2424 sames
1534 2402 1603 2424 una
1620 2390 1699 2425 sint.

1026 2444 1227 2477 -qumim's
1246 2441 1438 2484 collective,
1458 2441 1700 2475 numinum.-

1029 2495 1165 2528 Oreada
1180 2506 1193 2538 ,²
1225 2492 1425 2540 Nympham
1456 2500 1662 2528 montanam
1689 2508 1696 2535 ;

1028 2545 1186 2581 Oreades
1216 2557 1368 2589 namque
1405 2545 1582 2579 montium
1616 2553 1699 2580 sunt

1026 2599 1190 2646 nymphae
1203 2624 1213 2641 ,
1239 2598 1295 2632 8013
1309 2604 1361 2632 ὀὔ
1345 2614 1479 2647 ομυς,
1505 2598 1572 2634 hoc
1587 2606 1660 2642 est,
1679 2611 1697 2632 a

1026 2658 1146 2685 monte
1167 2649 1430 2695 cognominatae.
1449 2651 1515 2683 Ed.

1070 2705 1141 2749 788.
1153 2705 1220 2737 Est
1230 2705 1322 2736 locus
1333 2706 1488 2736 extremis·
1497 2709 1561 2738 etc.
1573 2702 1695 2748 Quum

1024 2754 1141 2789 locum
1150 2752 1368 2787 horrendum
1377 2753 1555 2798 designare
1567 2754 1697 2789 vellent
