1820 3106
271 295 330 341 90
651 285 704 327 P.
744 286 980 331 OVIDII
1013 285 1319 333 NASONIS

268 377 360 424 Nec
385 375 583 437 dubitat3
609 397 688 427 nee
713 399 799 446 qua
823 380 882 428 sit
903 379 1268 430 clementissimus
1295 382 1435 432 amnis

270 453 445 517 Quaerit
460 492 471 513 ,
498 467 542 503 et
566 456 785 523 obsequio
812 457 970 507 deferri
992 451 1161 525 spernit
1184 480 1408 527 aquarum.

268 532 457 598 Jamque
482 546 635 582 tenens
658 536 824 602 ripam,
850 536 1009 585 missos
1033 557 1170 603 quum
1194 538 1370 587 tolleret
1390 557 1514 587 arcus
1529 576 1541 597 ,

271 609 485 674 Conjugis
510 613 692 674 agnovit
714 633 892 671 vocem;
915 615 1146 681 Nessoque
1169 629 1351 682 parante

268 685 435 735 Fallere
460 687 731 754 depositum,
760 711 782 733 «
806 691 910 754 Quo
937 703 979 739 te
1000 691 1160 740 fiducia
1175 729 1186 750 ,
1211 692 1391 751 clamat,
1632 718 1694 742 120

272 784 295 805 »
321 764 446 812 Vana
468 766 653 831 pedum,
676 767 892 827 violente,
922 769 1072 835 rapit?
1096 769 1181 818 tibi
1197 807 1208 827 ‚
1234 772 1371 820 Nesse
1396 770 1626 829 biformis,

273 860 295 882 »
321 841 522 891 Dicimus
540 881 551 900 ,
576 843 755 902 exaudi,
779 864 860 893 nec
883 865 953 894 res
977 846 1188 914 intercipe
1210 859 1399 895 nostras.

272 939 294 959 »
323 918 370 965 Si
394 930 436 988 te
458 918 582 967 nulla
604 921 690 969 mei
712 923 953 971 reverentia
976 925 1141 982 movit3
1169 937 1214 974 at
1235 926 1367 973 orbes

271 1018 294 1038 »
342 998 604 1046 ,oncubitus
627 999 787 1048 vetitos
807 1012 1012 1066 poterant
1035 1002 1238 1066 inhibere
1261 1001 1449 1068 paterni.

272 1094 294 1115 »
324 1075 455 1122 Haud
484 1087 630 1124 tamen
654 1077 866 1139 effugies,
894 1080 1092 1144 quamvis
1119 1098 1203 1145 ope
1229 1079 1331 1128 fidis
1355 1079 1528 1146 equina.
1633 1093 1694 1128 125

270 1172 291 1192 »
322 1150 540 1211 Vulnere,
567 1172 661 1201 non
682 1154 872 1220 pedibus
897 1167 938 1203 te
959 1175 1215 1223 consequar.
1242 1180 1264 1200 »
1293 1156 1460 1205 Ultima
1482 1156 1599 1205 dicta

314 1299 326 1319 1
338 1286 385 1321 16.
393 1289 548 1322 Dubitat.
559 1290 681 1324 Haeret
692 1297 726 1324 et
737 1303 854 1325 secum
867 1290 949 1325 deli-

264 1338 376 1380 berat,
388 1351 487 1373 more
499 1353 637 1384 eorum,
650 1342 771 1386 quires
782 1342 948 1387 periculo-

264 1402 315 1424 sas
333 1390 925 1435 aggrediuntur.-—Clemeulzlrsimus
935 1422 944 1435 ,

264 1443 507 1487 quietissimus.
523 1463 567 1469 —
587 1446 754 1490 Obsequio
778 1453 841 1481 etc.
873 1447 947 1481 Art.

266 1496 373 1530 Amat
395 1496 430 1531 II
445 1523 454 1541 ,
480 1498 536 1531 181
554 1511 561 1532 :
585 1500 750 1544 Obsequio
772 1504 950 1534 tranantur

210 1562 212 1565 ¹
263 1561 358 1594 aqua·
371 1562 378 1583 :
392 1563 453 1584 uec
464 1555 595 1585 vincere
600 1555 714 1595 possis
726 1554 884 1587 Rumina
892 1579 900 1593 ,
915 1556 952 1587 si

264 1608 380 1636 contra
390 1629 398 1642 ‚
417 1616 514 1648 quam
528 1608 618 1648 rapit
629 1606 722 1651 unda
732 1631 740 1646 ‚
754 1610 860 1639 natcs.
875 1605 947 1640 Sed

266 1655 437 1690 Hercules
449 1657 588 1691 nolebat
600 1660 756 1702 obsequio
765 1670 925 1702 aquarum
936 1684 945 1700 ,

265 1706 331 1741 hoc
346 1715 397 1742 est
410 1734 419 1751 ,
439 1708 486 1742 ita
503 1716 541 1743 ut
556 1709 809 1754 obsequeretur
822 1736 831 1753 ‚
848 1723 883 1745 se
897 1723 948 1745 ac-

265 1761 507 1796 commodaret
522 1761 630 1797 ssuvio
648 1763 849 1798 decurrenti
861 1790 870 1807 ,
889 1766 947 1798 de-

255 1813 363 1856 ferri,
382 1813 548 1849 inferiore
568 1815 644 1850 loco
665 1815 707 1849 ad
727 1816 839 1861 ripam
858 1829 947 1862 per-

265 1865 385 1899 venire
405 1866 592 1911 adjuvante
610 1881 708 1913 aqua.
731 1867 789 1903 Sic
807 1881 947 1914 quoque

266 1929 382 1951 mores
392 1918 554 1954 Herculis
565 1919 738 1965 expressit.
751 1920 882 1954 Lenzio
893 1922 947 1954 ob-

264 1973 411 2013 sequium
422 1977 473 2005 est
483 1971 517 2005 id
529 1972 622 2017 quod
632 1973 828 2007 clementia.
839 1973 947 2008 Rod.:

264 2025 548 2058 verscbmaehcnd
556 2051 563 2064 ‚
579 2027 762 2069 gleichsam
772 2039 835 2060 aus
846 2029 948 2060 scho-

265 2077 389 2109 neader
406 2077 649 2122 Gesuelltgltell
667 2092 742 2112 vom
761 2080 950 2114 Gewaesscr

262 2133 420 2171 gell-agen
435 2143 479 2162 zu
492 2132 624 2164 werden.

312 2192 324 2212 1
336 2192 384 2225 ¹9·
401 2181 571 2223 Agnovi&
594 2180 714 2215 Codex
732 2182 761 2215 B
777 2182 869 2217 solus
882 2209 891 2226 ,
908 2189 948 2217 ut

262 2229 420 2274 videtur,
437 2230 858 2276 dataud12>1J.—-Parantc‚·
873 2233 947 2268 Co-

265 2283 331 2318 dex
351 2284 382 2318 A
397 2311 406 2328 ‚
427 2289 586 2328 paranti,
612 2293 651 2321 ut
674 2287 841 2332 jungatur
865 2301 946 2322 cum

264 2341 409 2382 darual,-
425 2338 485 2373 sed
498 2339 564 2374 hoc
578 2340 724 2374 verbum
739 2340 850 2375 rarius
865 2354 946 2375 cum

265 2389 383 2425 dativo
406 2391 580 2436 reperitur
602 2405 707 2437 quam
723 2399 761 2427 ut
785 2394 947 2427 omnium

265 2443 365 2478 codd.
382 2450 417 2478 et
432 2443 629 2479 editionum
643 2446 812 2490 scriptura
830 2453 948 2480 mute—

266 2501 334 2528 tur.
346 2496 534 2531 Terentius
546 2496 702 2541 quidem,
714 2497 888 2540 And.111,
902 2508 944 2541 11,

269 2560 281 2580 1
293 2561 319 2589 1,
333 2551 403 2582 illis
411 2562 481 2592 quoe
491 2555 571 2583 suut
580 2553 681 2590 iulus,
691 2551 818 2583 clamat
826 2551 868 2582 de
879 2552 947 2583 via.

267 2597 509 2633 lid—Fallere
517 2602 702 2644 deposz‘lum
716 2627 723 2641 ,
735 2613 856 2646 rapere
867 2613 947 2635 con-

266 2650 387 2695 jugem
407 2652 597 2694 creditam3
616 2653 675 2687 sed
694 2653 778 2686 illud
800 2652 947 2698 indigni-

268 2709 377 2737 tatem
399 2703 449 2736 rei
474 2705 581 2748 magis
600 2705 770 2749 exprimit.
793 2707 947 2749 Deposi—

266 2761 353 2797 tum,
372 2756 463 2800 quod
477 2757 618 2802 alicujus
629 2758 710 2792 fidei
722 2758 947 2792 commissum

268 2815 318 2842 est
329 2822 341 2852 ‘3
360 2808 419 2853 qui
435 2808 470 2843 id
487 2821 561 2844 non
579 2809 715 2853 reddit,
726 2810 829 2853 fallit
843 2811 948 2853 depo-

1013 1294 1115 1326 situm
1126 1319 1134 1333 ‚
1163 1292 1248 1327 saliit
1265 1305 1366 1336 eum,
1392 1292 1451 1338 qui
1476 1291 1694 1338 deposuerat.

1014 1343 1175 1388 Apollod.
1203 1358 1235 1390 p.
1262 1347 1321 1391 157
1346 1357 1354 1378 :
1382 1346 1395 1380 ὁ
1419 1348 1449 1380 δὲ
1471 1347 1695 1395 θιαπορθμεύων

1012 1399 1106 1436 αὐτὴν
1125 1398 1272 1446 ἐπεχείρει
1293 1397 1469 1441 βιάζεσθαι.
1491 1405 1545 1436 τῖς
1566 1401 1599 1432 d‘z'
1618 1397 1696 1431 ἄνα·-

1011 1454 1178 1501 κραγούσης
1203 1454 1378 1496 αὶσθέμενος
1409 1454 1421 1488 ὁ
1442 1444 1580 1502 ἁρακλῑς
1611 1453 1695 1496 ε’ξελ-

1014 1506 1098 1538 θέντει
1121 1505 1237 1538 Νέσσον
1261 1506 1394 1548 ἐτόξευσε
1417 1508 1459 1543 εἷς
1481 1509 1535 1545 τὴν
1558 1506 1695 1554 καρδίαν.

1013 1553 1083 1587 Sed
1096 1554 1243 1589 Ovidius
1257 1555 1359 1589 aliam
1370 1555 1546 1590 rationem
1558 1561 1696 1590 secutus

1013 1613 1085 1650 est,
1107 1613 1146 1640 ut
1163 1613 1198 1640 et
1213 1620 1286 1652 sqq.
1304 1607 1445 1642 docent.

1062 1670 1132 1691 121.
1154 1658 1339 1703 Bfformis,
1364 1657 1442 1692 vide
1463 1657 1504 1692 ad
1528 1658 1564 1692 II
1578 1684 1588 1702 ,
1606 1657 1695 1698 63o;

1012 1709 1152 1743 Semivir
1163 1712 1294 1744 Nessus
1310 1710 1347 1744 in
1365 1710 1512 1745 Heroid.
1528 1710 1581 1744 IX
1592 1736 1602 1754 ‚
1623 1712 1696 1753 141.

1012 1763 1145 1797 —Tibi
1155 1764 1297 1796 dicimus
1313 1768 1372 1796 aut
1389 1763 1466 1796 dico
1481 1760 1697 1806 indignantis

1014 1820 1049 1847 et
1066 1813 1233 1848 minantis
1248 1813 1400 1848 formula
1414 1827 1422 1856 ;
1438 1812 1588 1848 Heroid.
1604 1812 1672 1847 XX
1684 1838 1694 1856 ,

1016 1867 1066 1900 53.
1080 1865 1193 1900 Graeci
1206 1872 1291 1912 φωνῶ
1305 1883 1356 1910 σε,
1372 1872 1432 1900 aut
1444 1863 1526 1901 κάλῶ
1537 1865 1697 1900 ese-Nec

1016 1931 1069 1951 res
1075 1929 1087 1961 ,·
1108 1918 1276 1953 Heinsius
1294 1918 1444 1952 malebat
1455 1931 1496 1952 ne
1506 1916 1695 1952 res.--Non

1012 1970 1115 2007 video
1137 1970 1179 2004 ad
1203 1971 1284 2015 quid
1303 1971 1366 2005 ista
1385 1970 1545 2005 mutatio.
1569 1970 1635 2003 Ed.
1651 1987 1696 1994 ——-

1014 2024 1085 2055 Bes
1097 2022 1139 2056 de
1152 2023 1315 2057 omnibus
1326 2048 1335 2065 ,
1355 2034 1431 2067 quae
1442 2022 1543 2056 nobis
1559 2020 1693 2055 deben-

1013 2081 1084 2117 tur,
1097 2074 1204 2108 etiam
1215 2100 1224 2117 ,
1242 2080 1282 2107 ut
1292 2073 1444 2108 hocloco
1455 2100 1465 2117 ,
1475 2072 1518 2107 de
1531 2073 1693 2118 conjuge.

1012 2127 1228 2170 -Jnterczpa
1240 2124 1330 2159 Vide
1347 2124 1390 2159 ad
1402 2125 1513 2165 VIII,
1534 2138 1608 2172 29¹·

1060 2191 1072 2211 1
1080 2178 1130 2211 23.
1144 2179 1399 2222 Orbespaterm}
1406 2177 1487 2212 satis
1497 2183 1694 2223 opportune

1014 2237 1049 2265 et
1066 2231 1187 2265 acerbe
1204 2231 1314 2266 Nesso
1325 2231 1362 2265 in
1375 2231 1583 2265 memoriam
1597 2243 1696 2265 revo-

1013 2290 1067 2317 cat
1083 2296 1223 2328 poenam
1238 2283 1344 2328 patris
1362 2283 1490 2318 Ixionis
1507 2309 1516 2327 ,
1534 2283 1594 2328 qui
1607 2290 1694 2318 rotae

1014 2337 1169 2382 alligatus
1180 2336 1322 2371 adsidue
1333 2336 1485 2371 volvitur
1493 2337 1530 2371 in
1539 2335 1694 2370 Tartaris

1013 2397 1157 2435 propter
1172 2393 1368 2425 concubitus
1377 2392 1513 2429 vetitos,
1531 2388 1610 2433 quia
1621 2387 1693 2422 vim

1012 2443 1144 2477 inferre
1153 2441 1453 2476 volueratJunoni
1464 2453 1471 2474 :
1482 2440 1561 2474 vide
1572 2439 1615 2474 ad
1624 2440 1692 2483 IV,

1013 2495 1089 2538 464.
1108 2495 1160 2528 Ex
1182 2494 1275 2529 nube
1294 2494 1329 2527 in
1348 2492 1502 2526 Junonis
1522 2491 1599 2527 loco
1621 2492 1693 2526 ob—

1013 2548 1102 2593 jecta
1113 2574 1122 2590 ,
1145 2558 1294 2591 quacum
1307 2545 1411 2580 etiam
1422 2544 1508 2588 coit,
1527 2545 1600 2579 nati
1610 2551 1693 2579 sunt

1016 2598 1187 2634 Centauri
1201 2623 1210 2641 ,
1232 2596 1315 2631 inde
1334 2597 1527 2642 Nubigenae
1543 2596 1636 2631 dicti.
1649 2615 1694 2622 —

1012 2654 1182 2691 Inhzbzwe,
1200 2650 1388 2684 deterrere.
1405 2668 1448 2674 —-
1468 2650 1539 2693 Ope
1552 2652 1671 2694 equina
1682 2675 1691 2689 ‚

1013 2704 1192 2739 velocitate
1212 2700 1341 2747 pedum
1360 2700 1581 2745 equinorum.

1061 2755 1132 2789 126.
1164 2756 1304 2788 Vulnere
1321 2779 1329 2793 ‚
1357 2753 1479 2799 sagitta
1501 2752 1688 2787 vulnifica:

1014 2808 1112 2853 Virg.
1130 2808 1211 2843 AEn.
1231 2807 1266 2841 II
1281 2833 1290 2852 ,
1315 2809 1377 2853 529
1391 2831 1400 2849 ,
1423 2805 1545 2849 infesto
1561 2807 1691 2839 vulnere

1791 2771 1799 2791 Ι
