1820 3106
279 280 365 336 284

659 286 710 329 P.
748 286 983 359 OVIDI.I
1017 287 1319 334 NASONIS

277 375 458 424 Dixerat
481 396 490 424 z
514 377 710 427 induitur
730 379 941 430 velamina
962 381 1079 431 mille
1104 382 1303 431 colorum

276 452 360 500 Iris
375 490 387 511 ‚
414 465 458 502 et
480 467 663 520 arquato
689 456 840 505 caelum
864 460 1108 509 curvamine
1132 461 1310 524 signans

1620 473 1686 522 590

276 529 410 578 Tecta
433 532 545 597 petit
563 533 673 597 jussi
697 534 781 582 sub
806 554 914 601 rupe
938 535 1114 585 latentia
1133 539 1260 600 regis.

339 609 419 655 Est
438 627 576 676 prope
600 610 857 660 Cimmerios
880 612 1015 676 longo
1042 613 1248 679 spelunca
1269 633 1466 672 recessu,

277 683 411 732 Mons
436 703 588 742 cavus,
612 686 756 749 ignavi
781 688 936 737 domus
960 701 1003 738 et
1026 689 1262 755 penetralia
1285 691 1459 748 Somni;

276 759 381 822 Quo
406 780 644 828 numquam
667 765 800 813 radiis
824 766 989 824 oriens,
1016 767 1259 826 mediusve,
1284 768 1490 818 cadensve

275 836 472 887 Phoebus
497 840 614 888 adire
635 854 784 907 potest
807 864 817 891 :
841 843 1012 892 nebulae
1037 844 1221 906 caligine
1244 845 1388 892 mixtae
1620 853 1685 903 593⁵»

277 914 549 965 Exhalantur
571 918 731 976 humo,
758 919 985 987 dubiaeque
1010 920 1266 987 crepuscula
1281 921 1411 969 lucis.

277 1062 395 1091 tuetur
408 1084 417 1101 ,
435 1059 564 1104 ubique
584 1060 656 1095 sere
676 1061 718 1095 de
736 1063 866 1097 somnis
883 1063 953 1098 ad-

277 1107 416 1143 hibetur
434 1111 534 1154 (IX,
560 1113 635 1155 480.
659 1113 755 1148 Infra
779 1128 865 1149 vers.
888 1115 952 1150 613

281 1166 316 1193 et
329 1159 416 1203 626;
436 1159 456 1197 Ῑ
472 1163 576 1197 Pont.
594 1175 623 1198 11
637 1190 646 1207 ‚
665 1166 705 1208 45
718 1190 727 1208 ,
750 1166 886 1200 Somnia
905 1180 955 1200 me

275 1218 397 1247 terrent
405 1240 413 1253 ‚
432 1227 527 1250 veros
541 1219 711 1252 imitantia
720 1231 822 1252 casus
834 1217 850 1263 )
864 1244 872 1262 ‚
892 1225 951 1253 at—

276 1278 342 1309 que
355 1267 459 1302 etiam
473 1269 597 1305 melius
608 1271 772 1306 convenit
783 1278 825 1320 τῷ
836 1285 952 1315 veros,-

276 1319 388 1362 VIII,
411 1323 469 1368 ¹95
481 1348 490 1366 ,
507 1329 545 1357 ut
558 1337 653 1358 veras
668 1327 837 1359 imitentur
849 1337 948 1368 aves‚·

276 1369 312 1403 11
329 1383 369 1404 ex
388 1372 505 1407 Ponto
521 1386 554 1416 1,
574 1376 613 1421 37
629 1401 638 1418 ‚
664 1388 758 1410 veros
783 1380 952 1411 imitantia

275 1435 394 1456 muros.
411 1441 453 1449 ——
468 1425 568 1471 Regii
590 1428 699 1462 nostri
719 1427 849 1462 habent
864 1442 951 1462 nar-

275 1478 412 1517 ranlia‚·
440 1477 500 1511 sed
525 1478 614 1513 bene
634 1482 803 1515 imitantia
821 1481 952 1526 recepit

283 1526 405 1571 Gicrig.
422 1528 489 1562 Ed.

322 1578 397 1624 589.
423 1580 593 1615 Induitur.
607 1607 614 1615 .
626 1585 730 1616 ..iris-
756 1582 921 1628 Virgilius
940 1609 950 1626 ,

278 1629 362 1664 AEn.
378 1632 444 1676 IV,
463 1646 525 1678 700
535 1660 545 1677 ,
560 1636 626 1668 Iris
638 1639 763 1669 croceis
769 1648 831 1679 per
838 1639 951 1670 coelum

277 1684 411 1715 roscida
420 1688 542 1726 pennis
551 1710 559 1725 ,
583 1687 672 1719 mille
688 1688 823 1720 trahens
841 1690 953 1720 varios

276 1736 414 1769 adverso
429 1738 500 1771 sole
518 1741 663 1779 colores,
689 1740 835 1774 Devolat
854 1752 864 1774 .·
884 1740 951 1775 vid.

279 1787 384 1822 etiam
404 1789 475 1823 Jul.
492 1789 644 1836 Scaliger
665 1792 800 1828 exercit.
818 1794 870 1827 80.
887 1794 951 1827 Ed.

278 1857 321 1865 -—
336 1840 500 1884 Arquaio.
522 1841 659 1877 Nonius
679 1843 772 1878 inter
789 1857 902 1878 arcum
919 1851 953 1878 et

277 1902 413 1934 arquum
430 1891 607 1937 distinguit
623 1920 632 1936 ,
657 1895 750 1939 quod
769 1895 854 1930 alter
874 1895 953 1929 sor-—

280 1941 395 1977 nicem
411 1943 569 1990 designet
586 1971 596 1988 ,
619 1946 706 1980 alter
717 1946 857 1982 Iridem.
877 1948 955 1982 Hac

280 1997 482 2031 auctoritate
500 1997 623 2033 ductus
635 1999 801 2034 Heinsius
816 2005 954 2044 arquato

278 2048 409 2091 recepit
422 2074 431 2091 ,
450 2061 558 2093 quum
571 2051 684 2084 caeteri
695 2051 791 2086 MSS
804 2051 955 2086 habeant

279 2105 410 2139 arcato,
432 2107 570 2134 arcuato
585 2108 643 2135 aut
659 2102 766 2136 aliter.
784 2102 853 2136 Sed
870 2103 954 2137 illud

282 2151 468 2187 discrimen
498 2153 676 2189 finxerunt
701 2155 927 2191 Grammatid
945 2184 954 2201 ,

279 2212 439 2239 veterum
455 2206 549 2240 enim
563 2206 618 2240 alii
634 2220 733 2241 arcus
742 2207 953 2252 scribebant,

280 2256 336 2291 alii
352 2270 482 2302 arquus.
502 2257 559 2293 Sic
572 2259 823 2303 Arquitenentes
838 2262 957 2294 Diana

277 2314 311 2343 et
320 2309 444 2353 Apollo
455 2309 545 2355 apud
557 2311 754 2345 Arnobium
763 2310 838 2344 adv.
849 2310 954 2346 Gent.

280 2359 297 2393 I
310 2385 319 2402 ,
335 2372 433 2406 p.-20.
448 2361 619 2405 Arquatus
634 2361 739 2407 igitur
754 2362 822 2396 sive
837 2375 956 2397 arcua-

280 2418 334 2445 tus
346 2420 396 2447 est
408 2413 442 2446 in
456 2413 606 2448 formam
624 2427 720 2449 arcus
735 2414 840 2449 flexus
851 2430 859 2457 ;
870 2416 957 2449 Vir-

282 2464 398 2509 gilius,
417 2465 500 2500 AEn.
519 2466 564 2509 V,
582 2466 648 2512 609
658 2492 667 2509 ,
681 2468 749 2500 Illa
762 2470 851 2501 viam
864 2470 956 2502 cele—

282 2529 362 2550 rans
371 2530 434 2560 per
442 2520 532 2552 mille
542 2521 707 2552 coloribus
715 2531 828 2553 arcum
837 2545 844 2559 ‚
862 2521 964 2554 Nulli

283 2570 377 2609 visa,
400 2572 466 2603 cito
488 2571 631 2604 decurrit
649 2573 779 2605 tramite
798 2574 899 2614 virgo.
914 2589 958 2597 ·—

288 2618 407 2653 Codex
433 2620 562 2666 Regius
583 2621 614 2655 A
637 2629 778 2663 arcato;
806 2621 912 2656 codex
927 2623 956 2656 B

282 2674 584 2707 arcuata—Tecta
593 2677 699 2717 petia·
717 2687 807 2708 unus
820 2673 957 2708 Heinsii

283 2727 371 2756 tecta
385 2726 483 2758 subit.
491 2743 533 2750 —
544 2725 643 2770 Regii
658 2725 766 2759 nostri
774 2729 868 2768 petit.

329 2775 401 2820 592.
412 2774 479 2808 Est
479 2788 580 2819 prope
591 2778 782 2812 Cimmerios
793 2783 855 2812 etc.
868 2775 957 2811 Aula

1017 1063 1143 1099 Somni
1157 1064 1233 1098 loco
1247 1063 1432 1109 caliginoso
1443 1063 1507 1098 sita
1523 1069 1617 1106 erat,
1633 1076 1686 1098 ca—

1017 1116 1114 1150 rebat
1131 1116 1292 1150 omnibus
1308 1142 1316 1159 ,
1342 1128 1418 1160 quae
1438 1115 1620 1160 strepitum
1635 1114 1690 1149 fa·-

1016 1175 1157 1208 cerent;
1175 1168 1322 1202 hahebat
1338 1181 1398 1212 ea,
1424 1180 1501 1213 quae
1523 1179 1687 1202 somnum

1015 1218 1250 1254 conciliarent.
1269 1221 1452 1260 Cimmerii,
1469 1218 1615 1264 populus
1628 1217 1688 1252 fa-

1016 1268 1154 1304 bulosus
1172 1295 1181 1313 ,
1205 1282 1310 1314 quem
1332 1270 1468 1304 aeternis
1484 1269 1635 1304 tenebris
1653 1276 1689 1304 et

1016 1322 1150 1357 nebulis
1174 1322 1371 1356 involutum
1390 1322 1433 1357 ad
1449 1322 1536 1358 fines
1553 1319 1692 1358 Oceani

1016 1373 1170 1409 habitare
1181 1375 1273 1410 canit
1284 1376 1462 1410 Homerus
1473 1401 1482 1418 ‚
1498 1375 1569 1410 Od.
1578 1381 1607 1411 Δ
1619 1401 1628 1418 ,
1649 1375 1687 1409 13

1016 1439 1079 1470 sqq
1091 1452 1100 1469 ,
1113 1427 1172 1471 qui
1183 1433 1233 1461 est
1242 1426 1318 1461 fons
1326 1426 1430 1472 hujus
1439 1426 1572 1461 fabulae.
1584 1424 1689 1461 Conf-

1018 1478 1195 1521 Tibullus,
1213 1479 1278 1522 IV,
1297 1489 1330 1522 1,
1351 1479 1394 1522 64
1406 1492 1414 1519 ;
1427 1478 1587 1513 Valerius
1597 1477 1688 1515 Flac.

1018 1530 1099 1573 111,
1127 1530 1201 1576 398.
1229 1530 1324 1565 Hinc
1349 1532 1529 1565 Cimmerioe
1552 1531 1689 1565 tenebra

1016 1579 1189 1614 dicuntur.
1200 1581 1330 1626 Specus
1339 1581 1582 1622 subterraneos
1597 1581 1689 1614 inter

1016 1632 1118 1677 Bajas
1128 1641 1162 1668 et
1172 1633 1301 1668 Cumas
1313 1660 1322 1677 ,
1338 1634 1446 1679 prisca
1458 1640 1556 1668 aetate
1568 1633 1610 1667 ab
1623 1632 1690 1666 ho—

1017 1684 1168 1719 minibus
1183 1684 1351 1719 habitatos
1361 1711 1369 1727 ,
1389 1684 1559 1730 originem
1567 1683 1689 1718 fabulae

1018 1735 1150 1770 dedisse
1163 1763 1172 1780 ,
1186 1744 1372 1779 monuerat
1385 1736 1545 1781 Ephorus
1561 1734 1690 1769 Cuma-

1017 1800 1104 1828 nus;
1122 1787 1199 1822 vide
1223 1787 1384 1822 Strabon.
1406 1787 1461 1822 lib.
1482 1789 1516 1821 V
1530 1813 1539 1830 ,
1565 1800 1598 1832 p.
1614 1787 1687 1832 374.

1020 1839 1202 1884 Quidquid
1213 1839 1278 1883 sit,
1295 1839 1478 1873 commode
1493 1839 1531 1874 in
1545 1846 1618 1874 tam
1631 1852 1690 1874 ca-

1018 1891 1161 1935 liginosa
1180 1891 1254 1925 loca
1274 1891 1437 1926 translata
1459 1890 1584 1925 Somni
1603 1890 1690 1925 aula.

1017 1946 1177 1989 —Longo
1186 1971 1193 1979 .
1202 1971 1224 1980 ..
1234 1970 1241 1978 .
1250 1958 1390 1979 recessu.
1405 1945 1508 1979 Unus
1521 1944 1689 1979 Grouovii

1017 2000 1113 2041 longi
1119 1999 1276 2040 spelunca
1289 2009 1437 2031 recessus
1445 2024 1453 2038 ‚
1470 1995 1563 2041 quod
1575 1995 1691 2031 Hein-

1017 2049 1087 2083 sius
1102 2048 1226 2083 rectius
1241 2048 1381 2093 judicat.
1396 2067 1439 2073 —
1458 2048 1559 2093 Regii
1580 2049 1690 2083 nostri

1018 2103 1115 2143 longo
1129 2112 1267 2135 recessu.

1062 2153 1135 2198 594.
1151 2153 1223 2194 Quo
1236 2163 1410 2196 numquam
1422 2153 1529 2186 radiis
1538 2158 1602 2186 etc.
1619 2151 1691 2186 Ex-

1018 2205 1140 2250 pressit
1159 2205 1307 2239 Homeri
1325 2205 1456 2240 dictum
1470 2205 1585 2240 locum
1601 2207 1690 2241 τοῦδέ

1019 2256 1083 2291 ποτ’
1107 2260 1212 2296 αὐτοὺς
1240 2260 1340 2296 nilevs-
1370 2260 1481 2303 φαέθων
1508 2259 1690 2305 ἐπιδέρκεται

1020 2309 1189 2344 ἀκτίνεσσιν
1203 2335 1212 2351 ‚
1229 2308 1307 2344 Οὐδ’
1325 2307 1402 2344 ὁπότ’
1417 2308 1453 2344 ἂν
1464 2313 1607 2356 στείχῃσι
1622 2310 1691 2357 πρός

1021 2364 1138 2409 οὖῃανὲν
1155 2362 1329 2410 ἄστερὲεντα
1348 2386 1358 2404 ,
1384 2359 1455 2395 Οὔθ’
1482 2363 1550 2395 ὅταν
1574 2359 1617 2404 ἂψ
1644 2362 1692 2395 ‘'n-2

1020 2421 1109 2458 γαῖαν
1126 2412 1177 2447 ἀπ’
1195 2416 1343 2462 οὐρανόθεν
1358 2413 1572 2461 προτράπηται·
1586 2410 1692 2447 Cons.

1022 2464 1226 2509 Virgilium,
1240 2463 1367 2509 Georg.
1386 2463 1462 2506 ΙΙΙ,
1482 2463 1555 2507 537.
1574 2463 1691 2498 Etiam

1021 2516 1195 2551 Hesiodus
1213 2541 1222 2558 ‚
1249 2514 1316 2549 Th.
1334 2516 1415 2559 755,
1442 2514 1500 2558 qui
1515 2514 1690 2548 Somnum

1020 2574 1055 2602 et
1065 2567 1220 2601 Mortem
1230 2592 1239 2608 ,
1252 2565 1371 2600 Noctis
1379 2565 1517 2608 liberos,
1529 2565 1565 2599 in
1574 2565 1691 2599 Erebo

1020 2621 1118 2666 ponit
1130 2646 1140 2663 ,
1158 2619 1278 2654 iisdem
1294 2618 1366 2653 fere
1379 2644 1389 2661 ,
1406 2619 1529 2663 quibus
1546 2619 1690 2653 Home—

1018 2686 1076 2707 rus
1089 2697 1098 2714 ,
1126 2671 1237 2708 verbk
1253 2684 1333 2705 usus
1352 2678 1411 2705 est.
1429 2689 1474 2696 -—·
1492 2671 1690 2714 Crepuscnla

1021 2737 1092 2758 non
1102 2725 1309 2757 exhalantur.
1320 2722 1440 2767 Itaque
1450 2734 1579 2764 rursus,
1591 2731 1688 2754 more

1016 2782 1222 2820 poetarum,
1246 2773 1289 2808 de
1312 2786 1380 2818 quo
1401 2785 1489 2817 saepe
1506 2769 1687 2816 iam-vidi-
