1820 3106
288 300 378 356 444

672 306 725 347 P.
761 305 1001 350 OVIDII
1032 306 1330 353 NASONIS

290 419 313 438 »
342 398 439 445 Hos
465 408 611 446 tamen
633 398 705 448 ille
730 400 840 448 mihi
863 400 1014 459 dabat,
1042 414 1332 469 aeternamque
1352 404 1599 468 juventam,
1644 418 1708 465 140

289 496 312 515 »
338 474 387 521 Si
410 475 623 524 Venerem
645 489 845 543 paterer:
868 491 1087 528 contemto
1111 499 1290 528 munere
1314 481 1475 529 Phoebi

289 574 311 593 »
337 553 510 601 Innuba
531 573 764 620 permaneo
787 577 797 604 ε
818 557 894 605 sed
911 557 998 622 jam
1019 556 1188 606 felicior
1208 569 1311 607 aetas

286 650 309 670 »
338 629 480 692 Terga
503 630 649 690 dedit,
677 633 952 701 tremuloque
978 635 1114 697 gradu
1138 635 1257 683 venit
1278 654 1390 698 aegra
1412 647 1637 695 senectus,

288 731 311 750 »
341 709 452 773 Quae
474 711 681 776 patienda
704 713 777 762 diu
802 727 893 772 est;
919 733 1021 761 nam
1040 714 1129 779 jam
1150 712 1261 762 mihi
1285 713 1439 762 saecula
1461 727 1629 783 septem

285 808 310 828 >›
338 787 450 835 Acta
471 788 592 836 vides
615 810 625 838 ε
654 803 874 856 superest,
895 810 1104 839 numeros
1125 803 1177 839 ut
1196 791 1390 858 pulveris
1413 811 1603 859 aequem,
1643 807 1706 853 ¹4⁵

285 884 309 905 »
336 864 602 913 Tercentum
622 884 808 924 messes,
834 879 1074 916 tercentum
1099 880 1243 917 musta
1261 868 1418 917 videre.

286 961 310 982 »
335 941 532 1008 Tempus
553 944 660 1001 erit,
686 964 823 1011 quum
847 964 915 994 me
937 945 990 994 de
1015 957 1138 993 tanto
1162 965 1349 1012 corpore
1370 965 1547 1012 parvam

286 1039 311 1060 2»
338 1019 495 1082 Longa
521 1021 612 1069 dies
637 1022 764 1070 faciat
780 1060 791 1080 ,
820 1036 1137 1090 consumtaque
1159 1023 1356 1072 membra
1379 1035 1552 1071 senecta

289 1117 313 1137 >›
341 1096 414 1143 Ad
433 1097 664 1147 minimum
689 1101 946 1163 redigantur
971 1121 1084 1150 onus
1106 1121 1114 1149 :
1135 1121 1214 1151 nec
1238 1113 1379 1150 amata
1401 1101 1612 1160 videbor,

287 1194 310 1214 >1
338 1175 430 1222 Nec
455 1175 673 1242 placuisse
700 1179 796 1227 Deo
823 1199 833 1227 :
860 1179 1059 1227 Phoebus
1085 1198 1264 1245 quoque
1287 1179 1472 1227 forsitan
1495 1179 1589 1245 ipse
1648 1191 1709 1226 150

286 1272 309 1292 »
337 1251 418 1298 Vel
439 1271 530 1300 non
552 1267 787 1317 agnoscet,
813 1255 881 1304 vel
906 1256 1109 1305 dilexisse
1132 1257 1325 1319 negabit.

288 1350 309 1368 »
338 1329 491 1395 Usque
515 1332 623 1380 adeo
648 1346 816 1382 mutata
837 1334 976 1382 ferar!
1000 1334 1201 1401 nullique
1224 1333 1431 1392 videnda,

284 1426 307 1446 »
337 1407 457 1454 Voce
480 1420 622 1457 tamen
645 1429 822 1468 noscar;
844 1429 995 1460 vocem
1018 1411 1128 1459 mihi
1149 1411 1237 1459 fata
1262 1405 1530 1477 relinquent]
1549 1432 1573 1453 »

347 1484 428 1531 III.
456 1484 581 1533 Talia
604 1506 844 1536 convexum
869 1507 949 1553 per
971 1489 1054 1536 iter
1076 1500 1345 1536 memorante
1369 1487 1562 1554 Sibylla,

279 1616 384 1660 lqrcm
401 1626 442 1647 ex
459 1613 568 1648 altero
585 1615 845 1661 Hamburgensi
860 1643 869 1659 ,
888 1629 960 1653 uno

279 1665 441 1700 Leidensi
456 1674 490 1702 et
502 1680 574 1701 uno
585 1680 647 1702 suo
660 1668 757 1702 dedit
772 1669 939 1703 Heinsius
951 1683 960 1711 3

282 1718 397 1751 caeteri
410 1743 419 1760 ,
438 1722 567 1753 excidit
582 1726 620 1753 ut
627 1727 779 1763 peterem.
797 1740 841 1746 —
858 1722 961 1756 Hanc

280 1776 493 1814 postremam
518 1771 703 1806 lectionem
734 1772 863 1807 habent
893 1786 959 1808 co-

281 1821 374 1856 dices
393 1822 492 1868 Regii
509 1835 517 1857 :
536 1830 571 1857 et
588 1823 624 1857 in
642 1823 760 1859 codice
781 1825 814 1858 A
835 1822 961 1870 legitur

281 1873 514 1909 interlinearis
536 1875 609 1910 haec
631 1876 741 1922 glossa
761 1890 769 1911 :
795 1877 923 1912 excidit<
941 1891 961 1911 a

283 1933 414 1960 mente.
438 1928 503 1961 Ed.

328 1980 397 2020 142.
414 1980 546 2013 Innuba
552 1993 738 2024 permaneo.
755 1979 962 2015 EademSi-

280 2028 371 2075 bylla
397 2031 488 2075 apud
512 2031 691 2066 Tibullum
704 2059 712 2075 ,
737 2034 774 2068 11
792 2059 802 2076 ,
820 2045 843 2066 v
856 2059 865 2076 ,
893 2033 936 2076 54
949 2058 959 2075 ,

286 2082 374 2114 Vera
389 2095 475 2116 cano
494 2086 545 2117 sic
555 2109 563 2117 .
577 2109 585 2116 .
601 2111 607 2118 .
623 2086 792 2119 AEtemum
815 2088 863 2119 sil
882 2087 968 2120 mihi

283 2133 471 2176 virginitas.

337 2185 408 2228 143.
435 2187 563 2230 AEgra‚
598 2186 678 2231 quia
707 2193 865 2221 senectus
892 2188 963 2233 ipsa

284 2237 451 2279 morbus,
470 2238 615 2272 Terent.
632 2237 776 2274 Phorm.
791 2239 857 2282 IV,
877 2251 908 2282 1,
923 2253 962 2286 9,

283 2289 344 2323 ubi
361 2288 428 2323 vid.
453 2288 645 2323 Lindenbr.
670 2291 804 2325 Haustn
826 2291 898 2325 haec
920 2291 963 2325 de

284 2341 462 2377 vivacitate
479 2342 618 2389 Sibyllae
637 2356 677 2377 ex
691 2343 771 2388 ipsis
786 2343 879 2378 libris
899 2344 963 2378 Si-

282 2394 420 2442 byllinis
430 2402 548 2430 censet
557 2396 742 2440 Heinsius,
756 2409 861 2441 quem
874 2396 964 2430 vide.

283 2448 454 2481 —Musta
468 2459 532 2492 pro
546 2447 730 2482 vindemiis
744 2474 755 2491 ,
780 2455 815 2483 et
831 2447 883 2482 hae
897 2474 907 2491 ,
927 2455 964 2482 ut

287 2511 411 2532 messes
423 2526 431 2538 ,
450 2512 514 2544 pro
530 2499 639 2533 annis.

334 2552 407 2598 149.
428 2553 538 2592 Onus,
562 2552 742 2586 molecula.

332 2606 404 2637 152.
423 2604 559 2637 Mutata
567 2602 668 2646 ferar
681 2603 815 2648 plenius
836 2610 870 2638 et
886 2603 966 2638 ele-

286 2654 422 2698 gantius
437 2680 446 2698 ‚
476 2667 580 2699 quam
594 2680 603 2698 ,
627 2655 801 2689 mutabor.
816 2674 859 2681 —·
880 2657 967 2689 Voce

286 2714 396 2740 lamen
421 2720 550 2741 noscar.
575 2707 679 2742 Vocis
703 2708 847 2742 nomine
871 2708 966 2742 acci-

287 2757 456 2803 piendum
482 2771 556 2792 non
582 2772 688 2794 sonus
716 2759 966 2795 tantummodo

286 2811 398 2856 vocis,
421 2825 481 2848 seu
505 2812 618 2849 inanis
637 2827 723 2858 vox3
745 2813 805 2851 sed
830 2813 967 2849 fatidica

1024 1631 1108 1660 vox,
1127 1624 1166 1652 ut
1182 1617 1358 1651 indicetur
1374 1616 1542 1663 Sibyllam
1559 1615 1706 1650 faculta-

1024 1678 1096 1705 tem
1109 1669 1317 1705 vaticinandi
1334 1681 1415 1704 cum
1430 1680 1597 1713 corporea
1610 1667 1703 1702 mole

1024 1735 1097 1756 non
1116 1721 1329 1756 amissuranr.
1346 1722 1412 1755 Ed.

1074 1775 1237 1818 154-440.
1254 1774 1297 1808 In
1318 1773 1425 1808 litore*
1439 1774 1600 1807 Caietano
1616 1772 1705 1806 Ma-

1029 1838 1159 1860 careum
1172 1852 1180 1864 ,
1210 1824 1374 1859 Graecum
1390 1850 1400 1867 ,
1421 1823 1623 1869 reperiunt,
1651 1821 1709 1857 cui

1025 1878 1299 1917 Achaemenz'des‚
1328 1875 1471 1911 Graecus
1497 1883 1533 1910 et
1555 1875 1648 1920 ipse,
1672 1881 1708 1909 et

1027 1930 1069 1963 ab
1080 1929 1205 1975 Ulysse
1223 1929 1259 1962 in
1274 1928 1383 1963 AEtna
1396 1927 1534 1962 relictus
1543 1954 1552 1971 ‚
1565 1926 1624 1961 sed
1635 1926 1707 1971 jam

1026 1981 1151 2015 AEneae
1181 1993 1298 2016 comes
1326 1980 1506 2014 adhaerens
1522 2005 1531 2022 ‚
1559 1985 1678 2013 narrat
1694 2004 1704 2021 ‚

1030 2040 1246 2078 quantopere
1266 2034 1486 2076 Polyphemus
1506 2037 1581 2076 post
1598 2029 1706 2064 Grae-

1027 2099 1148 2119 corum
1166 2085 1350 2119 discessum
1369 2083 1536 2125 saevierit,
1560 2089 1594 2116 et
1610 2094 1706 2126 quo-

1027 2137 1133 2171 modo
1159 2138 1230 2181 ipse
1256 2143 1410 2171 servatus
1435 2136 1478 2170 sit
1501 2148 1520 2169 a
1541 2134 1705 2179 Troianis

1031 2191 1195 2233 157—222.
1226 2188 1342 2230 Tum,
1373 2188 1529 2230 ηαδ-440
1543 2213 1552 2230 ,
1574 2186 1706 2221 Achae-

1027 2240 1160 2276 menidi
1186 2241 1334 2275 vicissim
1363 2239 1546 2274 Macareus
1572 2238 1703 2281 refert,

1029 2293 1112 2338 quid
1130 2292 1246 2339 Ulyssi
1264 2299 1299 2326 et
1317 2291 1416 2326 sociis
1430 2317 1439 2334 ,
1457 2291 1575 2325 relicta
1591 2290 1705 2325 Sicilia

1029 2345 1212 2387 acciderit,
1242 2343 1400 2388 inprimis
1418 2344 1453 2376 in
1478 2343 1588 2376 Circes
1611 2340 1704 2375 aedi-

1028 2399 1103 2434 bus.
1127 2399 1168 2433 In
1190 2398 1242 2432 his
1265 2396 1525 2432 transformatio
1540 2399 1703 2430 sociorum

1028 2455 1065 2485 in
1078 2462 1155 2484 sues
1166 2476 1174 2489 ‚
1197 2456 1231 2483 et
1247 2448 1328 2483 inde
1345 2460 1462 2482 rur-sus
1474 2447 1509 2481 in
1522 2446 1698 2490 homines,

1030 2503 1197 2548 273-307.
1223 2502 1318 2536 Tum
1345 2501 1528 2535 Macareus
1547 2526 1556 2542 ,
1584 2499 1702 2534 Circes
1736 2547 1739 2548 γ

1030 2562 1143 2589 artem
1155 2553 1302 2599 amplius
1311 2553 1598 2597 comprobaturus
1608 2578 1616 2594 ,
1627 2554 1708 2586 Pici

1029 2606 1262 2641 mutationem
1295 2604 1475 2650 subjungit
1496 2630 1505 2647 ,
1534 2604 1702 2646 308-440.

1031 2658 1142 2692 Totus
1158 2657 1195 2690 in
1213 2656 1265 2690 his
1287 2655 1418 2701 pendet
1434 2655 1476 2689 ab
1494 2655 1653 2689 Homero
1667 2659 1703 2687 et

1031 2709 1189 2753 Virgilio.
1205 2727 1250 2734 —-
1269 2709 1454 2742 convexum
1467 2734 1475 2747 ‚
1499 2706 1622 2741 acclive
1634 2731 1643 2748 ,
1666 2710 1707 2738 ut

1031 2761 1141 2803 XIII,
1155 2773 1216 2807 9¹¹
1232 2785 1241 2802 ‚
1258 2772 1422 2794 convexus
1431 2771 1538 2803 apex,
1557 2756 1705 2791 declivis.

1031 2813 1182 2848 Lenzius
1196 2818 1316 2848 contra
1333 2818 1526 2847 excavatam
1541 2810 1631 2843 viam
1648 2808 1706 2842 in·-
