1820 3106
264 262 343 304 118

639 264 690 306 P.
728 264 969 309 ovlnu
1008 265 1314 335 pAsoms

256 377 278 397 n
303 354 512 422 Juppiter
533 355 602 403 his
628 368 774 405 motus
789 394 800 415 ‚
823 357 1033 423 privignae
1054 358 1172 408 dona
1192 379 1421 427 nurusque

1606 376 1673 423 415

257 455 280 475 »
308 432 561 499 Praecipiet,
586 433 805 500 facietque
831 434 949 484 viros
971 436 1231 503 impubibus
1255 438 1391 486 annis.
1417 460 1440 480 »

253 571 347 618 quod
358 571 464 606 etiam
477 572 607 607 sactum
625 580 693 615 est;
706 586 858 620 namque
870 587 928 609 na-

248 632 303 660 tus
316 628 406 659 ultus
421 630 473 658 cst
480 631 652 668 parentem
663 652 670 665 ‚
690 633 824 671 patrem
839 653 848 670 ,
859 640 927 670 pa-

247 684 354 713 rente.
369 684 480 711 matre
499 677 606 712 occisa
617 704 626 721 ,
642 677 736 712 unde
748 678 926 714 Alcmaeon

249 730 285 764 in
306 729 494 764 matricidis
514 737 730 765 numeratur.
754 730 813 766 Sic
825 732 928 776 sacto

247 783 360 816 eodem
380 785 461 825 pius
476 808 484 822 ‚
513 788 649 827 patrem
672 782 838 818 ulciscens
853 810 862 827 ,
891 791 927 818 et

246 836 445 875 sceleratus,
460 841 608 869 matrem
621 835 836 871 interimens.
850 836 925 872 Cic.

246 899 312 932 pro
334 885 436 921 Rose.
464 886 544 921 Am.
572 888 614 931 24
638 899 646 921 :
669 901 686 917 «
713 888 897 923 Videtisne
913 913 924 932 ,

248 953 267 974 »¹
285 955 372 987 quos
399 941 500 976 nobis
529 949 641 988 poetae
673 942 895 978 tradiderunt
913 969 922 987 ,

249 1010 266 1025 2·
284 994 391 1040 patris
406 994 593 1029 ulciscendi
608 1007 707 1030 causa
718 995 925 1040 supplicium

246 1061 266 1078 ι»
284 1047 326 1081 de
339 1053 451 1080 matre
463 1046 622 1081 sumsisse
631 1072 641 1089 ,
654 1059 764 1091 quum
777 1059 924 1092 praeser-

247 1116 265 1131 >›
282 1101 347 1135 tim
363 1100 524 1134 Deorum
550 1100 801 1134 immortalium
826 1100 926 1145 jussis

246 1168 264 1183 ³»
284 1159 387 1197 atque
404 1152 549 1186 oraculis
564 1151 600 1186 id
614 1151 731 1187 secisse
749 1151 922 1195 dicantur,

245 1219 264 1235 υ
282 1211 399 1239 tamen
418 1210 458 1237 ut
474 1215 532 1238 eos
550 1203 679 1249 agitent
699 1203 833 1246 Furiae,
852 1217 924 1238 ne-

245 1271 264 1287 »
282 1270 349 1302 que
366 1257 553 1292 consistere
570 1269 717 1301 usquam
734 1257 923 1302 patiantur,

247 1326 264 1341 »
283 1309 376 1354 quod
394 1322 440 1343 ne
465 1309 511 1355 pii
534 1309 676 1354 quidem
699 1309 772 1344 sine
797 1310 924 1345 scelere

245 1378 263 1394 n
282 1376 353 1398 esse
371 1366 563 1408 potuerunt
576 1363 592 1396 ?
607 1378 623 1393 »
645 1362 755 1407 Quod
777 1363 872 1397 idem
891 1370 926 1399 et

242 1414 436 1449 Alcmaeoni
454 1414 575 1449 accidit
589 1427 597 1448 ε
611 1427 764 1459 namque
784 1415 923 1459 magni-

243 1467 365 1502 tudine
381 1466 518 1502 sceleris
534 1467 819 1512 perterrefactus,
834 1473 926 1502 atto-

240 1522 331 1553 nitus
340 1521 440 1552 malis
448 1545 455 1558 ,
474 1518 607 1552 insania
617 1525 796 1563 correptus
807 1544 815 1561 ‚
829 1521 930 1553 exsul

243 1574 363 1605 mentis
375 1598 383 1611 ‚
406 1577 446 1605 ut
465 1572 568 1604 exsul
575 1573 695 1615 patria·
720 1571 844 1606 Horat.
863 1571 899 1605 II
913 1598 922 1615 ‚

245 1621 315 1657 Od.
325 1633 402 1665 XVI,
418 1636 429 1655 1
436 1635 469 1669 9,
479 1629 588 1656 terras
596 1622 705 1657 varias
714 1623 921 1668 peragravit,

242 1675 343 1706 exsul
348 1675 474 1708 domus.
486 1674 654 1719 Magnam
666 1674 762 1708 enim
774 1675 924 1720 possidet

244 1724 452 1770 religionem
465 1739 482 1755 κ
495 1732 661 1771 paternus
673 1733 923 1772 maternusque

245 1792 262 1807 »
281 1777 419 1823 sanguis
429 1791 437 1819 3
449 1791 489 1812 ex
501 1790 571 1823 quo
582 1778 609 1813 si
622 1791 689 1822 qua
701 1779 833 1814 macula
845 1793 925 1814 con-

246 1845 263 1860 »
282 1837 381 1876 cepta
397 1837 449 1865 est
459 1856 468 1873 ‚
486 1843 559 1865 non
572 1831 680 1866 modo
695 1831 764 1866 elui
776 1845 849 1866 non
862 1846 925 1878 po-

243 1896 261 1912 »
279 1889 361 1926 test,
374 1895 499 1917 verum
509 1896 619 1928 usque
632 1896 674 1918 eo
686 1891 869 1929 permanat
881 1885 922 1919 ad

244 1947 261 1962 »
280 1933 456 1978 animum,
477 1941 517 1968 ut
533 1947 690 1970 summus
705 1937 804 1970 suror
819 1943 923 1982 atque

247 2000 263 2015 υ
283 1986 436 2020 amentia
461 1994 704 2032 consequatur.
723 2002 739 2017 »
771 1987 897 2023 Cicero
911 2014 921 2033 ‚

245 2038 338 2073 dicto
355 2039 440 2073 loco.
460 2040 503 2073 In
526 2040 622 2075 hunc
641 2053 800 2075 errorem
823 2041 923 2076 insa-

243 2091 407 2136 niamque
418 2092 646 2136 conjecerunt
658 2105 739 2128 eum
747 2106 817 2128 suae
823 2093 923 2129 malae

244 2142 462 2179 conscientiae
474 2146 581 2179 animi
595 2160 602 2188 ;
623 2146 682 2181 sed
695 2154 806 2193 poetae
820 2150 925 2182 vulli-

244 2199 305 2231 bus
318 2203 377 2231 aut
389 2196 485 2231 taedis
496 2197 683 2231 Furiarum
695 2225 703 2242 ,
718 2199 923 2234 occisorum-

245 2262 313 2295 que
339 2251 464 2284 umbrz's
485 2249 670 2294 tribuunt,
699 2251 792 2296 quod
818 2264 921 2286 cons-

245 2301 380 2336 cientiae
410 2300 638 2336 tribuendum
672 2309 733 2337 est.
765 2302 891 2338 Cicero
910 2329 920 2348 ,

196 2369 197 2372 ¹
247 2354 338 2388 dicto
362 2353 438 2388 loco
457 2366 465 2388 ι
485 2368 502 2383 «
520 2353 637 2389 Nolite
661 2354 757 2388 enim
779 2361 919 2399 putare,

247 2422 263 2436 ν»
284 2406 584 2452 quemadmodum
605 2407 643 2441 in
663 2407 785 2442 fabulis
805 2420 920 2453 saepe-

247 2475 262 2489 ³»
281 2473 431 2495 numero
447 2459 591 2504 videtis,
615 2473 674 2496 eos
688 2486 697 2504 ,
717 2461 775 2505 qui
793 2461 921 2507 aliquid

245 2526 262 2540 υ
280 2511 385 2557 impie
409 2511 640 2556 scelerateque
660 2511 919 2556 commiserint,

246 2578 262 2592 υ
280 2563 399 2608 agitari
415 2570 450 2597 et
467 2564 653 2608 perterreri
666 2564 852 2598 Furiarum
865 2577 920 2598 ar-

248 2628 263 2643 »
281 2614 920 2661 dentibustaedis.Suaquemquesraus

246 2679 263 2694 ν»
281 2670 316 2699 et
325 2677 406 2699 suus
416 2673 530 2700 terror
539 2667 686 2702 maxime
697 2675 807 2712 vexat,
817 2681 920 2702 suum

248 2730 264 2745 π
283 2728 457 2761 quemque
477 2719 584 2753 scelus
600 2720 704 2765 agitat
717 2747 725 2761 ‚
748 2721 921 2755 amentia-

245 2782 262 2796 ν
282 2781 348 2812 que
359 2769 464 2805 afficit
473 2783 481 2804 z
490 2783 560 2805 suae
573 2772 671 2806 malae
681 2772 918 2818 cogitationes,

994 590 1011 606 »
1024 575 1312 622 conscientiaeque
1321 577 1427 612 animi
1437 584 1571 614 terrent
1584 586 1670 614 etc.»

994 627 1120 676 Quum
1129 629 1554 674 Psophidephegeifiliam‚
1564 644 1670 676 quam

992 679 1048 713 alii
1061 679 1236 714 Arsinoen
1249 707 1258 724 ‚
1275 681 1331 715 alii
1344 681 1599 726 Alphesiboeam
1611 695 1669 717 vo-

991 740 1083 777 cant,
1094 733 1256 778 duxisset,
1264 734 1408 770 tandem
1420 736 1564 772 venitin
1579 737 1670 772 insu-

990 784 1059 819 lam
1071 812 1080 829 ,
1098 799 1202 831 quam
1219 786 1391 823 Achelous
1410 789 1537 823 fecerat
1551 815 1561 833 ,
1578 801 1670 825 ama-

989 837 1106 882 vitque
1120 840 1321 879 Callirhoen,
1336 840 1484 874 Acheloi
1489 838 1597 875 filiam
1608 866 1618 884 ,
1629 855 1673 876 ex

991 901 1058 934 qua
1070 891 1218 935 suscepit
1233 890 1322 926 filios
1336 890 1423 926 duos
1434 918 1444 935 ,
1470 892 1669 939 Amphote-

989 954 1071 975 rum
1086 949 1121 976 et
1139 942 1359 977 Acarnanem
1370 969 1379 986 ,
1399 956 1418 977 a
1434 956 1503 989 quo
1515 945 1671 980 Acarna-

990 1007 1052 1028 nes
1065 1019 1075 1036 ,
1104 1002 1206 1030 antea
1230 995 1380 1031 Curetes
1404 996 1486 1033 dicti
1501 1020 1511 1041 5
1535 1011 1669 1034 nomen

990 1054 1209 1092 acceperunt.
1226 1048 1326 1083 Nova
1342 1049 1471 1093 conjux
1479 1054 1596 1094 poscit
1606 1064 1671 1086 au-

988 1112 1079 1140 mm,
1103 1100 1234 1134 monile
1253 1114 1402 1136 aureum
1424 1104 1438 1146 (
1456 1103 1562 1138 etiam
1583 1104 1670 1139 Ho-

989 1163 1107 1186 merus
1121 1178 1130 1194 ‚
1155 1152 1225 1187 Od.
1244 1159 1272 1189 Δ
1286 1180 1295 1195 ,
1319 1154 1384 1188 325
1398 1180 1408 1198 ,
1433 1163 1533 1190 vocat
1560 1159 1672 1206 χρυσᾶν

989 1205 1179 1247 τιμήεντα),
1193 1204 1288 1249 quod
1300 1205 1371 1250 jam
1382 1205 1573 1242 donaverat
1581 1207 1671 1242 Phe-

991 1256 1044 1301 gei
1064 1255 1152 1291 filiae.
1171 1258 1352 1293 Profectus
1370 1258 1478 1304 igitur
1494 1259 1669 1305 Psophida

991 1308 1121 1353 accepit
1136 1309 1267 1343 monile
1283 1320 1428 1345 aureum
1438 1337 1447 1354 ,
1460 1322 1669 1347 consecran-

991 1360 1078 1394 dum
1096 1361 1250 1407 Apollini
1268 1362 1449 1409 Delphico,
1469 1363 1541 1399 Sed
1558 1375 1668 1409 quum

988 1412 1150 1458 Phegeus
1187 1415 1403 1459 cognovisset
1434 1442 1444 1459 ,
1482 1414 1670 1452 Callirhoan
1724 1419 1729 1425 ⁴

988 1463 1200 1499 destinatum
1217 1466 1251 1500 id
1267 1466 1402 1501 donum
1416 1494 1425 1511 ,
1444 1468 1532 1503 filios
1551 1469 1645 1504 misit
1657 1496 1667 1512 ,

988 1516 1048 1559 qui
1076 1517 1291 1553 trucidarent
1320 1519 1558 1556 Alcmaeonem
1586 1535 1595 1556 :
1621 1522 1669 1557 sic

987 1580 1114 1602 aurum
1130 1568 1215 1603 illud
1222 1570 1349 1613 fatale.
1376 1571 1431 1606 De
1448 1572 1562 1617 phrasi
1577 1576 1669 1608 latus

986 1620 1119 1653 haurire
1129 1646 1138 1662 ,
1152 1620 1230 1654 vide
1246 1620 1288 1654 ad
1301 1621 1347 1665 V,
1369 1636 1380 1656 ι
1389 1624 1439 1658 26.
1461 1625 1644 1668 Cognatum
1656 1652 1664 1665 ‚

989 1670 1068 1715 quia
1078 1671 1258 1706 Alcmaeon
1272 1673 1478 1709 affinitatem
1489 1682 1668 1711 contraxe-

987 1731 1042 1759 rat
1057 1738 1138 1760 cum
1154 1726 1296 1772 Phegei>
1310 1742 1318 1769 ;
1335 1740 1419 1762 nam
1437 1733 1669 1773 cognationem

987 1790 1052 1823 pro
1066 1778 1234 1824 affinitate
1247 1780 1331 1826 poni
1347 1780 1464 1816 docuit
1474 1781 1667 1829 Schulting.

988 1830 1031 1864 ad
1049 1830 1172 1866 Senec.
1197 1830 1368 1866 Controv.
1394 1833 1474 1876 111,
1499 1847 1538 1867 αι
1554 1859 1563 1878 ,
1581 1845 1668 1868 mo—

987 1888 1095 1917 nente
1117 1882 1336 1918 Burmannu.
1364 1883 1554 1919 Interfecto
1576 1884 1668 1919 Alc-

986 1947 1122 1969 maeone
1141 1961 1150 1978 ,
1184 1937 1353 1970 Callirhoe
1373 1939 1515 1980 supplex
1540 1949 1564 1971 a
1582 1938 1670 1971 Jove

981 1989 1099 2030 petiit,
1124 1994 1163 2022 ut
1183 1987 1273 2022 natis
1293 1999 1402 2022 annos
1423 1987 1538 2022 viriles
1558 1987 1665 2034 largi-

987 2044 1085 2072 retur
1098 2038 1139 2072 ad
1156 2050 1279 2073 necem
1296 2046 1478 2084 paternam
1497 2039 1667 2074 ulciscen-

987 2090 1078 2124 dam.
1112 2093 1126 2135 (
1150 2090 1258 2135 Quod
1290 2091 1472 2126 consilium
1504 2093 1667 2138 exprimit

987 2155 1105 2177 versus
1134 2143 1175 2178 ab
1205 2143 1353 2178 Heinsio
1383 2144 1499 2178 forsan
1531 2151 1666 2179 temere

986 2195 1117 2240 ejectus
1130 2221 1139 2239 ,
1167 2209 1273 2241 quem
1289 2196 1405 2231 variae
1418 2197 1582 2232 lectiones
1593 2197 1665 2232 ha-

986 2246 1071 2280 bent
1081 2247 1105 2289 ).
1125 2246 1261 2282 Confer
1271 2248 1432 2294 Apollod.
1445 2248 1477 2283 d.
1491 2248 1512 2282 l.
1524 2248 1667 2294 Jupiter

987 2313 1055 2334 ann
1061 2300 1111 2350 uit
1127 2301 1285 2346 precibus
1299 2309 1335 2337 et
1350 2301 1471 2337 tribuit
1481 2301 1544 2336 hos
1554 2313 1665 2336 annos

986 2354 1110 2388 auxilio
1122 2355 1241 2390 Hebes
1245 2358 1420 2400 privigna,
1444 2366 1549 2399 quam
1564 2354 1665 2388 Juno

985 2406 1058 2441 sine
1090 2414 1186 2452 patre
1218 2413 1400 2453 pepererat
1418 2433 1427 2450 ,
1474 2418 1639 2450 nurusque
1651 2433 1661 2448 ‚

986 2471 1091 2503 quam
1109 2459 1297 2503 Hercules,
1317 2459 1415 2493 Jovis
1429 2458 1539 2501 filius,
1556 2458 1665 2493 duxe-

985 2515 1288 2558 rat—Praeczpm
1303 2512 1394 2547 Rod.
1409 2524 1482 2547 non
1493 2512 1584 2547 bene
1603 2525 1664 2546 en—

984 2566 1141 2599 heischen
1165 2565 1280 2600 vertit.
1306 2565 1443 2609 Immo,
1470 2576 1661 2610 occupare,

985 2624 1064 2651 ante
1082 2624 1218 2662 tempus
1239 2617 1391 2651 tribuere
1406 2643 1415 2659 ,
1439 2630 1480 2651 ex
1497 2629 1563 2651 usu
1582 2616 1663 2662 qui-

985 2669 1067 2704 dem
1081 2669 1176 2704 verbi
1192 2670 1422 2714 exquisitiore.
1435 2669 1545 2704 Tacit.
1563 2669 1660 2704 Anu.

984 2721 1041 2756 lib.
1065 2722 1101 2765 I,
1129 2735 1201 2766 cap.
1229 2725 1270 2757 55
1285 2748 1294 2765 ,
1312 2726 1491 2767 precipere
1514 2723 1656 2762 bellum,

985 2773 1154 2809 maturius
1171 2774 1294 2808 facere.
