1820 3106
312 232 315 233 ⁷
383 208 1072 258 METAMORPHOSEON
1105 208 1237 253 LIB.
1273 210 1335 253 X.

1518 211 1600 272 159

155 307 417 375 Acciperet,
444 303 581 362 dixit;
603 301 894 369 revolutaque
918 321 1074 351 rursus
1097 301 1254 351 eodem
1278 313 1357 350 est.

152 386 261 434 Non
282 382 410 432 aliter
431 379 609 447 stupuit
631 379 807 443 gemina
829 398 936 428 nece
962 378 1164 445 conjugis
1189 378 1403 446 Orpheus
1417 417 1428 439 ‚

155 463 305 528 Quam
327 459 410 509 tria
433 460 512 526 qui
535 457 745 516 timidus,
770 457 917 507 medio
942 470 1152 525 portante
1177 470 1353 507 catenas
1369 498 1382 518 ,
1550 475 1595 509 65

157 537 282 589 Colla
301 537 423 586 canis
445 535 559 584 vidit
578 555 589 584 :
613 555 744 602 quem
767 555 859 584 non
882 555 1021 603 pavor
1043 549 1145 586 ante
1169 535 1379 604 reliquit,

155 619 303 683 Quam
329 627 490 680 natura
511 614 662 682 prior,
690 633 796 663 saxo
821 634 904 681 per
926 633 1088 681 corpus
1114 615 1282 663 oborto
1305 635 1316 664 ε

154 694 342 762 Quique
367 694 414 742 in
438 711 484 742 se
509 692 675 742 crimen
698 692 863 751 traxit,
888 691 1121 759 voluitque
1144 693 1298 742 videri

155 772 327 823 Olenos
349 790 442 821 esse
465 789 634 820 nocens
654 790 664 818 :
689 781 827 836 tuque
853 790 880 819 o
906 771 1074 820 confisa
1091 771 1269 835 figurae,

88 892 99 903 .
154 851 320 901 Infelix
343 850 546 908 Lethaea,
572 861 659 898 tuae
677 868 688 907 ;
708 849 990 914 junctissima
1014 849 1242 916 quondam
1561 878 1603 911 70

153 931 344 979 Pectora
358 966 371 987 ‚
394 947 514 976 nunc
536 927 736 994 lapides,
765 946 878 994 quos
899 926 1085 975 humida
1112 926 1304 975 sustinet
1326 926 1417 974 Ide.

158 1009 404 1066 Orantem,
425 1005 679 1072 frustraque
701 1005 864 1054 iterum
889 1004 1076 1054 transire
1102 1004 1328 1054 volentem

156 1086 361 1135 Portitor
381 1095 581 1134 arcuerat
602 1104 611 1132 :
632 1096 803 1150 septem
830 1095 974 1132 tamen
999 1082 1074 1131 ille
1098 1083 1258 1132 diebus
1276 1121 1288 1141 ‚

156 1220 226 1256 sius
242 1219 414 1256 scribebat
426 1246 436 1263 ,
451 1220 537 1265 quid
544 1222 633 1254 enim
648 1231 721 1253 sese
737 1230 850 1263 quere-

155 1274 353 1309 reta-Re
357 1273 431 1319 gius
441 1272 473 1308 A
482 1299 491 1316 ,
504 1274 846 1317 nisisubsequerctur;

159 1325 285 1362 Codex
300 1326 332 1362 B
347 1325 436 1360 nihil
453 1332 578 1360 mutat.
658 1323 662 1326 ’

202 1379 256 1414 63.
282 1380 461 1427 Revoluta.
485 1377 604 1424 Vulgo
630 1383 864 1422 revocata—-

160 1432 264 1479 Regii
285 1432 398 1467 nostri
411 1458 421 1476 ,
445 1433 619 1475 revoluta;
644 1443 723 1476 quae
746 1430 850 1465 lectio

157 1491 253 1520 certe
269 1484 429 1519 vividior.
448 1485 515 1518 Ed.
531 1501 576 1510 —
586 1485 759 1517 Revoluta
773 1489 843 1525 est,

157 1538 292 1584 relapsa
312 1543 364 1573 est
385 1549 469 1572 cum
486 1535 636 1571 notione
653 1534 849 1571 celeritatis.

161 1589 235 1626 Cic.
254 1591 330 1626 Att.
347 1590 462 1634 XIII,
482 1589 544 1634 26,
561 1591 712 1624 revolvor
724 1591 852 1624 identi—

156 1645 232 1679 dem
240 1646 277 1678 in
283 1643 522 1683 Tusculanum,
536 1642 594 1677 ubi
605 1641 719 1688 simpl.
730 1641 849 1676 redeo.

199 1695 254 1741 64.
280 1697 360 1732 Non
379 1697 482 1730 aliter
498 1698 636 1739 stupuit.
653 1694 849 1740 Vulgarem

156 1748 461 1794 comparationem
487 1746 629 1782 attoniti
658 1759 740 1781 cum
769 1759 850 1781 saxo

157 1800 340 1836 exornavit
347 1799 485 1843 sabulis,
497 1811 589 1844 quae,
604 1811 715 1843 quum
724 1804 759 1832 et
768 1797 850 1843 ipsae

158 1852 488 1889 transformationes
501 1850 655 1886 habeant
667 1877 676 1894 ,
696 1864 852 1885 commo-

158 1907 204 1942 de
225 1907 369 1941 incertae
391 1911 485 1941 sunt.
505 1903 592 1938 Viso
614 1903 736 1948 aliquis
758 1903 853 1938 Cer-

159 1959 247 1994 bero
260 1958 298 1993 in
313 1969 435 1993 saxum
450 1968 639 1992 conversus
652 1955 696 1991 sit
708 1968 850 1991 necesse

161 2019 214 2047 est
228 2019 237 2046 ε
253 2010 330 2056 quis
341 2016 461 2045 autem
474 2008 531 2044 ille
541 2008 649 2043 suerit
661 2035 670 2053 ,
683 2021 759 2043 non
770 2021 853 2044 con-

161 2072 238 2100 stat.
251 2064 338 2099 Sine
350 2063 458 2098 dubio
468 2061 503 2096 id
516 2062 647 2096 sactum
659 2069 726 2106 est,
739 2075 851 2108 quum

164 2118 337 2154 Hercules
351 2130 434 2152 eum
451 2115 493 2151 ad
511 2128 653 2161 superas
669 2129 771 2150 auras
791 2130 852 2151 ex—

162 2171 332 2207 traxisset.
345 2169 492 2206 Confer.
502 2169 630 2205 suidas
642 2170 678 2204 in
690 2171 851 2216 proverb.

166 2227 329 2274 διιλέτερος
347 2230 400 2259 τοῦ
418 2225 656 2269 παρακόπτοντες
672 2250 682 2268 ,
705 2224 762 2258 cui
778 2224 852 2259 haec

163 2276 231 2310 sab.
246 2275 421 2321 originem
433 2274 567 2312 dedisse
582 2273 732 2309 videtur.
750 2275 852 2310 Idem

164 2328 285 2373 addit,
305 2341 369 2363 sno
387 2327 502 2363 adhuc
522 2334 682 2373 tempore
699 2330 853 2375 conspici

163 2382 232 2417 hoc
254 2394 386 2417 saxum.

207 2436 264 2472 65.
299 2437 451 2471 Timidus
475 2441 590 2470 mutat
620 2434 788 2471 Heinsius
814 2436 852 2471 in

164 2489 296 2535 Stygi1'3
307 2487 381 2523 duo
393 2490 542 2523 lumz'dus
552 2499 563 2529 ,·
578 2487 712 2533 primus
723 2487 853 2534 Regius

164 2543 309 2581 tumidi,
338 2541 372 2576 id
401 2547 453 2575 est
475 2540 553 2575 irati
574 2552 582 2573 :
601 2552 674 2574 non
694 2540 794 2575 male.
811 2558 855 2566 —

168 2592 291 2628 Codex
301 2593 432 2639 Regius
447 2593 479 2628 A
490 2619 500 2636 ‚
510 2594 655 2631 tumt'd1'‚·
673 2591 797 2626 Codex
809 2593 852 2636 B,

164 2648 285 2680 tim1'd1’.
300 2663 346 2672 -——
361 2646 501 2687 fisedicm·
520 2645 610 2680 collo
625 2644 852 2686 subauditur;

166 2709 251 2732 nam
263 2711 281 2731 e
294 2698 404 2732 tribus
418 2697 568 2732 Cerberi
585 2697 680 2732 collis
695 2696 855 2731 medium

165 2750 296 2785 catenis
312 2751 426 2785 suerat
442 2749 600 2795 ligatum.
616 2751 684 2784 Ed.

962 1218 1016 1266 69.
1039 1219 1216 1252 Olenos...
1230 1218 1377 1252 letha-a.
1394 1217 1538 1252 Horum
1554 1219 1608 1253 sa-

914 1270 995 1305 bula
1007 1283 1080 1305 non
1095 1266 1508 1318 nota.-—C013fisafi5uroe.
1519 1272 1609 1307 Tur-

916 1323 1029 1359 nebus
1041 1350 1049 1366 ,
1064 1323 1210 1359 Advers.
1228 1324 1268 1367 I,
1287 1325 1350 1368 23,
1369 1324 1451 1370 legit
1473 1328 1608 1371 confixa

902 1377 1048 1421 figura,
1067 1383 1102 1411 et
1119 1376 1390 1421 interpretatur:
1407 1383 1446 1411 tu
1463 1390 1545 1412 cum
1564 1378 1609 1412 fi-

916 1440 1002 1474 gura
1013 1435 1073 1462 tua
1087 1428 1123 1462 in
1137 1428 1290 1474 lapidem
1304 1429 1495 1474 obriguisti.
1515 1430 1609 1476 Qui-

913 1481 999 1516 dam
1012 1481 1109 1516 MSS
1111 1484 1240 1528 figura.
1255 1501 1299 1507 —
1313 1482 1445 1527 Regius
1460 1483 1491 1517 A
1503 1509 1512 1527 ,
1525 1497 1609 1518 con-

901 1537 979 1581 fisa
980 1537 1123 1582 figura-3
1138 1536 1168 1570 B
1180 1562 1189 1580 ,
1208 1538 1513 1582 corfisafigura-.—
1519 1538 1610 1571 Con-

901 1590 1106 1634 fisafiguroe
1120 1588 1211 1623 sorte
1229 1589 1276 1623 ita
1288 1615 1297 1632 ,
1315 1595 1356 1623 ut
1371 1601 1407 1623 se
1425 1590 1608 1634 praeserret

915 1639 1183 1686 Deabus;quam
1192 1640 1395 1685 superbiam
1405 1641 1606 1686 quumDeae

915 1692 1032 1727 ulcisci
1046 1693 1198 1736 vellent,
1218 1692 1355 1728 Olenos
1373 1694 1513 1728 videtur
1531 1694 1608 1728 cri—

915 1758 1000 1779 men
1013 1745 1049 1779 in
1064 1758 1099 1780 se
1115 1745 1297 1791 recepisse.
1308 1748 1509 1790 -Jungere
1517 1760 1608 1790 pec-

915 1805 990 1832 tora
1007 1799 1147 1843 proprie
1166 1798 1208 1832 de
1228 1805 1307 1832 actu
1326 1811 1482 1832 venereo
1498 1811 1506 1833 :
1527 1798 1607 1833 vide

917 1850 960 1886 ad
980 1852 1032 1886 IX
1047 1877 1056 1895 ,
1082 1851 1157 1899 469.
1184 1851 1255 1886 Sed
1278 1852 1610 1896 nuncl'uncttlrsima

909 1910 1049 1948 pectora
1061 1910 1145 1938 sunt
1160 1903 1330 1949 conjuges
1346 1917 1466 1938 amore
1480 1911 1608 1939 mutuo

914 1969 951 1991 se
960 1955 1222 2002 amplectentes.
1232 1957 1381 2000 Jungere
1391 1956 1488 1991 enim
1499 1956 1607 1991 etiam

918 2008 961 2043 de
975 2021 1094 2043 amore
1107 2015 1142 2043 et
1154 2008 1305 2043 amicitia
1318 2008 1447 2044 dicitur
1457 2017 1601 2054 :pectus‚

917 2069 957 2096 ut
979 2061 1058 2096 alibi
1083 2067 1206 2105 caput,
1230 2060 1273 2095 de
1298 2068 1373 2096 toto
1394 2061 1551 2098 homine.
1565 2082 1609 2090 ·—

917 2117 1070 2150 Humida
1085 2117 1166 2150 Ide:
1183 2114 1262 2149 vide
1281 2115 1324 2149 ad
1345 2116 1380 2150 II
1394 2143 1403 2159 ,
1423 2118 1497 2152 218.

963 2175 1014 2214 7²7·
1030 2171 1190 2204 Transire
1205 2172 1377 2204 volentem.
1394 2170 1525 2216 Sprotii
1540 2186 1609 2206 co-

918 2222 984 2257 dex
1001 2230 1037 2257 et
1054 2235 1146 2256 unus
1163 2222 1296 2256 Moreti
1313 2226 1458 2257 transire
1470 2238 1609 2268 paran—

915 2282 998 2316 tem,
1018 2275 1113 2320 quod
1127 2275 1359 2310 Burmannus
1371 2275 1496 2310 melius
1514 2275 1611 2320 judi-

917 2335 972 2362 cat
985 2354 994 2371 ,
1020 2327 1117 2373 quasi
1144 2327 1266 2362 liceret
1291 2328 1421 2361 iterum
1449 2329 1608 2363 transire.

918 2381 1040 2415 Recte.
1055 2398 1100 2405 --
1118 2379 1219 2425 Regii
1241 2380 1352 2413 nostri
1375 2382 1548 2414 volentem.
1565 2399 1610 2406 -—-

918 2435 1067 2468 Portitor
1074 2433 1220 2468 nomine
1232 2433 1328 2478 quasi
1341 2433 1483 2478 proprio
1497 2433 1610 2469 dictus

920 2485 1067 2520 Charon
1079 2512 1088 2529 ,
1108 2498 1182 2520 non
1196 2499 1213 2518 a
1226 2484 1401 2530 portando
1414 2511 1423 2528 ,
1442 2485 1502 2519 sed
1513 2486 1609 2531 quod

919 2553 938 2574 a
952 2540 1101 2574 mortuis
1119 2539 1317 2585 portorium
1335 2539 1488 2585 exigeret
1503 2553 1511 2575 ε
1529 2540 1608 2575 vide

919 2592 1186 2627 Broukhusium
1201 2591 1244 2625 ad
1253 2593 1415 2637 Propert.
1427 2593 1494 2636 IV,
1506 2605 1561 2635 XI,
1576 2607 1607 2638 7;

920 2645 1044 2690 Virgil.
1058 2644 1092 2679 G
1117 2645 1183 2687 IV,
1199 2647 1263 2679 502
1276 2672 1285 2689 ,
1299 2659 1360 2680 nec
1365 2649 1509 2690 portitor
1529 2650 1615 2682 Orci

919 2697 1080 2740 Amplius
1090 2697 1257 2740 objectam
1264 2710 1392 2740 passus
1400 2701 1543 2733 transire
1548 2712 1610 2741 pa-

918 2749 1213 2794 ladem-Septem
1222 2751 1348 2784 diebus.
1356 2751 1540 2795 Septenari
1546 2763 1607 2784 um
