1820 3106
289 230 983 284 METAMORPHOSEON
1018 234 1147 278 LIB.
1186 234 1348 278 XIII.

1449 233 1535 294 377

121 333 261 400 Cujus
281 350 421 401 equos
439 330 630 399 pretium
651 348 735 396 pro
758 340 887 377 nocte
910 337 1174 394 poposcerat
1193 326 1337 375 hostis
1351 363 1363 385 ‚

119 414 255 462 Arma
275 421 431 475 negate
452 408 562 459 mihi
579 428 591 467 ;
610 407 830 474 fueritque
849 406 1089 469 benignior
1107 405 1240 470 Ajax!

121 489 259 555 Quid
269 489 392 557 Lycii
411 487 594 537 referam
618 484 886 553 Sarpedonis
909 484 1083 546 agmina
1102 482 1221 532 ferro

1479 494 1544 527 255

120 568 355 616 Devastata
374 565 509 614 meo?
530 583 631 612 cum
652 562 793 611 multo
817 562 1030 626 sanguine
1047 561 1143 610 sudi

123 644 346 694 Coeranon
370 641 674 711 Hippasiden,
697 640 989 707 Alastoraque
1003 677 1016 698 ,
1041 638 1416 704 Chromiumque,

123 721 510 788 Alcandrumque,
536 719 832 786 Haliumque,
854 721 1197 784 Noemonaque,
1221 714 1546 782 Prytaninque,

121 799 360 866 Exitioque
382 799 485 847 dedi
508 817 609 847 cum
631 796 991 846 Chersidamante
1013 795 1231 852 Thoona,

121 878 184 926 Et
207 877 471 942 Charopen,
494 875 686 941 fatisque
703 873 951 923 immitibus
970 875 1213 922 Ennomon
1237 882 1405 928 actum;

1486 883 1550 916 260

124 954 306 1021 Quique
327 953 474 1002 minus
496 951 689 1000 celebres
709 963 863 999 nostra
886 951 970 999 sub
993 950 1216 999 moenibus
1238 949 1365 998 urbis

124 1032 409 1081 Procubuere
431 1049 564 1079 manu
584 1049 596 1078 ε
616 1039 721 1077 sunt
743 1039 787 1077 et
807 1027 917 1076 mihi
939 1027 1121 1077 vulnera
1136 1065 1147 1086 ,
1172 1028 1287 1076 cives
1303 1064 1314 1085 ,

125 1110 232 1177 Ipso
254 1108 442 1177 pulchra
462 1107 564 1156 loco
588 1126 598 1156 :
618 1124 699 1154 nec
722 1104 846 1154 vanis
870 1104 1032 1154 credite
1053 1104 1201 1154 verbis
1220 1124 1231 1152 :

128 1242 345 1278 Romanum.
368 1241 425 1277 De
436 1241 560 1279 ,reditu
575 1240 710 1289 Ulyssis
725 1253 805 1276 cum

127 1307 235 1330 curru
249 1293 330 1330 vide
346 1294 385 1330 Il.
401 1301 431 1331 K
443 1320 453 1338 ,
470 1296 532 1341 497
550 1306 624 1340 sqq.

173 1345 250 1381 253.
270 1348 412 1388 Hostis,
431 1346 570 1390 Dolon,
592 1358 703 1391 quum
724 1358 810 1391 spe—

129 1397 264 1433 culator
271 1398 486 1442 mitteretur,
493 1411 557 1443 pro
565 1405 672 1438 nocte,
685 1411 749 1444 pro
757 1411 811 1433 ex-

130 1450 324 1496 ploratione
335 1449 394 1485 illa
401 1458 576 1486 nocturna
585 1462 687 1495 equos
697 1450 812 1485 Achil-

129 1503 339 1551 lis-pretium
353 1502 520 1548 poposcit.
537 1502 687 1536 Homer.
705 1501 744 1536 11.
759 1508 787 1536 K
800 1526 810 1543 ,

131 1555 206 1602 39²·
221 1555 320 1601 Virg.
330 1554 417 1590 AEn.
430 1554 525 1598 XII,
542 1554 607 1598 346
620 1566 702 1599 sqq3
720 1552 811 1587 conf.

132 1607 239 1642 etiam
259 1607 406 1650 Noster,
425 1606 476 1642 lb.
495 1606 562 1653 629
578 1619 586 1647 ;
609 1605 716 1640 Trist.
733 1605 789 1639 ΙΙΙ
802 1631 811 1648 ,

132 1670 173 1695 lv
185 1685 196 1704 ,
217 1659 271 1704 34.
283 1677 329 1686 —
346 1661 454 1695 Anna
475 1663 594 1704 negate
614 1660 702 1693 milti
721 1658 814 1703 justo

131 1712 361 1760 impetuosius
378 1712 512 1749 dictum
530 1720 582 1748 est
599 1739 609 1755 ‚
638 1719 674 1747 et
690 1711 814 1747 melius

132 1765 340 1801 conveniret
350 1765 440 1800 irato
451 1765 550 1810 Ajaci
564 1792 574 1810 ,
596 1778 702 1810 quam
714 1764 815 1799 blan-

134 1817 246 1853 dienti
275 1817 492 1853 auditoribus
518 1817 636 1864 Ulyssi
656 1831 665 1859 ;
698 1830 814 1862 neque

133 1869 192 1905 bic
203 1869 308 1904 habet
323 1876 572 1915 argumentum
584 1869 736 1914 justum:
748 1869 816 1903 Da-

135 1929 170 1957 te
195 1921 283 1956 mihi
307 1934 404 1956 arma
427 1921 590 1963 Achillis3
616 1934 679 1956 cur
694 1921 710 1956 ἲ
736 1921 817 1967 quia

137 1986 220 2009 eum
238 1973 315 2019 cepi
332 1999 342 2016 ,
369 1973 432 2018 qui
450 1985 559 2018 equos
584 1973 728 2008 Achillis
745 1986 818 2020 po-

137 2032 307 2072 poscerat.
323 2044 368 2052 —
383 2026 427 2061 ln
444 2026 557 2061 verbis
567 2025 739 2071 fueritque
754 2029 819 2062 be-

137 2082 272 2123 nignior
291 2078 391 2123 Ajaz
412 2077 616 2113 laborarunt
636 2078 820 2124 interpre-

138 2138 191 2166 tes
202 2144 211 2172 ;
226 2129 394 2165 Heinsius
403 2131 437 2166 τὲ
446 2133 619 2175 benignior
625 2130 755 2175 passive
766 2143 819 2165 su-

139 2184 259 2219 mebat
269 2195 334 2230 pro
345 2195 388 2218 eo
398 2209 412 2228 ,
423 2183 483 2228 qui
492 2183 644 2229 benigne
656 2183 818 2228 habetur,

139 2236 240 2281 cujus
266 2243 387 2271 tamen
411 2234 671 2281 significationis
693 2248 820 2270 exem-

141 2289 240 2335 plum
265 2301 302 2324 se
327 2287 489 2333 ignorare
511 2286 695 2323 fatebatur.
719 2289 821 2323 Bur-

142 2354 296 2377 mannus
311 2340 456 2386 explicat
469 2365 479 2383 ,
502 2339 613 2384 magis
627 2340 821 2386 popularis,

144 2393 311 2437 blandus,
327 2399 368 2427 ut
383 2391 471 2427 adeo
487 2391 644 2426 obtineat
662 2405 740 2437 quae
754 2405 823 2427 ve-

146 2446 196 2481 lit.
209 2445 308 2481 MSS
330 2443 475 2490 quidam
488 2470 497 2488 ‚
519 2447 601 2489 quia
621 2451 680 2479 aut
698 2457 825 2490 quoque

146 2502 296 2544 dignior,
311 2497 407 2533 unde
421 2497 589 2532 Heinsius
600 2497 826 2542 conjicitsue-

147 2554 194 2586 rit
205 2552 260 2585 bis
274 2552 420 2595 dignior,
434 2556 513 2593 aut,
529 2551 702 2594 tuleritque
715 2562 757 2584 ea
770 2551 827 2584 di·-

146 2607 262 2649 gnior:
275 2604 372 2650 prius
379 2603 535 2649 placebat
544 2602 651 2637 etiam
665 2600 826 2648 Caposer.

149 2655 314 2690 Muretus
329 2654 539 2689 emendabat
539 2653 637 2699 jerat
644 2655 716 2688 ᾗσι·
725 2659 764 2689 ut
775 2657 828 2689 di-

142 2711 244 2753 gnior
262 2708 373 2752 Ajax.
394 2706 623 2753 Koeppenius
646 2719 712 2753 pro
728 2707 829 2752 Δία·

147 2760 314 2799 suadebat
329 2763 454 2797 Hector
464 2774 475 2798 .·
487 2761 615 2808 quippe
625 2761 684 2808 qui
698 2761 826 2797 Doloni

871 1240 1078 1287 promiserat
1099 1253 1207 1286 equos
1225 1238 1423 1274 Achillis.-
1433 1237 1554 1272 Codex

873 1295 960 1341 Reg.
975 1294 1007 1329 A
1017 1294 1075 1329 dat
1078 1294 1250 1339 fueritque
1258 1291 1555 1337 bcnlssqniorAjax;

874 1346 983 1382 codex
1000 1347 1031 1381 B
1055 1348 1228 1391 tuleritque
1251 1348 1424 1389 benignior
1445 1344 1555 1387 Ajax.

875 1400 957 1434 Non
973 1400 1108 1444 ingrata
1121 1404 1172 1433 est
1185 1396 1385 1432 emendatio
1397 1395 1530 1430 Mureti
1546 1409 1555 1437 ;

874 1451 935 1487 sed
952 1450 1153 1496 Koeppenii
1168 1450 1370 1494 conjectura
1386 1449 1488 1494 plane
1505 1455 1558 1484 est

876 1502 1078 1549 rejicienda.
1096 1503 1161 1537 Ed.

922 1557 996 1590 255.
1013 1555 1182 1599 Sarpedon
1194 1579 1204 1595 ‚
1228 1552 1327 1587 Jovis
1341 1552 1432 1587 filius
1445 1578 1455 1596 ,
1478 1552 1558 1598 Ly—

878 1608 937 1643 ciis
962 1613 1119 1652 praeerat.
1145 1607 1179 1641 Is
1203 1618 1337 1651 quum,
1361 1604 1558 1650 Tlepolemi

878 1659 976 1695 hasta
990 1659 1192 1694 vulneratus
1204 1684 1213 1702 ,
1231 1658 1340 1693 elatus
1353 1664 1443 1693 esset
1458 1669 1477 1691 a
1491 1656 1561 1690 suis

879 1726 899 1748 e
917 1712 1036 1759 praelio
1049 1738 1060 1756 ,
1084 1712 1227 1759 Ulysses
1248 1715 1386 1756 agmina
1405 1710 1480 1754 eius
1496 1711 1562 1743 de—

879 1769 1025 1800 vastavit
1035 1765 1149 1809 ferro,
1181 1764 1298 1809 plures
1323 1776 1342 1797 e
1364 1762 1463 1798 sociis
1488 1762 1563 1806 ejus

880 1817 1056 1852 interfecit
1073 1843 1083 1860 ,
1107 1829 1260 1862 quorum
1278 1815 1424 1850 nomina
1441 1814 1498 1848 hic
1522 1826 1563 1847 ex

882 1868 1046 1903 Homero
1057 1894 1067 1912 ,
1081 1868 1120 1903 ll.
1134 1875 1160 1903 E
1172 1894 1181 1911 ‚
1199 1867 1261 1912 577
1274 1879 1337 1912 sqq
1350 1892 1360 1909 ,
1373 1877 1564 1900 recensen—

882 1921 1148 1965 tun-Agmina
1159 1921 1333 1954 devastare
1344 1918 1424 1952 felix
1435 1917 1563 1952 locutio

883 1972 926 2007 ad
939 1972 1136 2019 augendam
1146 1971 1280 2007 cladem
1292 1970 1505 2017 Sarpedonis
1514 1982 1566 2004 so-

883 2025 943 2061 ciis
967 2025 1108 2060 illatam.
1135 2023 1241 2070 Apud
1268 2022 1383 2058 Cicer.
1406 2022 1476 2058 Pis.
1496 2023 1538 2057 33
1554 2048 1564 2066 ,

883 2081 1077 2113 vastitatem
1100 2077 1208 2124 efficit
1231 2076 1375 2111 morbus
1393 2102 1403 2120 ,
1431 2089 1473 2110 ex
1495 2088 1566 2121 quo

885 2130 987 2165 multi
1004 2129 1335 2164 mennatum—Pro
1340 2128 1437 2173 ferro
1452 2128 1568 2162 Fran-

885 2184 1010 2220 cofurt.
1026 2183 1131 2218 habet
1151 2183 1283 2224 fflarte,
1315 2181 1410 2227 quod
1432 2180 1567 2227 gravius

888 2237 1008 2272 altero.
1020 2254 1064 2263 —
1075 2237 1286 2280 Hiopasiden
1301 2235 1463 2280 legerunt
1478 2233 1567 2268 Ma·—

886 2289 1062 2335 riangelus
1075 2295 1111 2324 et
1123 2287 1308 2323 Constant.
1320 2286 1489 2322 Fanensis
1501 2313 1511 2330 ,
1529 2293 1570 2320 ut

887 2341 1102 2388 intelligatur
1119 2340 1229 2375 Socus
1244 2365 1254 2380 ‚
1284 2339 1432 2385 Hippasi
1458 2338 1568 2381 filius,

890 2393 932 2428 ab
947 2393 1073 2440 Ulysse
1094 2392 1298 2427 interfectus
1311 2417 1321 2436 ,
1349 2398 1389 2427 ut
1407 2396 1570 2426 narratur

889 2445 928 2480 in
946 2445 986 2481 ll.
1002 2445 1091 2480 libro
1106 2443 1317 2486 undecimo;
1337 2443 1440 2488 vulgo
1451 2468 1461 2486 ‚
1481 2449 1516 2477 et
1532 2441 1570 2476 iu

892 2498 1012 2545 Regiis
1039 2498 1176 2533 duobus
1196 2524 1206 2542 ,
1238 2497 1365 2542 legitur
1391 2497 1571 2540 Iphitiden.

892 2551 960 2587 Ed.
975 2571 1019 2579 --
1035 2552 1091 2586 De
1110 2552 1385 2586 Chersidamante
1395 2576 1404 2591 ,
1439 2550 1575 2585 Thoone

892 2611 929 2640 et
944 2604 1085 2649 reliquis
1103 2603 1182 2638 vide
1200 2603 1241 2638 ΙΙ.
1256 2609 1286 2638 A
1298 2628 1308 2646 ‚
1327 2604 1405 2646 422.

939 2656 1189 2697 253.Pulchra,
1207 2654 1353 2691 honesta
1364 2681 1374 2699 ,
1390 2658 1464 2701 ipso
1476 2657 1570 2697 Ioco,

895 2708 1024 2754 quippe
1053 2720 1200 2754 corpore
1234 2707 1380 2743 adverso
1408 2714 1547 2754 accepta
1565 2734 1575 2750 ,

896 2773 973 2807 quae
989 2759 1060 2796 sola
1076 2759 1270 2797 laudabilia.
1289 2759 1425 2796 Contra
1442 2763 1579 2795 vulnera
