1820 3106
355 270 1039 318 METAMORPHOSEON
1071 272 1201 316 LIB.
1241 272 1395 318 VIII.
1565 289 1596 333 9

178 389 202 411 >›
229 367 290 417 Et
309 385 389 416 cur
407 366 496 415 ulla
518 366 634 415 foret
654 385 724 416 me
749 366 941 416 fortior?
964 366 1027 416 ire
1049 386 1128 434 per
1149 367 1274 430 ignes
1289 403 1301 425 ,

178 467 203 489 a»
229 445 315 494 Per
334 443 504 508 gladios
526 444 667 493 ausim
688 464 698 493 :
720 463 865 511 neque
889 445 936 498 in
958 445 1046 493 hoc
1069 456 1214 494 tamen
1233 443 1415 510 ignibus
1435 440 1564 501 ullis,

179 545 204 567 »
228 524 322 572 Aut
343 522 502 586 gladiis
527 542 642 590 opus
670 534 759 581 est;
785 542 899 589 opus
921 534 987 571 est
1009 522 1118 570 mihi
1141 523 1258 571 crine
1281 532 1466 589 paterno
1487 539 1497 568 ε

178 621 202 643 »
229 599 310 650 Ille
330 601 440 650 mihi
463 613 530 651 est
551 620 658 650 auro
680 600 919 668 pretiosior
940 620 950 649 :
971 599 1048 649 illa
1067 600 1242 649 beatam

177 699 202 720 >³
231 677 432 745 Purpura
455 697 524 728 me
539 715 552 737 ‚
576 679 755 745 votique
779 678 863 727 mei
886 677 1052 726 factura
1073 688 1312 744 potentem.
1341 699 1364 720 »
1558 689 1601 722 80

239 754 367 805 Talia
389 756 577 815 dicenti,
603 775 806 805 curarum
831 756 1018 804 maxima
1040 755 1191 804 nutrix

173 835 276 882 Nox
296 833 559 892 intervenit;
588 834 871 901 tenebrisque
894 832 1075 882 audacia
1093 832 1239 881 crevit.

175 910 323 960 Prima
345 912 470 979 quies
493 912 665 971 aderat,
693 931 780 978 qua
806 912 924 960 curis
946 910 1062 960 fessa
1083 905 1255 958 diurnis

173 989 361 1043 Pectora
380 1009 564 1039 somnus
586 990 723 1039 habet
744 1010 753 1038 :
774 989 990 1039 thalamos
1015 989 1231 1038 taciturna
1253 999 1461 1055 paternos

123 1091 126 1093 ·
174 1067 340 1127 Intrat;
366 1080 411 1118 et
424 1106 436 1128 ,
457 1069 546 1118 heu
566 1069 758 1118 facinus!
785 1067 907 1117 fatali
927 1079 1030 1116 nata
1051 1078 1278 1134 parentem
1558 1079 1601 1113 85

176 1149 308 1199 Crine
332 1169 461 1199 suum
483 1150 670 1219 spoliat;
696 1150 930 1217 praedaque
953 1150 1099 1217 potita
1121 1148 1310 1199 nefanda

174 1232 280 1281 Fert
301 1251 450 1282 secum
473 1232 668 1300 spolium
691 1231 891 1291 sceleris,
915 1250 1237 1299 progressaque
1259 1243 1390 1299 porta

221 1373 272 1418 76.
293 1373 397 1417 Ulla‚·
416 1373 518 1420 Regii
534 1375 662 1420 nostri,
675 1377 860 1411 illm-Per

173 1428 318 1470 gladios.
331 1454 339 1462 .
353 1454 361 1462 .
377 1439 498 1473 πηνα
522 1428 652 1475 Regius
670 1429 701 1464 A
715 1455 724 1473 ‚
741 1443 858 1464 nec.—

176 1479 242 1513 Ille
255 1480 431 1523 revocavi,
449 1480 529 1526 quia
544 1480 591 1515 sic
608 1493 732 1516 omnes
745 1480 858 1516 Codi-

175 1543 232 1567 ces
254 1538 381 1577 prater
403 1532 601 1567 Junianum
613 1559 623 1577 ‚
646 1533 741 1569 unde
760 1534 855 1569 Bur-

175 1595 328 1619 mannus
337 1586 400 1619 illa
410 1585 540 1631 recepit
551 1611 561 1629 ‚
574 1593 614 1620 ut
627 1585 670 1621 ad
675 1599 856 1631 purpuram

176 1636 377 1671 referretur.
392 1637 494 1683 Regii
509 1638 613 1672 ambo
623 1665 631 1678 ,
649 1641 722 1673 illa.

219 1689 240 1723 8
247 1701 258 1722 ι
265 1713 273 1721 .
294 1689 455 1723 Curatum
464 1693 614 1724 maxima
623 1693 744 1725 nutrit.
753 1690 857 1726 Novo

175 1748 361 1776 momento
370 1754 456 1788 opus
472 1750 547 1778 erat
560 1771 570 1787 ,
582 1756 652 1789 quo
663 1750 774 1790 coepta
784 1751 857 1778 tam

177 1793 318 1830 audacia
339 1796 639 1833 confirmarentur
662 1798 700 1833 in
726 1799 856 1835 animo.

172 1847 252 1881 Nox
266 1860 368 1883 cums
384 1848 528 1894 quidem
544 1851 684 1884 diurnas
696 1877 704 1890 ,
727 1850 763 1884 id
782 1858 835 1886 est
846 1877 855 1895 ‚

174 1897 350 1935 laboreset
358 1901 500 1947 negotia
509 1901 676 1947 perdiem
685 1910 856 1948 suscepta,

175 1950 275 1993 finit;
292 1951 354 1987 sed
368 1952 493 1987 eadem
509 1953 648 1988 silentio
667 1967 730 1989 suo
750 1962 784 1989 et
800 1967 872 1990 so-·

174 2001 322 2038 titudine
335 2002 428 2038 aliud
437 2016 589 2039 curarum
597 2017 720 2051 genus,
728 2019 858 2052 nempe

176 2056 260 2101 qua's
275 2067 375 2090 amor
386 2055 490 2091 habet
503 2083 512 2100 ,
529 2059 654 2098 nutn't,
674 2064 751 2092 tum
760 2066 859 2093 tene-

176 2110 246 2142 bris
256 2135 264 2148 ‚
283 2108 407 2154 quibus
423 2109 580 2145 facinora
595 2110 744 2146 occultat
757 2137 767 2155 ,
785 2110 858 2146 ho-

178 2159 318 2195 minum
334 2163 514 2197 audaciam
531 2169 645 2208 auget.
669 2161 751 2199 Non
767 2157 858 2198 bene

179 2206 298 2248 autem
315 2226 400 2248 cum
416 2213 464 2249 sic
482 2214 533 2249 bis
549 2215 734 2261 positae.-
746 2217 859 2252 Tene-

179 2267 328 2310 5n'squc;
344 2265 474 2312 Regius
486 2267 518 2301 A
529 2293 538 2311 ,
550 2270 863 2304 tenebra—Habet

178 2332 314 2354 somnus
325 2346 334 2359 ,
348 2326 388 2354 ut
402 2319 476 2356 Vn
490 2346 500 2365 ,
513 2321 578 2369 3²9
591 2347 601 2366 ,
618 2321 661 2356 ad
676 2335 783 2368 quem
798 2323 858 2358 lo-

178 2383 261 2407 cum
278 2370 367 2406 vide.

222 2423 275 2467 84.
305 2424 520 2458 Tacitumum
543 2423 641 2459 illum
664 2425 858 2472 ingressum

178 2474 341 2520 preclare
371 2474 534 2510 describit
560 2475 725 2521 Virgilius
743 2504 753 2521 ,
785 2478 859 2514 Cir.

178 2538 245 2574 209
256 2539 264 2561 ι
275 2526 426 2562 Auribus
435 2531 575 2562 arrectis
585 2535 747 2563 nocturna
755 2533 862 2565 silen-

178 2580 229 2612 tia
237 2583 345 2613 tentat
355 2585 419 2614 etc.
429 2598 474 2605 --
483 2580 525 2615 In
533 2579 649 2624 fatali
655 2586 738 2614 nata
742 2594 861 2624 paren-

179 2637 243 2665 tem
259 2631 393 2677 singula
408 2633 513 2667 verba
527 2632 598 2666 vim
612 2632 753 2668 habent.
767 2634 861 2669 Hinc

180 2683 398 2728 praemissum
412 2686 474 2719 keu
476 2685 621 2730 facinus
631 2685 641 2720 l
646 2685 775 2729 fatali,
791 2699 861 2732 quo

181 2738 291 2772 satum
311 2738 415 2783 ipsius
433 2745 468 2773 et
487 2740 606 2785 patriae
623 2739 807 2785 pendebat.
819 2758 863 2766 —

185 2790 316 2837 Regius
328 2790 449 2827 Codex
460 2792 491 2827 A
508 2791 582 2828 haec
598 2793 645 2828 ita
660 2793 781 2829 habet:
792 2795 862 2828 Fa—

920 1377 989 1410 tali
1000 1378 1090 1411 crine
1100 1380 1269 1419 parentem
1286 1375 1380 1409 Nata
1402 1385 1497 1407 suum
1515 1384 1601 1416 spo-

919 1429 1006 1471 l1·at‚·
1030 1439 1133 1472 quam
1150 1426 1338 1462 lectionem
1357 1424 1602 1470 simpliciorem

921 1487 957 1514 et
972 1479 1085 1514 multo
1105 1479 1357 1525 elegantiorem
1379 1475 1601 1512 crediderim.

921 1532 1030 1567 Hunc
1061 1535 1182 1567 crinem
1202 1531 1350 1577 fatalem
1380 1530 1427 1565 ita
1449 1527 1603 1574 >explicat

921 1583 1050 1630 Georg.
1078 1584 1227 1620 Sabinus
1242 1610 1251 1629 ,
1278 1582 1370 1630 apud
1397 1594 1503 1628 quem
1524 1579 1603 1614 vide

921 1637 1072 1672 similem
1088 1636 1269 1672 historiam
1281 1635 1323 1671 de
1334 1633 1499 1670 Romilda
1509 1633 1604 1669 Foro

920 1690 945 1724 J
949 1690 1070 1725 uliensi
1087 1703 1095 1724 z
1112 1690 1167 1725 hic
1180 1690 1285 1725 crinis
1303 1688 1473 1736 significat
1487 1699 1605 1722 secre-

922 1751 1000 1778 tum
1013 1744 1088 1779 Nisi
1108 1743 1293 1779 consilium
1304 1769 1313 1787 ‚
1332 1741 1426 1788 quod
1443 1741 1480 1776 in
1492 1739 1603 1786 capite

921 1809 1087 1838 summo;
1111 1796 1178 1830 hoc
1202 1803 1321 1830 autem
1340 1794 1496 1829 hostibus
1512 1805 1604 1839 pro-

922 1848 1012 1893 dito,
1037 1849 1119 1894 quid
1137 1856 1279 1895 superet
1293 1848 1362 1883 uisi
1377 1847 1471 1882 urbis
1488 1859 1603 1892 expu—

923 1902 1041 1948 gnatio
1054 1902 1069 1936 ἰ’
1088 1903 1154 1936 Ed.

966 1957 1018 2002 87,
1028 1956 1177 1990 Sceleris.
1190 1953 1312 1989 Codex
1324 1954 1487 2000 antiquus
1497 1953 1572 1989 Jac.
1585 1967 1603 1988 a

925 2007 1057 2053 cruce,
1068 2008 1250 2044 Mediceus
1258 2008 1369 2054 prior,
1379 2007 1519 2044 Ersord.
1532 2006 1605 2042 Ca-

922 2060 1033 2095 landr.
1065 2060 1250 2106 pluresque
1275 2059 1332 2095 alii
1349 2086 1360 2103 ‚
1391 2062 1517 2095 celeris.
1547 2059 1604 2095 sic

923 2113 1030 2148 etiam
1047 2113 1244 2148 Priscianus
1267 2112 1385 2147 locum
1403 2112 1522 2148 laudat
1533 2139 1543 2157 ‚
1565 2120 1605 2147 ut

923 2165 1046 2200 doceat
1058 2191 1067 2209 ,
1079 2167 1167 2200 celer
1173 2165 1387 2200 femininum
1398 2166 1511 2200 facere
1520 2168 1603 2200 cele-

922 2222 978 2253 ris.
989 2218 1156 2254 Heinsius
1165 2231 1248 2253 vero
1261 2226 1375 2254 toturn
1390 2232 1529 2254 versum
1541 2218 1605 2253 de-

923 2269 1196 2305 lendumcenset
1209 2297 1218 2314 ,
1233 2271 1313 2316 quia
1323 2297 1332 2315 ,
1348 2271 1384 2305 in
1397 2271 1604 2305 Florentino

924 2321 960 2356 S.
988 2321 1125 2366 Marci,
1155 2322 1306 2368 margini
1334 2322 1524 2367 adscriptus
1554 2329 1606 2356 est

923 2388 1033 2410 manu
1059 2375 1266 2411 recentiore.
1295 2377 1338 2412 In
1362 2376 1415 2410 his
1444 2388 1526 2410 sane
1554 2383 1606 2411 est

922 2425 1158 2462 redundantia
1176 2427 1361 2472 quaedam;
1387 2440 1460 2461 non
1486 2434 1605 2462 tamen

922 2486 1109 2525 propterea
1118 2493 1259 2514 versum
1273 2482 1328 2524 87,
1341 2491 1423 2513 cum
1435 2479 1583 2515 Heinsio
1593 2508 1601 2524 ‚

923 2531 1078 2575 deleam,
1090 2545 1199 2577 quum
1211 2531 1359 2567 Ovidius
1368 2544 1456 2578 saepe
1467 2532 1503 2566 in
1516 2531 1605 2568 hanc

924 2590 1061 2628 partem
1076 2590 1205 2628 peccet.
1221 2583 1260 2618 Si
1272 2587 1421 2625 sceleris,
1437 2585 1605 2630 quoniam

923 2635 1071 2680 nefanda
1088 2637 1279 2682 praecessit,
1301 2636 1476 2683 displicet,
1500 2639 1605 2684 possis

924 2702 1006 2724 cum
1029 2690 1211 2725 Prisciano
1232 2693 1349 2726 celeris
1371 2692 1545 2736 praeserre.
1562 2709 1605 2717 -—

925 2741 1027 2788 Regii
1044 2742 1154 2777 nostri
1179 2756 1320 2778 versum
1337 2744 1475 2789 qualem
1498 2757 1539 2778 ex
1563 2744 1603 2778 cl.

930 2796 1046 2840 Gic’rtgr
1054 2795 1247 2841 accepimus
1261 2795 1453 2832 habent.-
1463 2796 1544 2833 Non
1558 2802 1604 2830 te·
