<?xml version="1.0" encoding="UTF-8"?>
<!DOCTYPE html PUBLIC "-//W3C//DTD XHTML 1.0 Transitional//EN"
    "http://www.w3.org/TR/xhtml1/DTD/xhtml1-transitional.dtd">
<html xmlns="http://www.w3.org/1999/xhtml" xml:lang="en" lang="en">
 <head>
  <title>
</title>
<meta http-equiv="Content-Type" content="text/html;charset=utf-8" />
  <meta name='ocr-system' content='tesseract 3.04.00' />
  <meta name='ocr-capabilities' content='ocr_page ocr_carea ocr_par ocr_line ocrx_word'/>
</head>
<body>
  <div class='ocr_page' id='page_1' title='image "./quaeextantomniao04oviduoft_0349.png"; bbox 0 0 1820 3106; ppageno 0'>
   <div class='ocr_carea' id='block_1_1' title="bbox 309 187 1567 237">
    <p class='ocr_par' dir='ltr' id='par_1_1' title="bbox 309 187 1567 237">
     <span class='ocr_line' id='line_1_1' title="bbox 309 187 1567 237; baseline -0.005 0"><span class='ocrx_word' id='word_1_1' title='bbox 309 187 1044 237; x_wconf 86' lang='lat' dir='ltr'><strong>METAMORPHOSEON</strong></span> <span class='ocrx_word' id='word_1_2' title='bbox 1084 188 1219 230; x_wconf 86' lang='lat' dir='ltr'>LIB.</span> <span class='ocrx_word' id='word_1_3' title='bbox 1259 188 1384 231; x_wconf 90' lang='lat' dir='ltr'><strong>XII.</strong></span> <span class='ocrx_word' id='word_1_4' title='bbox 1483 188 1567 231; x_wconf 81' lang='lat'><strong>335</strong></span> 
     </span>
    </p>
   </div>
   <div class='ocr_carea' id='block_1_2' title="bbox 154 279 1408 584">
    <p class='ocr_par' dir='ltr' id='par_1_2' title="bbox 154 279 1408 432">
     <span class='ocr_line' id='line_1_2' title="bbox 154 279 1408 353; baseline -0.008 -16"><span class='ocrx_word' id='word_1_5' title='bbox 154 287 450 353; x_wconf 85' lang='lat' dir='ltr'><strong>Defensatque</strong></span> <span class='ocrx_word' id='word_1_6' title='bbox 470 285 704 340; x_wconf 84' lang='lat' dir='ltr'><strong>humeros,</strong></span> <span class='ocrx_word' id='word_1_7' title='bbox 727 293 1024 349; x_wconf 69' lang='lat' dir='ltr'><strong>praetentaque</strong></span> <span class='ocrx_word' id='word_1_8' title='bbox 1049 279 1238 328; x_wconf 84' lang='lat' dir='ltr'><strong>sustinet</strong></span> <span class='ocrx_word' id='word_1_9' title='bbox 1261 299 1377 328; x_wconf 78' lang='lat' dir='ltr'><strong>arma</strong></span> <span class='ocrx_word' id='word_1_10' title='bbox 1399 301 1408 328; x_wconf 91' lang='lat'>:</span> 
     </span>
     <span class='ocr_line' id='line_1_3' title="bbox 154 357 1264 432; baseline -0.01 -17"><span class='ocrx_word' id='word_1_11' title='bbox 154 365 325 432; x_wconf 86' lang='lat' dir='ltr'><strong>Perque</strong></span> <span class='ocrx_word' id='word_1_12' title='bbox 348 371 490 414; x_wconf 70' lang='lat' dir='ltr'><strong>armos</strong></span> <span class='ocrx_word' id='word_1_13' title='bbox 513 380 604 410; x_wconf 88' lang='lat' dir='ltr'><strong>uno</strong></span> <span class='ocrx_word' id='word_1_14' title='bbox 629 361 716 409; x_wconf 81' lang='lat' dir='ltr'><strong>(luo</strong></span> <span class='ocrx_word' id='word_1_15' title='bbox 739 370 915 427; x_wconf 83' lang='lat' dir='ltr'><strong>pectora</strong></span> <span class='ocrx_word' id='word_1_16' title='bbox 939 357 1138 425; x_wconf 79' lang='lat' dir='ltr'><strong>perforat</strong></span> <span class='ocrx_word' id='word_1_17' title='bbox 1159 357 1264 405; x_wconf 83' lang='lat' dir='ltr'><strong>ictu.</strong></span> 
     </span>
    </p>

    <p class='ocr_par' dir='ltr' id='par_1_3' title="bbox 155 433 1331 584">
     <span class='ocr_line' id='line_1_4' title="bbox 155 433 1331 501; baseline -0.009 -9"><span class='ocrx_word' id='word_1_18' title='bbox 155 443 271 492; x_wconf 88' lang='lat' dir='ltr'><strong>Ante</strong></span> <span class='ocrx_word' id='word_1_19' title='bbox 295 452 437 491; x_wconf 88' lang='lat' dir='ltr'><strong>tamen</strong></span> <span class='ocrx_word' id='word_1_20' title='bbox 462 438 552 488; x_wconf 90' lang='lat' dir='ltr'><strong>leto</strong></span> <span class='ocrx_word' id='word_1_21' title='bbox 568 437 754 487; x_wconf 76' lang='lat' dir='ltr'><strong>dederat</strong></span> <span class='ocrx_word' id='word_1_22' title='bbox 774 435 1035 498; x_wconf 76' lang='lat' dir='ltr'><strong>Phlegraeon</strong></span> <span class='ocrx_word' id='word_1_23' title='bbox 1050 474 1062 494; x_wconf 95' lang='lat'><strong>,</strong></span> <span class='ocrx_word' id='word_1_24' title='bbox 1089 446 1132 482; x_wconf 89' lang='lat' dir='ltr'><strong>et</strong></span> <span class='ocrx_word' id='word_1_25' title='bbox 1154 433 1300 501; x_wconf 85' lang='lat' dir='ltr'><strong>Hylen</strong></span> <span class='ocrx_word' id='word_1_26' title='bbox 1318 471 1331 492; x_wconf 93' lang='lat'><strong>,</strong></span> 
     </span>
     <span class='ocr_line' id='line_1_5' title="bbox 155 510 1326 584; baseline -0.01 -14"><span class='ocrx_word' id='word_1_27' title='bbox 155 520 363 576; x_wconf 54' lang='lat' dir='ltr'><strong>liminum</strong></span> <span class='ocrx_word' id='word_1_28' title='bbox 386 516 662 584; x_wconf 84' lang='lat' dir='ltr'><strong>Hiphinoum</strong></span> <span class='ocrx_word' id='word_1_29' title='bbox 688 514 849 564; x_wconf 90' lang='lat' dir='ltr'><strong>collato</strong></span> <span class='ocrx_word' id='word_1_30' title='bbox 870 515 1015 562; x_wconf 88' lang='lat' dir='ltr'><strong>Marte</strong></span> <span class='ocrx_word' id='word_1_31' title='bbox 1030 551 1042 571; x_wconf 94' lang='lat'><strong>,</strong></span> <span class='ocrx_word' id='word_1_32' title='bbox 1067 510 1326 578; x_wconf 85' lang='lat' dir='ltr'><strong>Claninque.</strong></span> 
     </span>
    </p>
   </div>
   <div class='ocr_carea' id='block_1_3' title="bbox 155 589 1344 660">
    <p class='ocr_par' dir='ltr' id='par_1_4' title="bbox 155 589 1344 660">
     <span class='ocr_line' id='line_1_6' title="bbox 155 589 1344 660; baseline -0.007 -15"><span class='ocrx_word' id='word_1_33' title='bbox 155 595 347 646; x_wconf 73' lang='lat' dir='ltr'><strong>Additur</strong></span> <span class='ocrx_word' id='word_1_34' title='bbox 368 594 440 644; x_wconf 85' lang='lat' dir='ltr'><strong>his</strong></span> <span class='ocrx_word' id='word_1_35' title='bbox 457 592 649 659; x_wconf 83' lang='lat' dir='ltr'><strong>Dorylas</strong></span> <span class='ocrx_word' id='word_1_36' title='bbox 663 630 676 651; x_wconf 96' lang='lat'><strong>,</strong></span> <span class='ocrx_word' id='word_1_37' title='bbox 702 592 780 660; x_wconf 89' lang='lat' dir='ltr'><strong>qui</strong></span> <span class='ocrx_word' id='word_1_38' title='bbox 804 603 1005 658; x_wconf 89' lang='lat' dir='ltr'><strong>tempora</strong></span> <span class='ocrx_word' id='word_1_39' title='bbox 1028 602 1143 639; x_wconf 85' lang='lat' dir='ltr'><strong>tecta</strong></span> <span class='ocrx_word' id='word_1_40' title='bbox 1163 589 1344 653; x_wconf 78' lang='lat' dir='ltr'><strong>gerebat</strong></span> 
     </span>
    </p>
   </div>
   <div class='ocr_carea' id='block_1_4' title="bbox 1508 603 1573 639">
    <p class='ocr_par' dir='ltr' id='par_1_5' title="bbox 1508 603 1573 639">
     <span class='ocr_line' id='line_1_7' title="bbox 1508 603 1573 639; baseline 0.031 -2"><span class='ocrx_word' id='word_1_41' title='bbox 1508 603 1573 639; x_wconf 84' lang='lat'><strong>380</strong></span> 
     </span>
    </p>
   </div>
   <div class='ocr_carea' id='block_1_5' title="bbox 154 667 1477 971">
    <p class='ocr_par' dir='ltr' id='par_1_6' title="bbox 154 667 1168 740">
     <span class='ocr_line' id='line_1_8' title="bbox 154 667 1168 740; baseline -0.007 -18"><span class='ocrx_word' id='word_1_42' title='bbox 154 672 273 723; x_wconf 89' lang='lat' dir='ltr'><strong>Pelle</strong></span> <span class='ocrx_word' id='word_1_43' title='bbox 295 671 420 740; x_wconf 77' lang='lat' dir='ltr'><strong>lupi„</strong></span> <span class='ocrx_word' id='word_1_44' title='bbox 442 671 630 737; x_wconf 65' lang='lat' dir='ltr'><strong>saevique</strong></span> <span class='ocrx_word' id='word_1_45' title='bbox 653 670 791 718; x_wconf 87' lang='lat' dir='ltr'><strong>vicem</strong></span> <span class='ocrx_word' id='word_1_46' title='bbox 814 668 1066 736; x_wconf 80' lang='lat' dir='ltr'><strong>praestantia</strong></span> <span class='ocrx_word' id='word_1_47' title='bbox 1090 667 1168 716; x_wconf 86' lang='lat' dir='ltr'><strong>teli</strong></span> 
     </span>
    </p>

    <p class='ocr_par' dir='ltr' id='par_1_7' title="bbox 157 746 1221 802">
     <span class='ocr_line' id='line_1_9' title="bbox 157 746 1221 802; baseline -0.008 0"><span class='ocrx_word' id='word_1_48' title='bbox 157 753 335 802; x_wconf 90' lang='lat' dir='ltr'><strong>Cornua</strong></span> <span class='ocrx_word' id='word_1_49' title='bbox 357 768 457 799; x_wconf 86' lang='lat' dir='ltr'><strong>vara</strong></span> <span class='ocrx_word' id='word_1_50' title='bbox 476 750 615 798; x_wconf 91' lang='lat' dir='ltr'><strong>boum</strong></span> <span class='ocrx_word' id='word_1_51' title='bbox 639 747 781 796; x_wconf 89' lang='lat' dir='ltr'><strong>multo</strong></span> <span class='ocrx_word' id='word_1_52' title='bbox 802 746 1030 796; x_wconf 87' lang='lat' dir='ltr'><strong>rubefacta</strong></span> <span class='ocrx_word' id='word_1_53' title='bbox 1052 761 1221 794; x_wconf 89' lang='lat' dir='ltr'><strong>cruore.</strong></span> 
     </span>
    </p>

    <p class='ocr_par' dir='ltr' id='par_1_8' title="bbox 155 821 1477 971">
     <span class='ocr_line' id='line_1_10' title="bbox 155 821 1477 892; baseline -0.006 -14"><span class='ocrx_word' id='word_1_54' title='bbox 155 829 271 878; x_wconf 85' lang='lat' dir='ltr'><strong>Huic</strong></span> <span class='ocrx_word' id='word_1_55' title='bbox 294 847 376 892; x_wconf 83' lang='lat' dir='ltr'><strong>ego</strong></span> <span class='ocrx_word' id='word_1_56' title='bbox 390 866 403 886; x_wconf 93' lang='lat'><strong>,</strong></span> <span class='ocrx_word' id='word_1_57' title='bbox 426 846 528 876; x_wconf 89' lang='lat' dir='ltr'><strong>nam</strong></span> <span class='ocrx_word' id='word_1_58' title='bbox 551 826 664 875; x_wconf 87' lang='lat' dir='ltr'><strong>vires</strong></span> <span class='ocrx_word' id='word_1_59' title='bbox 686 826 858 875; x_wconf 90' lang='lat' dir='ltr'><strong>animus</strong></span> <span class='ocrx_word' id='word_1_60' title='bbox 881 825 1016 873; x_wconf 85' lang='lat' dir='ltr'><strong>dabat</strong></span> <span class='ocrx_word' id='word_1_61' title='bbox 1030 843 1043 883; x_wconf 51' lang='lat'><strong>¹;</strong></span> <span class='ocrx_word' id='word_1_62' title='bbox 1071 846 1094 867; x_wconf 93' lang='lat'>«</span> <span class='ocrx_word' id='word_1_63' title='bbox 1123 823 1341 889; x_wconf 84' lang='lat' dir='ltr'><strong>Adspice,</strong></span> <span class='ocrx_word' id='word_1_64' title='bbox 1365 821 1477 882; x_wconf 84' lang='lat' dir='ltr'><strong>dixi,</strong></span> 
     </span>
     <span class='ocr_line' id='line_1_11' title="bbox 157 900 1379 971; baseline -0.006 -16"><span class='ocrx_word' id='word_1_65' title='bbox 157 929 180 950; x_wconf 83' lang='lat'>»</span> <span class='ocrx_word' id='word_1_66' title='bbox 204 907 434 971; x_wconf 81' lang='lat' dir='ltr'><strong>Quantum</strong></span> <span class='ocrx_word' id='word_1_67' title='bbox 457 903 700 954; x_wconf 85' lang='lat' dir='ltr'><strong>concedant</strong></span> <span class='ocrx_word' id='word_1_68' title='bbox 721 914 877 951; x_wconf 89' lang='lat' dir='ltr'><strong>nostro</strong></span> <span class='ocrx_word' id='word_1_69' title='bbox 900 915 977 951; x_wconf 84' lang='lat' dir='ltr'><strong>tua</strong></span> <span class='ocrx_word' id='word_1_70' title='bbox 999 921 1162 951; x_wconf 88' lang='lat' dir='ltr'><strong>cornua</strong></span> <span class='ocrx_word' id='word_1_71' title='bbox 1183 900 1301 949; x_wconf 86' lang='lat' dir='ltr'><strong>ferro</strong></span> <span class='ocrx_word' id='word_1_72' title='bbox 1321 920 1331 948; x_wconf 92' lang='lat'>:</span> <span class='ocrx_word' id='word_1_73' title='bbox 1356 923 1379 943; x_wconf 90' lang='lat'>»</span> 
     </span>
    </p>
   </div>
   <div class='ocr_carea' id='block_1_6' title="bbox 153 978 1307 1050">
    <p class='ocr_par' dir='ltr' id='par_1_9' title="bbox 153 978 1307 1050">
     <span class='ocr_line' id='line_1_12' title="bbox 153 978 1307 1050; baseline -0.004 -18"><span class='ocrx_word' id='word_1_74' title='bbox 153 985 214 1032; x_wconf 89' lang='lat' dir='ltr'><strong>Et</strong></span> <span class='ocrx_word' id='word_1_75' title='bbox 231 981 424 1050; x_wconf 90' lang='lat' dir='ltr'><strong>jaculum</strong></span> <span class='ocrx_word' id='word_1_76' title='bbox 444 982 578 1039; x_wconf 88' lang='lat' dir='ltr'><strong>torsi;</strong></span> <span class='ocrx_word' id='word_1_77' title='bbox 606 980 728 1047; x_wconf 86' lang='lat' dir='ltr'><strong>quod</strong></span> <span class='ocrx_word' id='word_1_78' title='bbox 752 996 889 1047; x_wconf 89' lang='lat' dir='ltr'><strong>quum</strong></span> <span class='ocrx_word' id='word_1_79' title='bbox 911 980 1048 1028; x_wconf 85' lang='lat' dir='ltr'><strong>vitare</strong></span> <span class='ocrx_word' id='word_1_80' title='bbox 1070 978 1278 1045; x_wconf 87' lang='lat' dir='ltr'><strong>nequiret</strong></span> <span class='ocrx_word' id='word_1_81' title='bbox 1294 1017 1307 1038; x_wconf 92' lang='lat'><strong>,</strong></span> 
     </span>
    </p>
   </div>
   <div class='ocr_carea' id='block_1_7' title="bbox 1512 992 1577 1028">
    <p class='ocr_par' dir='ltr' id='par_1_10' title="bbox 1512 992 1577 1028">
     <span class='ocr_line' id='line_1_13' title="bbox 1512 992 1577 1028; baseline -0.015 -1"><span class='ocrx_word' id='word_1_82' title='bbox 1512 992 1577 1028; x_wconf 79' lang='lat'><strong>385</strong></span> 
     </span>
    </p>
   </div>
   <div class='ocr_carea' id='block_1_8' title="bbox 154 1056 1435 1364">
    <p class='ocr_par' dir='ltr' id='par_1_11' title="bbox 155 1056 1197 1129">
     <span class='ocr_line' id='line_1_14' title="bbox 155 1056 1197 1129; baseline -0.006 -19"><span class='ocrx_word' id='word_1_83' title='bbox 155 1060 387 1129; x_wconf 87' lang='lat' dir='ltr'><strong>Opposuit</strong></span> <span class='ocrx_word' id='word_1_84' title='bbox 408 1059 602 1108; x_wconf 81' lang='lat' dir='ltr'><strong>dextram</strong></span> <span class='ocrx_word' id='word_1_85' title='bbox 625 1076 817 1125; x_wconf 85' lang='lat' dir='ltr'><strong>passurae</strong></span> <span class='ocrx_word' id='word_1_86' title='bbox 838 1056 1021 1105; x_wconf 85' lang='lat' dir='ltr'><strong>vulnera</strong></span> <span class='ocrx_word' id='word_1_87' title='bbox 1043 1056 1197 1104; x_wconf 75' lang='lat' dir='ltr'><strong>fionti.</strong></span> 
     </span>
    </p>

    <p class='ocr_par' dir='ltr' id='par_1_12' title="bbox 154 1130 1435 1364">
     <span class='ocr_line' id='line_1_15' title="bbox 154 1130 1394 1193; baseline -0.008 -4"><span class='ocrx_word' id='word_1_88' title='bbox 154 1139 313 1190; x_wconf 85' lang='lat' dir='ltr'><strong>Adfixa</strong></span> <span class='ocrx_word' id='word_1_89' title='bbox 334 1149 402 1187; x_wconf 88' lang='lat' dir='ltr'><strong>est</strong></span> <span class='ocrx_word' id='word_1_90' title='bbox 419 1157 520 1186; x_wconf 89' lang='lat' dir='ltr'><strong>cum</strong></span> <span class='ocrx_word' id='word_1_91' title='bbox 539 1136 687 1185; x_wconf 83' lang='lat' dir='ltr'><strong>fronte</strong></span> <span class='ocrx_word' id='word_1_92' title='bbox 710 1154 890 1193; x_wconf 76' lang='lat' dir='ltr'><strong>manus3</strong></span> <span class='ocrx_word' id='word_1_93' title='bbox 914 1133 966 1182; x_wconf 89' lang='lat' dir='ltr'><strong>fit</strong></span> <span class='ocrx_word' id='word_1_94' title='bbox 991 1133 1159 1182; x_wconf 88' lang='lat' dir='ltr'><strong>clamor</strong></span> <span class='ocrx_word' id='word_1_95' title='bbox 1178 1152 1188 1180; x_wconf 79' lang='lat' dir='ltr'><strong><em>z</em></strong></span> <span class='ocrx_word' id='word_1_96' title='bbox 1209 1143 1253 1181; x_wconf 87' lang='lat' dir='ltr'><strong>at</strong></span> <span class='ocrx_word' id='word_1_97' title='bbox 1271 1130 1394 1180; x_wconf 86' lang='lat' dir='ltr'><strong>illum</strong></span> 
     </span>
     <span class='ocr_line' id='line_1_16' title="bbox 155 1212 1267 1275; baseline -0.007 -7"><span class='ocrx_word' id='word_1_98' title='bbox 155 1218 404 1275; x_wconf 72' lang='lat' dir='ltr'><strong>Haerentem</strong></span> <span class='ocrx_word' id='word_1_99' title='bbox 421 1214 583 1266; x_wconf 87' lang='lat' dir='ltr'><strong>Peleus</strong></span> <span class='ocrx_word' id='word_1_100' title='bbox 602 1254 614 1274; x_wconf 92' lang='lat'><em>‚</em></span> <span class='ocrx_word' id='word_1_101' title='bbox 636 1227 680 1265; x_wconf 92' lang='lat' dir='ltr'><strong>et</strong></span> <span class='ocrx_word' id='word_1_102' title='bbox 701 1214 857 1264; x_wconf 88' lang='lat' dir='ltr'><strong>acerbo</strong></span> <span class='ocrx_word' id='word_1_103' title='bbox 876 1212 1054 1262; x_wconf 88' lang='lat' dir='ltr'><strong>vulnere</strong></span> <span class='ocrx_word' id='word_1_104' title='bbox 1077 1213 1239 1261; x_wconf 90' lang='lat' dir='ltr'><strong>victum</strong></span> <span class='ocrx_word' id='word_1_105' title='bbox 1254 1249 1267 1270; x_wconf 94' lang='lat'><strong>,</strong></span> 
     </span>
     <span class='ocr_line' id='line_1_17' title="bbox 157 1283 1435 1364; baseline -0.007 -20"><span class='ocrx_word' id='word_1_106' title='bbox 157 1283 315 1345; x_wconf 78' lang='lat' dir='ltr'><strong>Stabat.</strong></span> <span class='ocrx_word' id='word_1_107' title='bbox 336 1293 684 1364; x_wconf 81' lang='lat' dir='ltr'><strong>enim-propior,</strong></span> <span class='ocrx_word' id='word_1_108' title='bbox 709 1292 897 1341; x_wconf 84' lang='lat' dir='ltr'><strong>mediam</strong></span> <span class='ocrx_word' id='word_1_109' title='bbox 920 1291 1023 1339; x_wconf 84' lang='lat' dir='ltr'><strong>ferit</strong></span> <span class='ocrx_word' id='word_1_110' title='bbox 1046 1309 1147 1339; x_wconf 91' lang='lat' dir='ltr'><strong>ense</strong></span> <span class='ocrx_word' id='word_1_111' title='bbox 1171 1289 1256 1338; x_wconf 89' lang='lat' dir='ltr'><strong>sub</strong></span> <span class='ocrx_word' id='word_1_112' title='bbox 1278 1287 1435 1337; x_wconf 77' lang='lat' dir='ltr'><strong>alvum.</strong></span> 
     </span>
    </p>
   </div>
   <div class='ocr_carea' id='block_1_9' title="bbox 157 1366 1233 1442">
    <p class='ocr_par' dir='ltr' id='par_1_13' title="bbox 157 1366 1233 1442">
     <span class='ocr_line' id='line_1_18' title="bbox 157 1366 1233 1442; baseline -0.007 -20"><span class='ocrx_word' id='word_1_113' title='bbox 157 1372 391 1431; x_wconf 84' lang='lat' dir='ltr'><strong>Prosiluit,</strong></span> <span class='ocrx_word' id='word_1_114' title='bbox 413 1384 614 1442; x_wconf 77' lang='lat' dir='ltr'><strong>terraque</strong></span> <span class='ocrx_word' id='word_1_115' title='bbox 635 1370 760 1419; x_wconf 84' lang='lat' dir='ltr'><strong>ferox</strong></span> <span class='ocrx_word' id='word_1_116' title='bbox 783 1388 863 1418; x_wconf 89' lang='lat' dir='ltr'><strong>sua</strong></span> <span class='ocrx_word' id='word_1_117' title='bbox 884 1369 1050 1417; x_wconf 87' lang='lat' dir='ltr'><strong>viscera</strong></span> <span class='ocrx_word' id='word_1_118' title='bbox 1073 1366 1233 1424; x_wconf 86' lang='lat' dir='ltr'><strong>traxit;</strong></span> 
     </span>
    </p>
   </div>
   <div class='ocr_carea' id='block_1_10' title="bbox 1516 1379 1580 1426">
    <p class='ocr_par' dir='ltr' id='par_1_14' title="bbox 1516 1379 1580 1426">
     <span class='ocr_line' id='line_1_19' title="bbox 1516 1379 1580 1426; baseline -0.016 -14"><span class='ocrx_word' id='word_1_119' title='bbox 1516 1379 1580 1426; x_wconf 80' lang='lat'><strong>390</strong></span> 
     </span>
    </p>
   </div>
   <div class='ocr_carea' id='block_1_11' title="bbox 157 1443 1256 1518">
    <p class='ocr_par' dir='ltr' id='par_1_15' title="bbox 157 1443 1256 1518">
     <span class='ocr_line' id='line_1_20' title="bbox 157 1443 1256 1518; baseline -0.008 -18"><span class='ocrx_word' id='word_1_120' title='bbox 157 1453 403 1518; x_wconf 85' lang='lat' dir='ltr'><strong>Tractaque</strong></span> <span class='ocrx_word' id='word_1_121' title='bbox 425 1449 630 1507; x_wconf 83' lang='lat' dir='ltr'><strong>calcavit;</strong></span> <span class='ocrx_word' id='word_1_122' title='bbox 655 1447 906 1514; x_wconf 88' lang='lat' dir='ltr'><strong>calcataque</strong></span> <span class='ocrx_word' id='word_1_123' title='bbox 928 1445 1076 1513; x_wconf 85' lang='lat' dir='ltr'><strong>rupit;</strong></span> <span class='ocrx_word' id='word_1_124' title='bbox 1101 1457 1146 1493; x_wconf 89' lang='lat' dir='ltr'><strong>et</strong></span> <span class='ocrx_word' id='word_1_125' title='bbox 1167 1443 1256 1493; x_wconf 88' lang='lat' dir='ltr'><strong>illis</strong></span> 
     </span>
    </p>
   </div>
   <div class='ocr_carea' id='block_1_12' title="bbox 149 1559 837 2751">
    <p class='ocr_par' dir='ltr' id='par_1_16' title="bbox 149 1559 835 2274">
     <span class='ocr_line' id='line_1_21' title="bbox 158 1559 832 1612; baseline -0.007 -14"><span class='ocrx_word' id='word_1_126' title='bbox 158 1570 218 1599; x_wconf 87' lang='lat' dir='ltr'><strong>aut</strong></span> <span class='ocrx_word' id='word_1_127' title='bbox 239 1564 349 1612; x_wconf 65' lang='lat' dir='ltr'><strong>ictus,</strong></span> <span class='ocrx_word' id='word_1_128' title='bbox 363 1562 527 1609; x_wconf 82' lang='lat' dir='ltr'><strong>clypeum</strong></span> <span class='ocrx_word' id='word_1_129' title='bbox 549 1565 726 1607; x_wconf 81' lang='lat' dir='ltr'><strong>opponere</strong></span> <span class='ocrx_word' id='word_1_130' title='bbox 746 1559 832 1594; x_wconf 86' lang='lat' dir='ltr'><strong>telis.</strong></span> 
     </span>
     <span class='ocr_line' id='line_1_22' title="bbox 155 1611 832 1659; baseline -0.007 -8"><span class='ocrx_word' id='word_1_131' title='bbox 155 1615 387 1659; x_wconf 74' lang='lat' dir='ltr'><strong>-Defimsm</strong></span> <span class='ocrx_word' id='word_1_132' title='bbox 397 1614 501 1649; x_wconf 86' lang='lat' dir='ltr'><strong>etiam</strong></span> <span class='ocrx_word' id='word_1_133' title='bbox 514 1614 567 1648; x_wconf 81' lang='lat' dir='ltr'><strong>xl</strong></span> <span class='ocrx_word' id='word_1_134' title='bbox 578 1639 588 1656; x_wconf 91' lang='lat'><strong>,</strong></span> <span class='ocrx_word' id='word_1_135' title='bbox 601 1614 678 1658; x_wconf 87' lang='lat'>373,</span> <span class='ocrx_word' id='word_1_136' title='bbox 692 1620 726 1647; x_wconf 88' lang='lat' dir='ltr'><strong>et</strong></span> <span class='ocrx_word' id='word_1_137' title='bbox 741 1611 832 1657; x_wconf 88' lang='lat' dir='ltr'><strong>apud</strong></span> 
     </span>
     <span class='ocr_line' id='line_1_23' title="bbox 156 1663 832 1712; baseline -0.007 -10"><span class='ocrx_word' id='word_1_138' title='bbox 156 1665 306 1712; x_wconf 75' lang='lat' dir='ltr'><strong>optimos</strong></span> <span class='ocrx_word' id='word_1_139' title='bbox 312 1665 628 1700; x_wconf 81' lang='lat' dir='ltr'><strong>auctoresoceurrit</strong></span> <span class='ocrx_word' id='word_1_140' title='bbox 639 1663 734 1706; x_wconf 87' lang='lat' dir='ltr'><strong>;vide</strong></span> <span class='ocrx_word' id='word_1_141' title='bbox 746 1663 832 1697; x_wconf 90' lang='lat' dir='ltr'><strong>Dra-</strong></span> 
     </span>
     <span class='ocr_line' id='line_1_24' title="bbox 155 1716 830 1761; baseline -0.006 -8"><span class='ocrx_word' id='word_1_142' title='bbox 155 1716 259 1753; x_wconf 78' lang='lat' dir='ltr'><strong>kenb.</strong></span> <span class='ocrx_word' id='word_1_143' title='bbox 272 1716 315 1752; x_wconf 67' lang='grc' dir='ltr'><strong>αδ</strong></span> <span class='ocrx_word' id='word_1_144' title='bbox 328 1717 455 1753; x_wconf 87' lang='lat' dir='ltr'><strong>Silium</strong></span> <span class='ocrx_word' id='word_1_145' title='bbox 465 1743 475 1760; x_wconf 89' lang='lat'><strong>,</strong></span> <span class='ocrx_word' id='word_1_146' title='bbox 495 1718 532 1759; x_wconf 88' lang='lat'><strong>1,</strong></span> <span class='ocrx_word' id='word_1_147' title='bbox 547 1717 830 1761; x_wconf 75' lang='lat' dir='ltr'><strong>507.--Sust1&#39;net,</strong></span> 
     </span>
     <span class='ocr_line' id='line_1_25' title="bbox 156 1768 834 1816; baseline -0.004 -11"><span class='ocrx_word' id='word_1_148' title='bbox 156 1777 254 1806; x_wconf 86' lang='lat' dir='ltr'><strong>tenet</strong></span> <span class='ocrx_word' id='word_1_149' title='bbox 269 1776 437 1816; x_wconf 68' lang='lat' dir='ltr'><strong>praetenja</strong></span> <span class='ocrx_word' id='word_1_150' title='bbox 450 1796 459 1813; x_wconf 91' lang='lat'><strong>,</strong></span> <span class='ocrx_word' id='word_1_151' title='bbox 482 1768 678 1815; x_wconf 63' lang='lat' dir='ltr'><strong>pretendit.</strong></span> <span class='ocrx_word' id='word_1_152' title='bbox 694 1786 739 1793; x_wconf 87' lang='lat'>—</span> <span class='ocrx_word' id='word_1_153' title='bbox 754 1769 834 1802; x_wconf 89' lang='lat' dir='ltr'><strong>Duo</strong></span> 
     </span>
     <span class='ocr_line' id='line_1_26' title="bbox 149 1820 829 1868; baseline -0.006 -11"><span class='ocrx_word' id='word_1_154' title='bbox 149 1831 289 1867; x_wconf 71' lang='lat' dir='ltr'><strong>pectora</strong></span> <span class='ocrx_word' id='word_1_155' title='bbox 299 1849 308 1863; x_wconf 94' lang='lat'><strong>,</strong></span> <span class='ocrx_word' id='word_1_156' title='bbox 341 1821 467 1868; x_wconf 76' lang='lat' dir='ltr'><strong>duplex</strong></span> <span class='ocrx_word' id='word_1_157' title='bbox 491 1829 612 1867; x_wconf 87' lang='lat' dir='ltr'><strong>pectus</strong></span> <span class='ocrx_word' id='word_1_158' title='bbox 636 1820 807 1856; x_wconf 86' lang='lat' dir='ltr'><strong>Cen-tauri</strong></span> <span class='ocrx_word' id='word_1_159' title='bbox 820 1845 829 1863; x_wconf 90' lang='lat'><strong>‚</strong></span> 
     </span>
     <span class='ocr_line' id='line_1_27' title="bbox 158 1873 834 1918; baseline -0.004 -9"><span class='ocrx_word' id='word_1_160' title='bbox 158 1875 353 1909; x_wconf 81' lang='lat' dir='ltr'><strong>humanum</strong></span> <span class='ocrx_word' id='word_1_161' title='bbox 369 1881 405 1908; x_wconf 85' lang='lat' dir='ltr'><strong>et</strong></span> <span class='ocrx_word' id='word_1_162' title='bbox 418 1874 598 1918; x_wconf 81' lang='lat' dir='ltr'><strong>equinum.</strong></span> <span class='ocrx_word' id='word_1_163' title='bbox 615 1873 706 1908; x_wconf 87' lang='lat' dir='ltr'><strong>Nam</strong></span> <span class='ocrx_word' id='word_1_164' title='bbox 721 1873 760 1906; x_wconf 85' lang='lat' dir='ltr'><strong>in·</strong></span> <span class='ocrx_word' id='word_1_165' title='bbox 770 1885 834 1917; x_wconf 90' lang='lat' dir='ltr'><strong>pe-</strong></span> 
     </span>
     <span class='ocr_line' id='line_1_28' title="bbox 156 1924 834 1969; baseline -0.004 -8"><span class='ocrx_word' id='word_1_166' title='bbox 156 1934 250 1966; x_wconf 83' lang='lat' dir='ltr'><strong>ctore</strong></span> <span class='ocrx_word' id='word_1_167' title='bbox 267 1926 381 1961; x_wconf 78' lang='lat' dir='ltr'><strong>coibat</strong></span> <span class='ocrx_word' id='word_1_168' title='bbox 391 1925 506 1960; x_wconf 79' lang='lat' dir='ltr'><strong>forma</strong></span> <span class='ocrx_word' id='word_1_169' title='bbox 519 1925 673 1959; x_wconf 80' lang='lat' dir='ltr'><strong>humana</strong></span> <span class='ocrx_word' id='word_1_170' title='bbox 687 1931 723 1958; x_wconf 88' lang='lat' dir='ltr'><strong>et</strong></span> <span class='ocrx_word' id='word_1_171' title='bbox 736 1924 834 1969; x_wconf 87' lang='lat' dir='ltr'><strong>equi·-</strong></span> 
     </span>
     <span class='ocr_line' id='line_1_29' title="bbox 160 1977 832 2024; baseline -0.006 -9"><span class='ocrx_word' id='word_1_172' title='bbox 160 1992 214 2015; x_wconf 86' lang='lat' dir='ltr'><strong>na.</strong></span> <span class='ocrx_word' id='word_1_173' title='bbox 245 1979 415 2014; x_wconf 81' lang='lat' dir='ltr'><strong>Similiter</strong></span> <span class='ocrx_word' id='word_1_174' title='bbox 447 1978 539 2024; x_wconf 85' lang='lat' dir='ltr'><strong>apud</strong></span> <span class='ocrx_word' id='word_1_175' title='bbox 570 1977 806 2013; x_wconf 80' lang='lat' dir='ltr'><strong>Claudianum</strong></span> <span class='ocrx_word' id='word_1_176' title='bbox 822 2003 832 2020; x_wconf 87' lang='lat'><strong>,</strong></span> 
     </span>
     <span class='ocr_line' id='line_1_30' title="bbox 163 2030 835 2075; baseline -0.003 -9"><span class='ocrx_word' id='word_1_177' title='bbox 163 2031 362 2075; x_wconf 74' lang='lat' dir='ltr'><strong>XXXVH,</strong></span> <span class='ocrx_word' id='word_1_178' title='bbox 381 2032 422 2066; x_wconf 76' lang='lat'><strong>82</strong></span> <span class='ocrx_word' id='word_1_179' title='bbox 435 2056 446 2073; x_wconf 86' lang='lat'><strong>,</strong></span> <span class='ocrx_word' id='word_1_180' title='bbox 463 2031 499 2066; x_wconf 87' lang='lat' dir='ltr'><strong>in</strong></span> <span class='ocrx_word' id='word_1_181' title='bbox 517 2030 610 2065; x_wconf 75' lang='lat' dir='ltr'><strong>coede</strong></span> <span class='ocrx_word' id='word_1_182' title='bbox 623 2030 739 2066; x_wconf 87' lang='lat' dir='ltr'><strong>Pelori</strong></span> <span class='ocrx_word' id='word_1_183' title='bbox 751 2056 760 2074; x_wconf 88' lang='lat'><em>‚</em></span> <span class='ocrx_word' id='word_1_184' title='bbox 778 2030 835 2066; x_wconf 91' lang='lat' dir='ltr'><strong>cui</strong></span> 
     </span>
     <span class='ocr_line' id='line_1_31' title="bbox 160 2082 834 2129; baseline -0.003 -11"><span class='ocrx_word' id='word_1_185' title='bbox 160 2095 225 2129; x_wconf 84' lang='lat' dir='ltr'><strong>pro</strong></span> <span class='ocrx_word' id='word_1_186' title='bbox 238 2082 385 2129; x_wconf 78' lang='lat' dir='ltr'><strong>pedibus</strong></span> <span class='ocrx_word' id='word_1_187' title='bbox 398 2082 469 2119; x_wconf 82' lang='lat' dir='ltr'><strong>duo</strong></span> <span class='ocrx_word' id='word_1_188' title='bbox 485 2095 614 2128; x_wconf 76' lang='lat' dir='ltr'><strong>angues</strong></span> <span class='ocrx_word' id='word_1_189' title='bbox 629 2109 638 2125; x_wconf 87' lang='lat'><strong>,</strong></span> <span class='ocrx_word' id='word_1_190' title='bbox 655 2082 753 2117; x_wconf 89' lang='lat' dir='ltr'><strong>Mars</strong></span> <span class='ocrx_word' id='word_1_191' title='bbox 768 2095 834 2116; x_wconf 82' lang='lat' dir='ltr'><strong>uno</strong></span> 
     </span>
     <span class='ocr_line' id='line_1_32' title="bbox 157 2135 833 2180; baseline 0 -10"><span class='ocrx_word' id='word_1_192' title='bbox 157 2143 271 2170; x_wconf 78' lang='lat' dir='ltr'><strong>ternas</strong></span> <span class='ocrx_word' id='word_1_193' title='bbox 293 2137 426 2170; x_wconf 65' lang='lat' dir='ltr'><strong>aumas</strong></span> <span class='ocrx_word' id='word_1_194' title='bbox 448 2136 556 2180; x_wconf 76' lang='lat' dir='ltr'><strong>infici!</strong></span> <span class='ocrx_word' id='word_1_195' title='bbox 582 2138 661 2169; x_wconf 75' lang='lat' dir='ltr'><strong>ma.</strong></span> <span class='ocrx_word' id='word_1_196' title='bbox 686 2135 833 2170; x_wconf 86' lang='lat' dir='ltr'><strong>Lenzius</strong></span> 
     </span>
     <span class='ocr_line' id='line_1_33' title="bbox 160 2186 832 2231; baseline 0 -11"><span class='ocrx_word' id='word_1_197' title='bbox 160 2198 243 2222; x_wconf 80' lang='lat' dir='ltr'><strong>vero</strong></span> <span class='ocrx_word' id='word_1_198' title='bbox 256 2186 351 2222; x_wconf 86' lang='lat' dir='ltr'><strong>hunc</strong></span> <span class='ocrx_word' id='word_1_199' title='bbox 366 2186 483 2221; x_wconf 90' lang='lat' dir='ltr'><strong>locum</strong></span> <span class='ocrx_word' id='word_1_200' title='bbox 497 2186 620 2231; x_wconf 81' lang='lat' dir='ltr'><strong>accipit</strong></span> <span class='ocrx_word' id='word_1_201' title='bbox 634 2186 677 2220; x_wconf 89' lang='lat' dir='ltr'><strong>de</strong></span> <span class='ocrx_word' id='word_1_202' title='bbox 692 2193 832 2231; x_wconf 83' lang='lat' dir='ltr'><strong>pectore</strong></span> 
     </span>
     <span class='ocr_line' id='line_1_34' title="bbox 160 2238 497 2274; baseline -0.009 0"><span class='ocrx_word' id='word_1_203' title='bbox 160 2239 282 2274; x_wconf 82' lang='lat' dir='ltr'><strong>dextro</strong></span> <span class='ocrx_word' id='word_1_204' title='bbox 298 2245 334 2274; x_wconf 87' lang='lat' dir='ltr'><strong>et</strong></span> <span class='ocrx_word' id='word_1_205' title='bbox 347 2238 497 2274; x_wconf 83' lang='lat' dir='ltr'><strong>sinistro.</strong></span> 
     </span>
    </p>

    <p class='ocr_par' dir='ltr' id='par_1_17' title="bbox 161 2289 837 2751">
     <span class='ocr_line' id='line_1_35' title="bbox 202 2289 835 2338; baseline -0.003 -12"><span class='ocrx_word' id='word_1_206' title='bbox 202 2291 276 2338; x_wconf 78' lang='lat'>379.</span> <span class='ocrx_word' id='word_1_207' title='bbox 294 2292 426 2326; x_wconf 83' lang='lat' dir='ltr'><strong>Collato</strong></span> <span class='ocrx_word' id='word_1_208' title='bbox 443 2289 572 2331; x_wconf 70' lang='lat' dir='ltr'><strong>Mane,</strong></span> <span class='ocrx_word' id='word_1_209' title='bbox 593 2289 760 2324; x_wconf 83' lang='lat' dir='ltr'><strong>consertis</strong></span> <span class='ocrx_word' id='word_1_210' title='bbox 777 2302 835 2324; x_wconf 86' lang='lat' dir='ltr'><strong>ar·-</strong></span> 
     </span>
     <span class='ocr_line' id='line_1_36' title="bbox 162 2341 834 2387; baseline -0.004 -8"><span class='ocrx_word' id='word_1_211' title='bbox 162 2343 228 2379; x_wconf 86' lang='lat' dir='ltr'><strong>mis</strong></span> <span class='ocrx_word' id='word_1_212' title='bbox 242 2369 252 2387; x_wconf 91' lang='lat'><strong>,</strong></span> <span class='ocrx_word' id='word_1_213' title='bbox 277 2342 436 2379; x_wconf 81' lang='lat' dir='ltr'><strong>cominus</strong></span> <span class='ocrx_word' id='word_1_214' title='bbox 453 2353 611 2387; x_wconf 77' lang='lat' dir='ltr'><strong>pugnans</strong></span> <span class='ocrx_word' id='word_1_215' title='bbox 627 2353 709 2376; x_wconf 85' lang='lat' dir='ltr'><strong>cum</strong></span> <span class='ocrx_word' id='word_1_216' title='bbox 724 2341 834 2377; x_wconf 79' lang='lat' dir='ltr'><strong>hoste.</strong></span> 
     </span>
     <span class='ocr_line' id='line_1_37' title="bbox 162 2393 835 2430; baseline -0.004 0"><span class='ocrx_word' id='word_1_217' title='bbox 162 2413 204 2421; x_wconf 91' lang='lat'><em>—</em></span> <span class='ocrx_word' id='word_1_218' title='bbox 218 2396 339 2430; x_wconf 79' lang='lat' dir='ltr'><strong>Clanis</strong></span> <span class='ocrx_word' id='word_1_219' title='bbox 355 2400 573 2428; x_wconf 85' lang='lat' dir='ltr'><strong>memoratur</strong></span> <span class='ocrx_word' id='word_1_220' title='bbox 595 2393 701 2428; x_wconf 87' lang='lat' dir='ltr'><strong>etiam</strong></span> <span class='ocrx_word' id='word_1_221' title='bbox 717 2405 736 2427; x_wconf 95' lang='lat' dir='ltr'><strong>a</strong></span> <span class='ocrx_word' id='word_1_222' title='bbox 753 2395 835 2428; x_wconf 86' lang='lat' dir='ltr'><strong>Va-</strong></span> 
     </span>
     <span class='ocr_line' id='line_1_38' title="bbox 161 2445 833 2491; baseline -0.006 -8"><span class='ocrx_word' id='word_1_223' title='bbox 161 2447 248 2483; x_wconf 84' lang='lat' dir='ltr'><strong>lerio</strong></span> <span class='ocrx_word' id='word_1_224' title='bbox 260 2446 312 2483; x_wconf 85' lang='lat' dir='ltr'><strong>Fl.</strong></span> <span class='ocrx_word' id='word_1_225' title='bbox 332 2447 403 2491; x_wconf 74' lang='lat'><strong>146.</strong></span> <span class='ocrx_word' id='word_1_226' title='bbox 411 2465 456 2472; x_wconf 97' lang='lat'>—</span> <span class='ocrx_word' id='word_1_227' title='bbox 468 2445 497 2480; x_wconf 87' lang='lat' dir='ltr'>E</span> <span class='ocrx_word' id='word_1_228' title='bbox 502 2447 649 2490; x_wconf 76' lang='lat' dir='ltr'><strong>pellibus</strong></span> <span class='ocrx_word' id='word_1_229' title='bbox 662 2447 812 2490; x_wconf 81' lang='lat' dir='ltr'><strong>luporum</strong></span> <span class='ocrx_word' id='word_1_230' title='bbox 823 2472 833 2487; x_wconf 90' lang='lat'>‚</span> 
     </span>
     <span class='ocr_line' id='line_1_39' title="bbox 163 2497 836 2542; baseline -0.003 -7"><span class='ocrx_word' id='word_1_231' title='bbox 163 2507 342 2535; x_wconf 66' lang='lat' dir='ltr'><strong>taurorum</strong></span> <span class='ocrx_word' id='word_1_232' title='bbox 351 2525 361 2542; x_wconf 92' lang='lat'><strong>,</strong></span> <span class='ocrx_word' id='word_1_233' title='bbox 373 2511 501 2534; x_wconf 82' lang='lat' dir='ltr'><strong>canum</strong></span> <span class='ocrx_word' id='word_1_234' title='bbox 513 2505 578 2533; x_wconf 86' lang='lat' dir='ltr'><strong>etc.</strong></span> <span class='ocrx_word' id='word_1_235' title='bbox 594 2497 671 2532; x_wconf 84' lang='lat' dir='ltr'><strong>fieri</strong></span> <span class='ocrx_word' id='word_1_236' title='bbox 685 2497 769 2532; x_wconf 83' lang='lat' dir='ltr'><strong>olim</strong></span> <span class='ocrx_word' id='word_1_237' title='bbox 782 2510 836 2533; x_wconf 83' lang='lat' dir='ltr'><strong>so-</strong></span> 
     </span>
     <span class='ocr_line' id='line_1_40' title="bbox 162 2551 835 2598; baseline -0.001 -12"><span class='ocrx_word' id='word_1_238' title='bbox 162 2552 279 2588; x_wconf 86' lang='lat' dir='ltr'><strong>lebant</strong></span> <span class='ocrx_word' id='word_1_239' title='bbox 295 2552 411 2598; x_wconf 74' lang='lat' dir='ltr'><strong>galeae.</strong></span> <span class='ocrx_word' id='word_1_240' title='bbox 428 2571 472 2579; x_wconf 89' lang='lat'><strong>-</strong></span> <span class='ocrx_word' id='word_1_241' title='bbox 492 2554 585 2587; x_wconf 85' lang='lat' dir='ltr'><strong>Vara</strong></span> <span class='ocrx_word' id='word_1_242' title='bbox 601 2577 611 2591; x_wconf 82' lang='grc'><em>,</em></span> <span class='ocrx_word' id='word_1_243' title='bbox 641 2551 835 2586; x_wconf 79' lang='lat' dir='ltr'><strong>introrsum</strong></span> 
     </span>
     <span class='ocr_line' id='line_1_41' title="bbox 163 2603 835 2647; baseline -0.001 -8"><span class='ocrx_word' id='word_1_244' title='bbox 163 2610 319 2647; x_wconf 80' lang='lat' dir='ltr'><strong>curvata,</strong></span> <span class='ocrx_word' id='word_1_245' title='bbox 337 2604 475 2646; x_wconf 86' lang='lat' dir='ltr'><strong>lunata;</strong></span> <span class='ocrx_word' id='word_1_246' title='bbox 491 2603 569 2638; x_wconf 84' lang='lat' dir='ltr'><strong>vide</strong></span> <span class='ocrx_word' id='word_1_247' title='bbox 588 2603 776 2639; x_wconf 86' lang='lat' dir='ltr'><strong>Heinsium</strong></span> <span class='ocrx_word' id='word_1_248' title='bbox 792 2603 835 2638; x_wconf 80' lang='lat' dir='ltr'><strong>ad</strong></span> 
     </span>
     <span class='ocr_line' id='line_1_42' title="bbox 164 2654 837 2700; baseline -0.001 -9"><span class='ocrx_word' id='word_1_249' title='bbox 164 2656 285 2691; x_wconf 82' lang='lat' dir='ltr'><strong>Amor.</strong></span> <span class='ocrx_word' id='word_1_250' title='bbox 299 2656 378 2700; x_wconf 90' lang='lat'><strong>111,</strong></span> <span class='ocrx_word' id='word_1_251' title='bbox 398 2659 448 2700; x_wconf 75' lang='lat'><strong>²4·</strong></span> <span class='ocrx_word' id='word_1_252' title='bbox 465 2654 564 2690; x_wconf 86' lang='lat' dir='ltr'><strong>Olim</strong></span> <span class='ocrx_word' id='word_1_253' title='bbox 578 2654 747 2690; x_wconf 81' lang='lat' dir='ltr'><strong>edebatur</strong></span> <span class='ocrx_word' id='word_1_254' title='bbox 761 2668 837 2690; x_wconf 83' lang='lat' dir='ltr'><strong>cor-</strong></span> 
     </span>
     <span class='ocr_line' id='line_1_43' title="bbox 163 2709 836 2751; baseline 0 -8"><span class='ocrx_word' id='word_1_255' title='bbox 163 2723 229 2744; x_wconf 85' lang='lat' dir='ltr'><strong>mm</strong></span> <span class='ocrx_word' id='word_1_256' title='bbox 239 2714 323 2745; x_wconf 83' lang='lat' dir='ltr'><strong>dura</strong></span> <span class='ocrx_word' id='word_1_257' title='bbox 334 2720 345 2751; x_wconf 77' lang='lat'><strong>,⁸</strong></span> <span class='ocrx_word' id='word_1_258' title='bbox 365 2709 466 2744; x_wconf 86' lang='lat' dir='ltr'><strong>multi</strong></span> <span class='ocrx_word' id='word_1_259' title='bbox 476 2720 599 2746; x_wconf 70' lang='lat' dir='ltr'><strong>curva:</strong></span> <span class='ocrx_word' id='word_1_260' title='bbox 611 2709 836 2745; x_wconf 68' lang='lat' dir='ltr'><strong>Flos-eminus</strong></span> 
     </span>
    </p>
   </div>
   <div class='ocr_carea' id='block_1_13' title="bbox 898 1555 1587 2754">
    <p class='ocr_par' dir='ltr' id='par_1_18' title="bbox 898 1555 1584 2130">
     <span class='ocr_line' id='line_1_44' title="bbox 900 1555 1582 1602; baseline -0.004 -9"><span class='ocrx_word' id='word_1_261' title='bbox 900 1558 935 1593; x_wconf 92' lang='lat' dir='ltr'><strong>S.</strong></span> <span class='ocrx_word' id='word_1_262' title='bbox 949 1557 1062 1592; x_wconf 87' lang='lat' dir='ltr'><strong>Marci</strong></span> <span class='ocrx_word' id='word_1_263' title='bbox 1075 1563 1110 1591; x_wconf 86' lang='lat' dir='ltr'><strong>et</strong></span> <span class='ocrx_word' id='word_1_264' title='bbox 1123 1557 1269 1602; x_wconf 78' lang='lat' dir='ltr'><strong>Argent.</strong></span> <span class='ocrx_word' id='word_1_265' title='bbox 1283 1567 1382 1599; x_wconf 84' lang='lat' dir='ltr'><strong>ram‚·</strong></span> <span class='ocrx_word' id='word_1_266' title='bbox 1397 1555 1582 1591; x_wconf 84' lang='lat' dir='ltr'><strong>Geneven—</strong></span> 
     </span>
     <span class='ocr_line' id='line_1_45' title="bbox 898 1607 1582 1645; baseline -0.003 0"><span class='ocrx_word' id='word_1_267' title='bbox 898 1611 942 1645; x_wconf 84' lang='lat' dir='ltr'><strong>sis</strong></span> <span class='ocrx_word' id='word_1_268' title='bbox 959 1623 1056 1645; x_wconf 75' lang='lat' dir='ltr'><strong>cava.</strong></span> <span class='ocrx_word' id='word_1_269' title='bbox 1075 1609 1162 1644; x_wconf 83' lang='lat' dir='ltr'><strong>Inde</strong></span> <span class='ocrx_word' id='word_1_270' title='bbox 1180 1609 1348 1643; x_wconf 84' lang='lat' dir='ltr'><strong>Heinsius</strong></span> <span class='ocrx_word' id='word_1_271' title='bbox 1358 1607 1402 1642; x_wconf 85' lang='lat' dir='ltr'><strong>de</strong></span> <span class='ocrx_word' id='word_1_272' title='bbox 1412 1621 1474 1643; x_wconf 87' lang='lat' dir='ltr'><strong>suo</strong></span> <span class='ocrx_word' id='word_1_273' title='bbox 1485 1607 1582 1643; x_wconf 80' lang='lat' dir='ltr'><strong>dedit</strong></span> 
     </span>
     <span class='ocr_line' id='line_1_46' title="bbox 898 1662 1581 1708; baseline -0.003 -10"><span class='ocrx_word' id='word_1_274' title='bbox 898 1677 992 1698; x_wconf 79' lang='lat' dir='ltr'><strong>vam.</strong></span> <span class='ocrx_word' id='word_1_275' title='bbox 1010 1682 1054 1689; x_wconf 91' lang='lat'><strong>—-</strong></span> <span class='ocrx_word' id='word_1_276' title='bbox 1070 1663 1171 1708; x_wconf 81' lang='lat' dir='ltr'><strong>Regii</strong></span> <span class='ocrx_word' id='word_1_277' title='bbox 1196 1662 1307 1697; x_wconf 87' lang='lat' dir='ltr'><strong>nostri</strong></span> <span class='ocrx_word' id='word_1_278' title='bbox 1333 1662 1465 1697; x_wconf 86' lang='lat' dir='ltr'><strong>habent</strong></span> <span class='ocrx_word' id='word_1_279' title='bbox 1486 1665 1581 1697; x_wconf 82' lang='lat' dir='ltr'><strong>dura.</strong></span> 
     </span>
     <span class='ocr_line' id='line_1_47' title="bbox 899 1716 1581 1764; baseline -0.004 -12"><span class='ocrx_word' id='word_1_280' title='bbox 899 1716 1078 1764; x_wconf 87' lang='lat' dir='ltr'><strong>Pyrrhum</strong></span> <span class='ocrx_word' id='word_1_281' title='bbox 1102 1716 1331 1761; x_wconf 81' lang='lat' dir='ltr'><strong>Epirotarum</strong></span> <span class='ocrx_word' id='word_1_282' title='bbox 1351 1728 1471 1761; x_wconf 81' lang='lat' dir='ltr'><strong>regem</strong></span> <span class='ocrx_word' id='word_1_283' title='bbox 1494 1727 1581 1749; x_wconf 90' lang='lat' dir='ltr'><strong>cor--</strong></span> 
     </span>
     <span class='ocr_line' id='line_1_48' title="bbox 898 1768 1584 1815; baseline -0.003 -11"><span class='ocrx_word' id='word_1_284' title='bbox 898 1784 970 1804; x_wconf 87' lang='lat' dir='ltr'><strong>nua</strong></span> <span class='ocrx_word' id='word_1_285' title='bbox 986 1770 1118 1804; x_wconf 83' lang='lat' dir='ltr'><strong>hircina</strong></span> <span class='ocrx_word' id='word_1_286' title='bbox 1133 1770 1170 1803; x_wconf 88' lang='lat' dir='ltr'><strong>in</strong></span> <span class='ocrx_word' id='word_1_287' title='bbox 1189 1769 1283 1815; x_wconf 84' lang='lat' dir='ltr'><strong>galea</strong></span> <span class='ocrx_word' id='word_1_288' title='bbox 1300 1775 1447 1814; x_wconf 81' lang='lat' dir='ltr'><strong>gestasse</strong></span> <span class='ocrx_word' id='word_1_289' title='bbox 1465 1768 1584 1802; x_wconf 81' lang='lat' dir='ltr'><strong>scribit</strong></span> 
     </span>
     <span class='ocr_line' id='line_1_49' title="bbox 899 1822 1576 1858; baseline -0.003 0"><span class='ocrx_word' id='word_1_290' title='bbox 899 1823 1104 1858; x_wconf 82' lang='lat' dir='ltr'><strong>Plutarchus</strong></span> <span class='ocrx_word' id='word_1_291' title='bbox 1128 1836 1136 1857; x_wconf 73' lang='grc' dir='ltr'><strong>ε</strong></span> <span class='ocrx_word' id='word_1_292' title='bbox 1161 1836 1234 1858; x_wconf 90' lang='lat' dir='ltr'><strong>non</strong></span> <span class='ocrx_word' id='word_1_293' title='bbox 1259 1823 1435 1858; x_wconf 88' lang='lat' dir='ltr'><strong>subscribo</strong></span> <span class='ocrx_word' id='word_1_294' title='bbox 1454 1822 1576 1857; x_wconf 88' lang='lat' dir='ltr'><strong>inter-</strong></span> 
     </span>
     <span class='ocr_line' id='line_1_50' title="bbox 898 1873 1579 1922; baseline -0.003 -12"><span class='ocrx_word' id='word_1_295' title='bbox 898 1876 1052 1921; x_wconf 86' lang='lat' dir='ltr'><strong>pretibus</strong></span> <span class='ocrx_word' id='word_1_296' title='bbox 1063 1875 1120 1920; x_wconf 91' lang='lat' dir='ltr'><strong>qui</strong></span> <span class='ocrx_word' id='word_1_297' title='bbox 1134 1875 1304 1922; x_wconf 84' lang='lat' dir='ltr'><strong>Dorylam</strong></span> <span class='ocrx_word' id='word_1_298' title='bbox 1318 1881 1444 1920; x_wconf 87' lang='lat' dir='ltr'><strong>putant</strong></span> <span class='ocrx_word' id='word_1_299' title='bbox 1456 1873 1579 1909; x_wconf 85' lang='lat' dir='ltr'><strong>itidem</strong></span> 
     </span>
     <span class='ocr_line' id='line_1_51' title="bbox 898 1926 1580 1973; baseline -0.003 -11"><span class='ocrx_word' id='word_1_300' title='bbox 898 1940 1030 1973; x_wconf 81' lang='lat' dir='ltr'><strong>cornua</strong></span> <span class='ocrx_word' id='word_1_301' title='bbox 1056 1927 1185 1962; x_wconf 86' lang='lat' dir='ltr'><strong>bubula</strong></span> <span class='ocrx_word' id='word_1_302' title='bbox 1210 1927 1247 1960; x_wconf 90' lang='lat' dir='ltr'><strong>in</strong></span> <span class='ocrx_word' id='word_1_303' title='bbox 1275 1926 1391 1972; x_wconf 84' lang='lat' dir='ltr'><strong>galero</strong></span> <span class='ocrx_word' id='word_1_304' title='bbox 1414 1933 1580 1972; x_wconf 81' lang='lat' dir='ltr'><strong>gestasse:</strong></span> 
     </span>
     <span class='ocr_line' id='line_1_52' title="bbox 899 1977 1582 2024; baseline -0.003 -11"><span class='ocrx_word' id='word_1_305' title='bbox 899 1979 983 2024; x_wconf 86' lang='lat' dir='ltr'><strong>quin</strong></span> <span class='ocrx_word' id='word_1_306' title='bbox 1002 1991 1110 2013; x_wconf 85' lang='lat' dir='ltr'><strong>manu</strong></span> <span class='ocrx_word' id='word_1_307' title='bbox 1128 1978 1270 2023; x_wconf 80' lang='lat' dir='ltr'><strong>gerebat</strong></span> <span class='ocrx_word' id='word_1_308' title='bbox 1285 1979 1400 2024; x_wconf 86' lang='lat' dir='ltr'><strong>potius</strong></span> <span class='ocrx_word' id='word_1_309' title='bbox 1411 2004 1420 2022; x_wconf 90' lang='lat'>‚</span> <span class='ocrx_word' id='word_1_310' title='bbox 1438 1985 1477 2012; x_wconf 88' lang='lat' dir='ltr'><strong>ut</strong></span> <span class='ocrx_word' id='word_1_311' title='bbox 1489 1977 1582 2012; x_wconf 86' lang='lat' dir='ltr'><strong>cervi</strong></span> 
     </span>
     <span class='ocr_line' id='line_1_53' title="bbox 898 2032 1582 2067; baseline -0.003 0"><span class='ocrx_word' id='word_1_312' title='bbox 898 2045 1030 2067; x_wconf 89' lang='lat' dir='ltr'><strong>cornua</strong></span> <span class='ocrx_word' id='word_1_313' title='bbox 1048 2032 1208 2067; x_wconf 84' lang='lat' dir='ltr'><strong>Exadius.</strong></span> <span class='ocrx_word' id='word_1_314' title='bbox 1229 2034 1294 2067; x_wconf 81' lang='lat' dir='ltr'><strong>Ed.</strong></span> <span class='ocrx_word' id='word_1_315' title='bbox 1314 2050 1359 2057; x_wconf 93' lang='lat'>—</span> <span class='ocrx_word' id='word_1_316' title='bbox 1375 2033 1497 2065; x_wconf 81' lang='lat' dir='ltr'><strong>Cruore</strong></span> <span class='ocrx_word' id='word_1_317' title='bbox 1512 2044 1582 2065; x_wconf 85' lang='lat' dir='ltr'><strong>eo·-</strong></span> 
     </span>
     <span class='ocr_line' id='line_1_54' title="bbox 898 2083 1445 2130; baseline -0.002 -11"><span class='ocrx_word' id='word_1_318' title='bbox 898 2097 979 2119; x_wconf 87' lang='lat' dir='ltr'><strong>rum</strong></span> <span class='ocrx_word' id='word_1_319' title='bbox 990 2111 999 2127; x_wconf 90' lang='lat'><strong>,</strong></span> <span class='ocrx_word' id='word_1_320' title='bbox 1020 2097 1106 2130; x_wconf 86' lang='lat' dir='ltr'><strong>quos</strong></span> <span class='ocrx_word' id='word_1_321' title='bbox 1122 2085 1193 2130; x_wconf 77' lang='lat' dir='ltr'><strong>jam</strong></span> <span class='ocrx_word' id='word_1_322' title='bbox 1210 2083 1445 2119; x_wconf 77' lang='lat' dir='ltr'><strong>interfecerat.</strong></span> 
     </span>
    </p>

    <p class='ocr_par' dir='ltr' id='par_1_19' title="bbox 898 2136 1583 2444">
     <span class='ocr_line' id='line_1_55' title="bbox 943 2136 1580 2174; baseline -0.006 0"><span class='ocrx_word' id='word_1_323' title='bbox 943 2139 1018 2174; x_wconf 85' lang='lat'>383.</span> <span class='ocrx_word' id='word_1_324' title='bbox 1043 2141 1139 2172; x_wconf 72' lang='lat' dir='ltr'><strong>Vim</strong></span> <span class='ocrx_word' id='word_1_325' title='bbox 1155 2141 1288 2172; x_wconf 81' lang='lat' dir='ltr'><strong>animus</strong></span> <span class='ocrx_word' id='word_1_326' title='bbox 1299 2139 1407 2171; x_wconf 83' lang='lat' dir='ltr'><strong>dabat</strong></span> <span class='ocrx_word' id='word_1_327' title='bbox 1421 2136 1580 2171; x_wconf 68' lang='lat' dir='ltr'><strong>modeste</strong></span> 
     </span>
     <span class='ocr_line' id='line_1_56' title="bbox 898 2190 1579 2236; baseline -0.004 -11"><span class='ocrx_word' id='word_1_328' title='bbox 898 2191 1115 2236; x_wconf 75' lang='lat' dir='ltr'><strong>praemissum</strong></span> <span class='ocrx_word' id='word_1_329' title='bbox 1131 2203 1150 2224; x_wconf 91' lang='lat' dir='ltr'><strong>a</strong></span> <span class='ocrx_word' id='word_1_330' title='bbox 1162 2190 1579 2228; x_wconf 56' lang='lat' dir='ltr'><strong>Nestore—Concedunt,</strong></span> 
     </span>
     <span class='ocr_line' id='line_1_57' title="bbox 899 2241 1581 2286; baseline -0.006 -9"><span class='ocrx_word' id='word_1_331' title='bbox 899 2242 1046 2286; x_wconf 88' lang='lat' dir='ltr'><strong>cedant,</strong></span> <span class='ocrx_word' id='word_1_332' title='bbox 1065 2242 1230 2277; x_wconf 88' lang='lat' dir='ltr'><strong>inferiora</strong></span> <span class='ocrx_word' id='word_1_333' title='bbox 1248 2241 1504 2286; x_wconf 71' lang='lat' dir='ltr'><strong>sint.—Affixa</strong></span> <span class='ocrx_word' id='word_1_334' title='bbox 1519 2247 1581 2274; x_wconf 82' lang='lat' dir='ltr'><strong>est.</strong></span> 
     </span>
     <span class='ocr_line' id='line_1_58' title="bbox 899 2292 1582 2339; baseline -0.006 -10"><span class='ocrx_word' id='word_1_335' title='bbox 899 2295 1020 2330; x_wconf 88' lang='lat' dir='ltr'><strong>Simile</strong></span> <span class='ocrx_word' id='word_1_336' title='bbox 1038 2293 1121 2339; x_wconf 87' lang='lat' dir='ltr'><strong>quid</strong></span> <span class='ocrx_word' id='word_1_337' title='bbox 1137 2295 1185 2338; x_wconf 91' lang='lat' dir='ltr'><strong>V,</strong></span> <span class='ocrx_word' id='word_1_338' title='bbox 1207 2295 1279 2337; x_wconf 80' lang='lat'><strong>124.</strong></span> <span class='ocrx_word' id='word_1_339' title='bbox 1299 2292 1467 2327; x_wconf 85' lang='lat' dir='ltr'><strong>Heinsius</strong></span> <span class='ocrx_word' id='word_1_340' title='bbox 1481 2298 1582 2337; x_wconf 84' lang='lat' dir='ltr'><strong>putat</strong></span> 
     </span>
     <span class='ocr_line' id='line_1_59' title="bbox 899 2343 1583 2392; baseline -0.006 -11"><span class='ocrx_word' id='word_1_341' title='bbox 899 2346 1123 2381; x_wconf 87' lang='lat' dir='ltr'><strong>scribendum</strong></span> <span class='ocrx_word' id='word_1_342' title='bbox 1136 2358 1144 2380; x_wconf 90' lang='lat'>:</span> <span class='ocrx_word' id='word_1_343' title='bbox 1157 2347 1287 2392; x_wconf 75' lang='lat' dir='ltr'><strong>Adfixa</strong></span> <span class='ocrx_word' id='word_1_344' title='bbox 1301 2357 1374 2380; x_wconf 85' lang='lat' dir='ltr'><strong>cum</strong></span> <span class='ocrx_word' id='word_1_345' title='bbox 1379 2343 1496 2388; x_wconf 80' lang='lat' dir='ltr'><strong>fronte</strong></span> <span class='ocrx_word' id='word_1_346' title='bbox 1506 2355 1583 2377; x_wconf 86' lang='lat' dir='ltr'><strong>ma-</strong></span> 
     </span>
     <span class='ocr_line' id='line_1_60' title="bbox 898 2401 1177 2444; baseline -0.004 -11"><span class='ocrx_word' id='word_1_347' title='bbox 898 2412 944 2433; x_wconf 83' lang='lat' dir='ltr'><strong>nu</strong></span> <span class='ocrx_word' id='word_1_348' title='bbox 954 2425 963 2440; x_wconf 88' lang='lat'><strong><em>‚</em></strong></span> <span class='ocrx_word' id='word_1_349' title='bbox 974 2401 1026 2444; x_wconf 80' lang='lat' dir='ltr'><strong>fit</strong></span> <span class='ocrx_word' id='word_1_350' title='bbox 1040 2401 1177 2432; x_wconf 79' lang='lat' dir='ltr'><strong>clamor.</strong></span> 
     </span>
    </p>

    <p class='ocr_par' dir='ltr' id='par_1_20' title="bbox 899 2445 1587 2754">
     <span class='ocr_line' id='line_1_61' title="bbox 943 2445 1580 2499; baseline -0.009 -14"><span class='ocrx_word' id='word_1_351' title='bbox 943 2452 1019 2499; x_wconf 78' lang='lat'><strong>390.</strong></span> <span class='ocrx_word' id='word_1_352' title='bbox 1033 2452 1195 2495; x_wconf 76' lang='lat' dir='ltr'><strong>Terraque</strong></span> <span class='ocrx_word' id='word_1_353' title='bbox 1192 2448 1298 2493; x_wconf 76' lang='lat' dir='ltr'><strong>fi‘rox</strong></span> <span class='ocrx_word' id='word_1_354' title='bbox 1309 2455 1375 2483; x_wconf 87' lang='lat' dir='ltr'><strong>etc.</strong></span> <span class='ocrx_word' id='word_1_355' title='bbox 1388 2445 1495 2481; x_wconf 79' lang='lat' dir='ltr'><strong>Foeda</strong></span> <span class='ocrx_word' id='word_1_356' title='bbox 1506 2459 1580 2481; x_wconf 82' lang='lat' dir='ltr'><strong>rur.-</strong></span> 
     </span>
     <span class='ocr_line' id='line_1_62' title="bbox 899 2498 1580 2544; baseline -0.007 -8"><span class='ocrx_word' id='word_1_357' title='bbox 899 2514 956 2536; x_wconf 86' lang='lat' dir='ltr'><strong>sus</strong></span> <span class='ocrx_word' id='word_1_358' title='bbox 978 2514 1033 2536; x_wconf 86' lang='lat' dir='ltr'><strong>res</strong></span> <span class='ocrx_word' id='word_1_359' title='bbox 1055 2501 1242 2535; x_wconf 88' lang='lat' dir='ltr'><strong>lectoribus</strong></span> <span class='ocrx_word' id='word_1_360' title='bbox 1260 2506 1340 2534; x_wconf 87' lang='lat' dir='ltr'><strong>ante</strong></span> <span class='ocrx_word' id='word_1_361' title='bbox 1360 2498 1479 2532; x_wconf 89' lang='lat' dir='ltr'><strong>oculos</strong></span> <span class='ocrx_word' id='word_1_362' title='bbox 1492 2498 1580 2544; x_wconf 89' lang='lat' dir='ltr'><strong>pin—</strong></span> 
     </span>
     <span class='ocr_line' id='line_1_63' title="bbox 900 2549 1582 2599; baseline -0.003 -12"><span class='ocrx_word' id='word_1_363' title='bbox 900 2554 993 2599; x_wconf 85' lang='lat' dir='ltr'><strong>gitur</strong></span> <span class='ocrx_word' id='word_1_364' title='bbox 1005 2579 1014 2597; x_wconf 88' lang='lat'><strong>,</strong></span> <span class='ocrx_word' id='word_1_365' title='bbox 1031 2559 1072 2587; x_wconf 79' lang='lat' dir='ltr'><strong>ut</strong></span> <span class='ocrx_word' id='word_1_366' title='bbox 1088 2565 1175 2589; x_wconf 81' lang='lat' dir='ltr'><strong>vers.</strong></span> <span class='ocrx_word' id='word_1_367' title='bbox 1189 2552 1253 2599; x_wconf 79' lang='lat'><strong>269</strong></span> <span class='ocrx_word' id='word_1_368' title='bbox 1267 2564 1318 2596; x_wconf 87' lang='lat' dir='ltr'><strong>sq.</strong></span> <span class='ocrx_word' id='word_1_369' title='bbox 1330 2549 1403 2585; x_wconf 89' lang='lat' dir='ltr'><strong>Sed</strong></span> <span class='ocrx_word' id='word_1_370' title='bbox 1413 2550 1582 2585; x_wconf 84' lang='lat' dir='ltr'><strong>bellicosis</strong></span> 
     </span>
     <span class='ocr_line' id='line_1_64' title="bbox 901 2601 1580 2641; baseline -0.006 0"><span class='ocrx_word' id='word_1_371' title='bbox 901 2606 1070 2641; x_wconf 81' lang='lat' dir='ltr'><strong>Romanis</strong></span> <span class='ocrx_word' id='word_1_372' title='bbox 1086 2605 1165 2640; x_wconf 88' lang='lat' dir='ltr'><strong>talia</strong></span> <span class='ocrx_word' id='word_1_373' title='bbox 1184 2615 1350 2638; x_wconf 89' lang='lat' dir='ltr'><strong>nauseam</strong></span> <span class='ocrx_word' id='word_1_374' title='bbox 1368 2615 1442 2637; x_wconf 81' lang='lat' dir='ltr'><strong>non</strong></span> <span class='ocrx_word' id='word_1_375' title='bbox 1459 2601 1580 2638; x_wconf 76' lang='lat' dir='ltr'><strong>secisse</strong></span> 
     </span>
     <span class='ocr_line' id='line_1_65' title="bbox 899 2655 1587 2700; baseline -0.004 -8"><span class='ocrx_word' id='word_1_376' title='bbox 899 2658 1065 2692; x_wconf 82' lang='lat' dir='ltr'><strong>videntur</strong></span> <span class='ocrx_word' id='word_1_377' title='bbox 1079 2656 1234 2691; x_wconf 81' lang='lat' dir='ltr'><strong>soeditate</strong></span> <span class='ocrx_word' id='word_1_378' title='bbox 1245 2668 1317 2691; x_wconf 89' lang='lat' dir='ltr'><strong>sua.</strong></span> <span class='ocrx_word' id='word_1_379' title='bbox 1333 2656 1456 2700; x_wconf 85' lang='lat' dir='ltr'><strong>Itaque</strong></span> <span class='ocrx_word' id='word_1_380' title='bbox 1473 2655 1587 2690; x_wconf 83' lang='lat' dir='ltr'><strong>etiam&#39;</strong></span> 
     </span>
     <span class='ocr_line' id='line_1_66' title="bbox 899 2706 1580 2754; baseline -0.006 -11"><span class='ocrx_word' id='word_1_381' title='bbox 899 2709 937 2743; x_wconf 85' lang='lat' dir='ltr'><strong>in</strong></span> <span class='ocrx_word' id='word_1_382' title='bbox 948 2708 1096 2754; x_wconf 78' lang='lat' dir='ltr'><strong>Virgilio</strong></span> <span class='ocrx_word' id='word_1_383' title='bbox 1111 2707 1235 2743; x_wconf 87' lang='lat' dir='ltr'><strong>similia</strong></span> <span class='ocrx_word' id='word_1_384' title='bbox 1253 2707 1326 2742; x_wconf 89' lang='lat' dir='ltr'><strong>loca</strong></span> <span class='ocrx_word' id='word_1_385' title='bbox 1345 2706 1580 2752; x_wconf 85' lang='lat' dir='ltr'><strong>reperiuntur.</strong></span> 
     </span>
    </p>
   </div>
  </div>
 </body>
</html>
