1820 3106
294 283 372 339 140
499 315 501 317 .
652 287 702 328 P.
742 285 1337 334 0v1D11NAsoNIS·

289 400 312 420 »
339 377 471 425 Edita
491 376 602 426 forte
627 389 702 426 tuo
723 378 853 426 fuerit
873 379 910 426 si
934 379 1091 428 femina
1114 391 1243 446 partu
1258 417 1269 437 ‚

287 476 311 497 »
336 454 504 502 Invitus
527 455 684 503 mando
705 474 714 512 ;
739 456 879 521 pietas
897 493 908 513 ‚
934 457 1139 519 ignosce3
1163 467 1353 504 necetur.
1382 477 1404 498 »

285 531 465 578 Dixerat
485 551 494 578 ε
516 544 558 580 et
580 531 779 598 lacrymis
802 532 968 582 vultum
990 532 1126 582 lavere
1148 532 1362 601 profusis,

285 607 393 654 Tam
419 607 494 672 qui
518 607 776 664 mandabat,
802 628 930 674 quam
956 610 1024 656 cui
1045 609 1245 656 mandata
1269 608 1498 656 dabantur.

1595 600 1690 656 ’.680

286 682 372 729 Sed
395 695 537 731 tamen
561 703 699 750 usque
725 704 852 733 suum
876 685 998 732 vanis
1021 684 1254 733 Telethusa
1274 685 1478 733 maritum

285 758 503 807 Sollicitat
524 761 731 827 precibus
745 799 756 818 ‚
782 780 837 809 ne
861 780 981 827 spem
1005 761 1090 808 sibi
1111 773 1247 827 ponat
1269 761 1316 807 in
1338 773 1446 808 arto.

288 836 415 884 Certa
434 855 512 884 sua
537 849 600 884 est
623 838 765 900 Ligdo
791 838 1001 886 sententia
1023 858 1032 885 ε
1050 838 1224 903 jamque
1248 837 1427 885 ferendo

285 912 371 959 Vix
394 925 486 960 erat
506 913 579 962 illa
602 932 770 975 gravem
793 928 965 963 maturo
989 914 1183 981 pondere
1204 925 1395 961 ventrem
1410 908 1429 970 ς’

286 989 437 1051 Quum
459 990 603 1037 medio
627 991 769 1039 noctis
792 992 934 1058 spatio
950 1028 961 1048 ,
985 991 1068 1038 sub
1091 991 1278 1053 imagine
1302 990 1471 1048 somni,

1625 1003 1691 1040 685

287 1068 460 1115 Inachis
485 1080 581 1116 ante
607 1080 777 1126 torum,
803 1078 966 1135 pompa
991 1068 1194 1115 comitata
1218 1085 1421 1124 suorum,

289 1195 357 1227 quo
368 1183 484 1217 minus
494 1195 635 1228 operam
645 1183 714 1218 filia
722 1197 847 1218 navare
857 1183 961 1229 possit

287 1234 385 1279 patri.
398 1235 513 1269 Etiam
521 1235 631 1270 Gron.
643 1236 728 1270 Obs.
739 1236 793 1279 II,
812 1250 861 1279 12,
877 1249 961 1281 prae-

285 1286 353 1320 sert
365 1312 374 1328 ,
392 1286 666 1331 natura—Regii
678 1287 786 1321 nostri
796 1313 804 1329 ,
807 1286 959 1330 fortuna.

330 1337 404 1382 678.
422 1339 558 1377 Pietas,
578 1337 689 1371 officia
701 1345 865 1383 paterna,
884 1351 960 1383 quae

287 1389 353 1423 hoc
370 1389 534 1424 mandato
549 1390 733 1425 laeduntur.

331 1441 405 1487 679.
429 1442 559 1476 Lauare
579 1449 669 1487 poet.
686 1455 750 1487 pro
764 1469 772 1485 ,
793 1442 957 1487 irrigare;

289 1491 455 1537 Virgilius
465 1518 474 1536 ,
486 1493 569 1528 AEn.
581 1494 670 1538 XII,
689 1507 745 1528 121
761 1508 771 1536 ;
787 1501 821 1528 et
832 1494 959 1539 Georg.

290 1543 345 1577 III
359 1569 368 1586 ,
385 1557 459 1577 221.

332 1595 405 1630 681.
423 1597 491 1630 Sed
497 1602 606 1630 lamen
622 1609 722 1641 usque
734 1609 827 1631 suum
842 1604 904 1632 etc.
918 1597 959 1631 In

290 1645 408 1681 animo
435 1648 595 1683 muliebri
618 1650 758 1684 assectus
784 1657 961 1685 maternus

291 1698 469 1743 praevalet,
483 1700 573 1745 apud
586 1700 735 1746 Ligdum
747 1701 833 1735 dura
845 1714 960 1736 neces·

290 1750 516 1794 suasu—Spem
522 1765 642 1796 ponere
650 1756 686 1786 in
699 1760 782 1794 arlo,
797 1765 895 1798 spem
905 1765 962 1787 an-

292 1802 396 1846 gustis
412 1802 538 1837 finibus
554 1804 832 1839 circumscribere
844 1831 853 1848 ‚
870 1817 963 1839 mas-

292 1854 405 1889 culam
413 1862 550 1890 tantum
560 1857 693 1901 prolem
700 1858 968 1902 sperare—Sibi

292 1912 328 1939 et
340 1905 381 1939 ad
394 1906 542 1951 Ligdum
556 1915 590 1942 et
605 1907 646 1942 ad
660 1908 881 1943 Telethusam
899 1921 963 1942 re—

295 1956 377 1990 ferri
394 1960 677 2002 potest—Certa,
696 1959 929 1994 immutabilis.

338 2009 411 2043 683.
427 2011 522 2044 Ferre
529 2017 670 2045 ventrem
682 2011 820 2057 proprie
833 2011 875 2045 de
886 2024 966 2057 gra-

294 2059 391 2094 vidis.
399 2079 442 2086 —
450 2063 680 2106 Eratserendo
688 2090 696 2104 ,
707 2070 843 2109 poterat
852 2064 942 2097 serre
953 2089 962 2106 ,

296 2116 336 2143 ut
358 2123 423 2144 non
443 2114 598 2160 solvendo
612 2126 684 2148 esse
699 2128 709 2148 :
726 2114 830 2149 etiam
850 2114 938 2161 infra
953 2139 962 2156 ,

297 2161 378 2204 XV,
392 2163 455 2205 403
465 2189 474 2206 ,
485 2169 635 2208 onerique
637 2166 779 2209 ferendo
788 2171 892 2200 est.—
899 2167 965 2199 Vix

293 2219 367 2248 erat
375 2215 568 2259 profectum
581 2224 633 2251 est
649 2230 689 2251 ex
699 2217 840 2261 ingenio
850 2217 966 2250 Hein-

296 2264 336 2299 sii
351 2266 410 2310 qui
423 2266 470 2300 ita
485 2267 617 2312 scripsit
631 2281 694 2312 pro
705 2268 795 2314 vulg.
812 2274 948 2302 vexerat
954 2295 962 2308 ,

298 2316 391 2361 quod
404 2330 485 2352 sane
497 2319 580 2352 ferri
590 2319 721 2364 nequit.
733 2320 825 2355 Nam
839 2320 902 2354 etsi
912 2333 966 2354 ve-

297 2371 372 2403 here
385 2369 563 2404 interdum
581 2384 644 2415 pro
665 2378 801 2417 portare
818 2371 943 2407 dicitur
954 2399 964 2416 ‚

298 2428 415 2456 tamen
420 2423 562 2466 ferendo
577 2427 691 2459 vehere
705 2426 838 2459 nemini
853 2452 862 2469 ,
883 2426 966 2472 opi-

297 2487 377 2517 nor,
394 2476 548 2520 placebit.
558 2478 751 2511 —Vexemt
764 2476 883 2523 (quod
897 2478 966 2512 ha·-

298 2525 384 2560 bent
410 2527 509 2573 Regii
534 2529 643 2563 nostri
666 2528 811 2564 Codices
831 2528 847 2573 )
871 2530 966 2564 sacile

299 2578 381 2611 oriri
404 2579 516 2623 potuit
539 2592 579 2613 ex
603 2583 662 2613 vix
684 2588 757 2614 erat
775 2594 784 2614 :
806 2581 876 2624 jam
901 2581 968 2615 hoc

300 2634 410 2676 πρῶτον
428 2634 533 2675 ψεῦδος
553 2631 678 2666 multas
698 2632 878 2667 varietates
899 2645 968 2678 pe—

300 2680 387 2723 perit
400 2705 409 2722 ,
432 2683 585 2716 vinxerat
594 2709 602 2723 ‚
629 2686 761 2717 vixerat
770 2710 778 2724 ‚
805 2690 960 2723 auxerat,

300 2733 442 2776 ἅπτεταί
450 2759 458 2772 ,
481 2741 628 2776 gesserat
637 2761 644 2775 ‚
670 2747 745 2779 quae
762 2735 881 2777 omnia
895 2747 968 2769 non

302 2789 393 2818 certe
420 2784 596 2819 sufficiunt
607 2811 616 2829 ,
641 2793 679 2821 ut
704 2787 805 2822 rectis
823 2787 968 2830 conjec-

1024 1183 1110 1217 turis
1126 1180 1298 1217 sanandus
1313 1181 1355 1217 sit
1370 1182 1473 1216 locus.
1487 1180 1642 1216 Graevius
1657 1187 1694 1216 et

1026 1234 1257 1279 Caposerreus
1267 1234 1463 1276 malebant,
1477 1235 1581 1267 Fessa
1590 1239 1672 1266 erat.

1067 1286 1141 1320 686.
1157 1287 1294 1320 Inachis
1309 1292 1388 1319 ante
1401 1292 1503 1319 torum
1516 1310 1525 1325 ,
1552 1286 1615 1318 etc.
1636 1283 1694 1318 Sic

1024 1338 1227 1385 AEgyptiaca
1242 1350 1380 1383 quoque
1401 1336 1613 1384 mythologia
1633 1342 1693 1370 at·-

1024 1390 1169 1436 tingitur
1180 1417 1189 1434 ,
1207 1391 1295 1424 sorte
1310 1402 1387 1424 eam
1402 1388 1549 1423 maxime
1563 1387 1608 1422 ob
1618 1399 1694 1422 cau-

1024 1454 1096 1475 sam
1108 1468 1116 1484 ,
1132 1441 1223 1486 quod
1237 1442 1360 1476 Romae
1370 1442 1475 1476 etiam
1486 1440 1591 1475 Isiaca
1600 1451 1694 1475 sacra

1025 1495 1243 1530 celebrantur
1255 1522 1264 1537 ,
1280 1496 1445 1540 pluraque
1462 1493 1590 1539 templa
1603 1493 1695 1527 intra

1024 1546 1133 1590 ipsam
1146 1547 1269 1580 urbem
1282 1547 1340 1580 lsis
1350 1546 1505 1580 habebat.
1517 1544 1597 1579 Vid.
1610 1543 1694 1587 Dio,

1026 1596 1089 1630 XL
1102 1623 1111 1640 ,
1130 1599 1168 1641 47
1184 1623 1193 1640 ,
1214 1597 1329 1641 ibique
1349 1596 1542 1630 Reimarus.
1562 1593 1695 1629 Confer

1025 1662 1105 1684 cum
1120 1657 1239 1684 nostro
1255 1650 1330 1684 loco
1345 1649 1464 1683 Amor.
1479 1648 1514 1682 11
1524 1674 1534 1692 ‚
1552 1657 1637 1688 x111,
1654 1660 1670 1694 7
1685 1661 1693 1687 3

1027 1701 1141 1735 Tibul.
1161 1701 1178 1735 Ι
1190 1727 1199 1744 ,
1216 1710 1262 1735 111
1274 1727 1283 1744 ,
1305 1702 1345 1735 23
1362 1713 1434 1746 sqq.
1455 1699 1558 1745 Apud
1576 1698 1696 1733 Anto-

1026 1753 1151 1787 ninum
1161 1753 1354 1788 Liberalem
1365 1753 1506 1787 Latonae
1517 1762 1620 1796 opem
1629 1750 1698 1784 im-

1027 1805 1138 1850 plorat
1157 1812 1279 1839 mater.
1302 1804 1372 1839 Sed
1397 1803 1582 1838 Cretenses
1601 1801 1695 1836 facile

1027 1856 1155 1891 habere
1170 1857 1273 1891 etiam
1287 1856 1504 1903 AEgyptiacas
1515 1853 1697 1899 religiones

1027 1916 1272 1955 potuerunt.—
1279 1910 1426 1947 Inacha,
1441 1908 1502 1942 Isis
1513 1905 1697 1953 AEgyptio-

1027 1974 1106 1995 rum
1118 1987 1126 2003 ,
1141 1961 1177 1994 in
1191 1973 1294 2005 quam
1308 1960 1347 1994 Io
1359 1986 1368 2003 ,
1386 1958 1505 1994 Inachi
1517 1958 1585 1993 filia
1595 1983 1604 2000 ,
1617 1970 1697 1992 mu·-

1028 2020 1097 2047 tata
1109 2011 1313 2046 credebatur
1325 2026 1333 2052 ;
1346 2011 1423 2045 vide
1434 2011 1471 2044 in
1481 2010 1567 2044 libro
1580 2009 1597 2044 I
1606 2035 1615 2052 ,
1629 2009 1695 2043 sab.

1027 2064 1071 2097 X.
1099 2062 1194 2096 Hinc
1218 2062 1439 2096 simulacrum
1466 2061 1539 2105 ejus
1562 2063 1698 2110 βούκερὸν

1028 2114 1200 2150 Herodot.
1214 2115 1270 2157 ΙΙ,
1288 2115 1337 2157 40.
1351 2113 1419 2148 Sed
1432 2120 1530 2147 erant
1540 2138 1549 2155 ,
1563 2112 1621 2158 qui
1633 2113 1697 2147 Isi-

1028 2166 1109 2200 dem
1125 2178 1205 2200 cum
1220 2166 1318 2199 Luna
1330 2164 1492 2199 eamdem
1505 2177 1576 2199 esse
1596 2163 1697 2199 dice-

1026 2225 1125 2260 rent,
1144 2217 1223 2262 quia
1239 2224 1359 2251 statuae
1376 2217 1450 2261 ejus
1466 2216 1503 2250 in
1519 2217 1633 2251 sronte
1650 2218 1698 2249 lu-

1027 2272 1125 2303 naria
1147 2282 1288 2308 cornua,
1314 2268 1434 2302 lunam
1454 2267 1699 2305 corniculatam

1029 2320 1193 2365 gerebant
1214 2334 1222 2360 ;
1248 2318 1452 2354 Plutarchus
1475 2318 1518 2352 de
1549 2317 1636 2351 Iside
1663 2323 1699 2351 et

1030 2371 1121 2406 Osir.
1138 2385 1170 2417 p.
1188 2371 1249 2416 467
1265 2397 1274 2413 ,
1292 2370 1345 2405 ed.
1363 2369 1700 2405 &ish—comitata

1027 2435 1182 2465 suorum‚·
1211 2424 1294 2457 olim
1320 2422 1486 2457 edebatur
1507 2432 1699 2463 sacrorum5

1028 2477 1088 2511 sed
1110 2476 1273 2511 Heinsius
1299 2488 1339 2509 ex
1360 2474 1516 2519 plurimis
1541 2473 1637 2508 MSS
1661 2479 1701 2506 ut

1030 2543 1048 2564 e
1066 2529 1179 2574 primo
1202 2527 1362 2562 Mediceo
1378 2553 1387 2569 ‚
1411 2525 1563 2560 secundo
1591 2525 1699 2559 Pala-

1029 2582 1124 2624 tino,
1142 2593 1272 2615 suorum
1296 2578 1400 2613 dedit.
1418 2579 1642 2612 Burmannus
1655 2589 1701 2626 {ex

1030 2645 1186 2671 sororum,
1200 2630 1292 2676 quod
1306 2643 1377 2663 non
1390 2631 1487 2675 pauci
1500 2630 1700 2675 praeferunt,

1030 2688 1206 2719 comitante
1228 2696 1348 2717 sonora
1364 2683 1510 2728 exsculpi
1528 2695 1622 2727 posse
1636 2694 1702 2726 pu·-

1031 2736 1143 2778 tabat,
1164 2742 1202 2768 ut
1215 2733 1255 2767 ad
1271 2738 1373 2768 sislra
1388 2735 1618 2768 reseratur.—-
1629 2733 1702 2766 Re-

1032 2787 1105 2832 gius
1121 2786 1152 2821 A
1167 2812 1176 2831 ,
1194 2798 1382 2829 sacrorum;
1399 2786 1428 2820 B
1441 2799 1459 2820 a
1473 2798 1579 2820 manu
1591 2784 1702 2830 prima
