1820 3106
209 219 264 262 38
590 219 642 261 Ρ.
681 218 912 262 OVIDII
946 218 1250 264 NASONIS

206 297 528 363 Victricemque
548 308 707 363 petunt
728 297 889 345 dextrae
911 297 1175 361 conjungere
1200 297 1420 357 dextram3

207 376 533 440 Immanemque
555 374 695 422 ferum
710 411 722 432 ,
747 373 886 422 multa
908 373 1063 421 tellure
1085 373 1296 438 jacentem
1311 413 1323 432 ,

207 451 421 499 Mirantes
446 462 675 517 spectant:
697 469 839 517 neque
863 451 1005 499 adhuc
1027 451 1280 514 contingere
1304 463 1450 500 tutum

205 528 314 576 Esse
336 541 496 595 putant
515 548 525 586 3
546 529 623 577 sed
647 527 732 577 tela
754 540 896 576 tamen
921 547 1000 576 sua
1024 528 1210 595 quisque
1233 542 1475 578 cruentant.

184 607 303 671 'Ipse
325 606 434 672 pede
457 607 669 673 imposito
684 644 695 664 ,
719 617 851 672 caput
872 605 1093 654 exitiabile
1117 607 1302 672 pressit3
1352 615 1356 619 “

1560 620 1626 667 425

204 684 353 749 Atque
374 682 465 732 ita:
493 706 514 726 «
542 684 674 732 Sume
694 683 781 732 mei
805 682 997 750 spolium
1012 721 1024 741 ,
1049 684 1294 742 Nonacria,
1317 684 1453 749 juris,

210 782 231 801 »
257 760 407 818 Dixit3
433 773 476 809 et
499 761 544 808 in
565 773 734 828 partem
756 762 901 809 veniat
923 761 1033 809 mihi
1057 758 1196 823 gloria
1221 773 1377 810 tecum.
1405 785 1427 804 ν

204 835 416 884 Protinus
438 838 613 887 exuvias
628 875 639 896 ,
663 839 818 901 rigidis
838 837 1061 886 horrentia
1085 838 1190 886 setis

203 913 347 975 Terga
369 914 444 961 dat
459 951 470 972 ,
497 915 728 977 et‘magnis
753 914 944 978 insignia
969 914 1179 964 dentibus
1203 934 1291 964 ora.

203 989 275 1036 Illi
298 989 458 1038 laetitiae
480 1003 547 1039 est
570 1010 669 1039 cum
693 1011 873 1041 munere
894 992 1090 1040 muneris
1114 1003 1281 1039 auctor.

1561 1004 1628 1050 430

202 1067 401 1116 Invidere
426 1066 524 1125 alii;
551 1080 738 1134 totoque
761 1081 853 1117 erat
875 1069 1047 1131 agmine
1069 1085 1280 1115 murmur.

201 1146 239 1191 E
263 1145 426 1210 quibus
441 1183 452 1203 ‚
477 1146 645 1209 ingenti
670 1147 898 1195 tendentes
923 1146 1103 1194 brachia
1125 1163 1231 1194 voce
1246 1183 1257 1203 ,

206 1244 227 1262 «
256 1222 378 1270 Pone
404 1241 503 1284 age,
527 1242 606 1271 nec
629 1224 784 1272 titulos
807 1223 1047 1290 intercipe,
1072 1223 1257 1281 femina,
1282 1234 1503 1281 nostros,

204 1380 312 1401 versos
323 1394 331 1408 ‚
353 1380 439 1412 quos
460 1367 536 1412 quis
554 1368 618 1403 sibi
635 1369 809 1414 oppositos
824 1382 882 1414 pe-

203 1420 253 1454 tit.
278 1419 382 1465 Apud
397 1420 652 1466 Apollodorum
664 1422 825 1456 vulnerat
835 1423 881 1456 fe-

201 1485 280 1505 rum
301 1477 343 1511 εὶς
361 1475 409 1507 τὲν
422 1479 548 1508 κενεῶνα
559 1499 568 1516 ,
585 1473 623 1507 in
640 1473 705 1508 ilia.

207 1541 210 1544 ’
243 1527 317 1569 421.
345 1526 570 1570 Cortjungere‚
594 1533 633 1561 ut
649 1526 879 1572 conjungant.

199 1593 242 1602 -ι
263 1578 345 1609 Tela
361 1583 535 1611 cruentant
549 1604 556 1617 ,
586 1577 662 1612 telis
686 1584 849 1623 pungunt
868 1603 877 1620 ,

200 1627 253 1662 vel
269 1627 459 1662 insultandi
474 1642 573 1663 causa
587 1654 597 1672 ,
611 1629 665 1663 vel
675 1636 715 1663 ut
727 1655 736 1672 ,
750 1630 777 1663 si
789 1629 881 1663 vivat

201 1679 313 1713 adhuc
328 1705 337 1722 ,
359 1679 497 1724 penitus
513 1681 546 1714 in
553 1677 736 1716 terficiant.
750 1699 795 1706 —
805 1682 881 1724 Ipse

200 1730 381 1776 Meleager
390 1733 509 1775 pedem
523 1736 666 1777 imponit
681 1760 689 1769 .
708 1746 808 1767 more
827 1746 881 1766 ve-

201 1789 317 1817 terum
331 1783 493 1827 heroum,
506 1784 565 1829 qui
576 1796 663 1819 caeso
674 1784 765 1819 hosti
781 1784 880 1818 dictis

202 1844 238 1870 et
248 1836 343 1871 sactis
354 1837 521 1872 insultare
534 1864 543 1881 ,
556 1850 708 1883 eumque
721 1837 808 1882 pede
818 1837 882 1870 ἰήι-

200 1890 312 1935 posito
324 1900 484 1934 premere
495 1890 663 1925 solebant.
679 1889 820 1924 AEneid.
832 1891 879 1934 X,

202 1943 288 1989 495;
317 1942 416 1985 XII,
445 1940 521 1976 356.

247 1993 321 2036 426.
336 1994 500 2037 djoolium,
524 1993 620 2038 pellis
631 1993 784 2028 detracta
794 2020 803 2036 ,
819 1997 888 2027 mei

193 2045 286 2090 jurtssr
297 2072 304 2084 ‚
325 2053 402 2089 quae
420 2044 506 2078 mihi
523 2044 682 2079 debetur.
697 2045 882 2089 Ejusmodi

204 2097 341 2131 exuvias
379 2097 590 2142 appetebant
624 2109 696 2130 non
733 2097 851 2131 minus
871 2123 880 2141 ,

204 2148 310 2193 quani
325 2161 421 2183 arma
433 2148 589 2183 hostibus
609 2149 726 2183 occisis
745 2149 883 2184 detrac-

205 2208 237 2234 ta
250 2227 259 2243 ‚
277 2201 386 2245 iisque
401 2199 645 2235 fortitudinem
656 2211 754 2235 suam
770 2208 883 2235 osten·

203 2254 333 2288 tabant.
351 2253 409 2288 Sic
428 2252 600 2288 Her-'cules
621 2253 731 2288 leonis
745 2253 881 2288 Nemaei

202 2306 309 2350 spolio
327 2305 491 2340 utebatur
507 2317 570 2350 pro
583 2305 749 2351 tegmine.
764 2304 881 2349 Atque

202 2359 309 2392 etiam
333 2371 429 2394 nunc
456 2365 701 2404 pugnaverant
732 2358 776 2393 de
807 2358 880 2403 apri

203 2415 312 2461 κεᾳαλῇ
330 2417 383 2446 καὶ
404 2415 530 2460 &pstea-e
552 2414 714 2455 λαχνήεντι
733 2410 880 2445 Homer.

204 2472 305 2496 versu
320 2463 394 2505 544.
402 2481 445 2489 --
455 2464 635 2498 Nonacria.
646 2463 747 2509 Regii
756 2463 879 2506 nostri,

205 2514 393 2557 Nonacrea,
407 2514 578 2548 Atalanta.
588 2514 770 2557 Nonacris,
779 2526 882 2548 mons

208 2565 365 2600 Arcadiae
376 2567 596 2612 frigidissima
607 2568 722 2614 Stygis
733 2574 819 2613 aqua
830 2568 883 2602 sa-

208 2620 336 2652 mosus.
352 2619 419 2652 Ed.
434 2636 478 2644 --
501 2621 623 2653 Veniat
638 2647 646 2660 ,
668 2620 857 2665 elegantius
871 2645 880 2663 ,

205 2680 309 2714 quam
323 2695 332 2712 ‚
349 2669 537 2714 contingat.
555 2670 647 2704 Vide
667 2671 710 2704 ad
730 2672 765 2705 ΙΙ
780 2698 788 2714 ,
808 2672 881 2705 862.

207 2720 318 2755 Attius
329 2721 366 2754 in
377 2720 559 2766 Meleagro
573 2734 581 2755 ε
598 2723 763 2756 Remanct
773 2725 883 2767 gloria

947 1371 1043 1413 apud
1050 1382 1103 1403 me
1111 1397 1119 1409 ‚
1143 1373 1284 1404 exuvias
1297 1370 1440 1414 dignanti
1455 1370 1627 1405 Atalanta·

946 1425 1036 1456 dare.
1054 1422 1124 1457 Sed
1145 1423 1236 1468 apud
1258 1424 1428 1457 Nostrum
1443 1422 1559 1457 multo
1576 1430 1628 1457 est

945 1474 1134 1518 urbanior,
1168 1481 1203 1508 et
1230 1481 1367 1519 partem
1394 1481 1534 1508 tantum
1563 1474 1627 1509 sibi

947 1527 1063 1572 gloriae
1090 1526 1228 1571 expetit.
1254 1526 1329 1561 Nec
1352 1526 1423 1561 scio
1438 1552 1448 1569 ,
1478 1526 1526 1560 'an
1552 1539 1625 1560 non

945 1586 1083 1624 praestet
1103 1592 1143 1613 ex
1158 1590 1230 1612 uno
1245 1578 1325 1612 MS.
1344 1578 1511 1622 tuijuris,
1531 1576 1626 1622 quod

946 1638 981 1665 et
1000 1630 1148 1665 Heinsio
1164 1629 1319 1675 placebat
1333 1656 1341 1672 ‚
1369 1637 1408 1663 ut
1427 1629 1501 1674 apri
1517 1629 1629 1663 inter-

947 1682 1028 1716 secti
1045 1681 1191 1727 gloriam
1206 1681 1253 1715 illi
1269 1680 1369 1715 cedat
1384 1707 1393 1723 ‚
1420 1692 1497 1725 quae
1513 1680 1627 1726 prima

945 1736 1057 1769 seram
1076 1734 1328 1768 vulneraverat.
1359 1732 1466 1767 Certe
1483 1745 1503 1767 a
1519 1731 1628 1767 Calli-

946 1786 1071 1831 macho
1088 1786 1250 1820 Atalanta
1275 1790 1420 1820 vocatur
1443 1787 1595 1824 συοκτόνος
1614 1809 1625 1828 ,

946 1835 1207 1884 apricida.-——Illi
1220 1839 1337 1871 dentes
1349 1836 1441 1882 apud
1456 1837 1626 1882 Tegeatas

944 1890 1069 1925 servati
1086 1889 1127 1923 ab
1146 1885 1303 1935 Augusto
1315 1888 1467 1923 Romam
1477 1895 1560 1923 sunt
1570 1887 1628 1922 de·

945 1942 1014 1977 lati.
1028 1941 1227 1983 Pausanias,
1244 1940 1369 1974 Arcad.
1381 1953 1413 1985 p.
1428 1940 1503 1987 694.
1521 1939 1626 1985 Apud

946 1992 1090 2026 eosdem
1107 1991 1277 2035 Tegeatas
1304 1990 1401 2035 pellis
1421 1989 1525 2034 hujus
1552 1989 1626 2035 apri

945 2054 1016 2089 prae
1030 2042 1128 2077 senio
1143 2043 1214 2086 jam
1230 2045 1431 2087 putrescens
1442 2042 1626 2076 Pausaniae

947 2096 1060 2130 adhuc
1073 2099 1171 2129 ae'tate
1187 2093 1439 2129 ostendebatur
1456 2119 1466 2137 ,
1497 2107 1531 2139 p.
1548 2094 1624 2140 695.

946 2149 989 2183 In
1006 2147 1162 2181 nummis
1179 2146 1266 2180 adeo
1282 2146 1317 2180 hi
1334 2146 1456 2180 dentes
1468 2157 1548 2181 cum
1563 2158 1627 2180 ve-

943 2201 1071 2235 nabulo
1088 2198 1258 2244 Meleagri
1273 2199 1511 2244 repraesentati
1528 2205 1622 2233 sunt.

946 2252 1037 2287 Vide
1055 2251 1247 2297 Spanhem.
1264 2250 1306 2285 ad
1327 2248 1531 2286 Callimachi
1544 2250 1626 2284 dic-

946 2312 1023 2339 tum
1034 2314 1037 2318 ’
1050 2305 1179 2339 locum.

988 2359 1063 2401 432.
1098 2358 1282 2390 Tendenles
1311 2357 1453 2390 brachia
1467 2366 1480 2396 ‚·
1510 2360 1625 2398 gestus

945 2410 1067 2455 indign
1073 2409 1210 2444 ab‘unde
1226 2408 1606 2455 imperantis.—-Titul1'
1614 2435 1622 2448 ‚

946 2461 1133 2507 gloriosum
1161 2461 1346 2506 praemium
1360 2485 1370 2502 ,
1397 2465 1457 2493 aut
1482 2458 1625 2503 signum

944 2513 1106 2548 facinoris
1123 2513 1261 2558 egregii.
1275 2530 1319 2538 --
1330 2510 1385 2545 De
1400 2510 1508 2545 verbo
1520 2514 1626 2545 1'nter-

946 2567 1062 2608 cipere,
1079 2565 1121 2599 ad
1136 2577 1273 2600 versum
1284 2563 1624 2610 292.-—Nostros,·qui

944 2616 1045 2652 nobis
1063 2617 1237 2653 debentur
1253 2622 1334 2650 tum>
1348 2628 1476 2661 genere
1504 2615 1623 2661 proxi-

945 2683 1004 2705 me
1021 2670 1269 2715 attingentibus
1286 2668 1524 2713 Meleagrum,
1545 2675 1621 2703 tum

946 2737 1026 2758 sexu
1040 2724 1231 2769 potioribus
1242 2729 1277 2757 et
1281 2721 1421 2766 femina·
1437 2722 1621 2768 praeserene
