1820 3106
230 246 318 302 346

589 249 641 291 P.
686 247 936 293 OVIDII
974 249 1284 296 NASONIS

225 342 316 389 Nec
338 340 462 408 prius
482 340 734 390 abstitimus
754 342 918 391 ferrum
943 361 1138 393 exercere
1163 363 1341 403 cruore,

226 418 375 482 Quam
398 418 497 467 data
519 438 621 485 pars
646 419 760 477 leto,
785 432 954 486 partem
975 421 1079 485 fuga
1100 441 1276 489 noxque
1298 423 1495 471 removit.

1581 436 1646 473 535

287 495 366 542 IV.
393 496 497 543 Haec
522 496 638 545 inter
661 497 874 563 Lapithas
898 509 941 547 et
962 498 1272 548 semihomines
1298 499 1542 549 Centauros

224 572 406 631 praelia,
430 573 740 640 Tlepolemus,
759 574 888 641 Pylio
911 575 1148 635 referente,
1173 576 1371 626 dolorem
1392 616 1407 622 -

223 650 440 698 Praeteriti
458 650 626 700 Alcidae
647 652 784 701 tacito
806 670 897 700 non
918 640 1102 719 pertulit
1126 672 1201 701 ore
1220 673 1231 712 ;

223 726 375 792 Atque
397 725 484 775 ait‘:
513 751 536 771 «
558 728 782 778 Herculeae
802 731 962 779 mirum
990 742 1056 780 est
1079 729 1242 780 oblivia
1262 730 1404 780 laudis
1435 758 1442 763 ·

226 825 251 845 >›
276 803 390 851 Acta
414 805 523 864 tibi,
546 806 722 854 senior:
743 819 857 856 certe
876 807 986 855 mihi
1011 826 1123 874 saepe
1147 807 1307 856 referre

1584 823 1649 869 540

225 902 250 923 »
280 881 535 945 Nubigenas
558 884 751 932 domitos
773 903 797 932 a
819 903 864 932 se
884 896 1011 950 pater
1031 884 1125 950 ipse
1149 882 1334 932 solebat.
1363 905 1387 927 »

223 960 386 1009 Tristis
406 961 462 1009 ad
484 961 576 1010 haec
601 962 753 1027 Pylius
775 983 785 1009 :
814 983 835 1003 «
861 961 985 1024 Quid
1007 979 1076 1009 me
1098 960 1348 1010 meminisse
1367 957 1586 1015 malorum

224 1057 248 1078 ³²
279 1036 417 1099 Cogis
432 1075 443 1095 ‚
469 1049 512 1085 et
535 1037 757 1085 obductos
781 1037 910 1086 annis
933 1036 1178 1086 rescindere
1206 1036 1382 1095 luctus,

227 1136 252 1157 »
280 1116 421 1182 Inque
446 1127 571 1164 tuum
595 1116 835 1179 genitorem
858 1115 1009 1164 odium
1022 1111 1039 1174 ,’
1061 1115 1340 1183 offensasque
1359 1115 1520 1164 fateri?

268 1249 342 1291 534.
365 1251 496 1284 Εεννπηι
513 1263 663 1286 exercere
681 1264 794 1286 cruore
809 1251 906 1286 dedit

226 1299 395 1335 Heinsius
409 1315 449 1335 ex
463 1314 536 1336 uno
548 1301 729 1346 Mediceo‚
743 1303 905 1348 profi-tro

222 1364 374 1386 exercere
381 1353 683 1399 dolorem—Regii
698 1354 832 1389 codices
844 1354 906 1389 ha-

224 1403 310 1437 bent
335 1404 426 1439 hanc
451 1412 665 1450 postremam
691 1405 878 1441 lectionem
894 1432 903 1450 ‚

226 1467 332 1499 quam
348 1456 519 1491 sinceram
534 1463 629 1502 puto.
642 1459 707 1490 Ed.
718 1476 762 1483 —
771 1460 905 1492 Partem

224 1510 380 1549 removi&
400 1507 570 1542 Gronovii
593 1508 726 1553 primus
747 1510 898 1546 diremit.

224 1565 266 1592 ut
274 1571 363 1604 saepe
375 1559 464 1604 apud
477 1559 674 1603 historicos,
687 1573 905 1604 noxpugrtam

225 1611 360 1645 diremit
373 1621 384 1653 ‚¹
401 1611 499 1657 Virg.
518 1611 602 1645 AEu.
621 1613 653 1643 V
664 1638 673 1654 ,
692 1611 753 1656 467
765 1638 773 1655 ,
786 1610 907 1655 praeh‘a
933 1611 946 1625 '

224 1675 307 1698 voce
320 1666 452 1697 diremit
469 1677 479 1697 .·
496 1663 563 1698 hoc
574 1664 704 1709 recepit
714 1663 905 1699 Mitseherl.

227 1734 270 1742 -—-
289 1716 390 1762 Regii
413 1716 522 1751 nostri
537 1719 681 1751 removit.

281 1768 447 1815 536-579.
477 1768 547 1803 Hic
575 1767 705 1802 dantur
730 1768 907 1814 appendi-

226 1820 302 1854 cula
314 1820 356 1855 de
369 1823 605 1868 Periclymene,
620 1821 776 1856 Nestoris
786 1821 906 1866 fratre,

228 1886 335 1918 quem
350 1875 519 1910 Hercules
533 1875 569 1909 in
583 1875 733 1919 aquilam
747 1875 908 1910 transfor-

226 1933 362 1960 matum
373 1926 557 1962 interfecit.
566 1927 622 1962 De
634 1928 831 1963 auctoribus
839 1928 906 1962 sab.

227 1977 307 2012 vide
325 1978 366 2012 ad
383 1992 469 2013 vers.
492 1981 565 2027 549.

271 2030 345 2074 537.
369 2032 576 2074 Tlepolemus
599 2032 761 2066 Herculis
787 2038 844 2074 et,
868 2038 908 2066 ut

228 2080 369 2126 plurimi
389 2081 553 2126 tradunt,
580 2083 773 2130 Astyoches
795 2082 905 2125 filius,

225 2132 412 2168 interfecto
435 2133 620 2181 Licymnio
639 2134 810 2169 avunculo
823 2160 833 2178 ‚
864 2134 907 2168 ad

229 2185 388 2220 Rhodios
409 2186 611 2232 aufugerat,
635 2199 786 2232 quorum
803 2199 908 2221 naves

229 2246 349 2283 postea
383 2239 545 2274 adversus
576 2239 751 2284 Troianos
783 2239 879 2273 duxit
898 2254 906 2282 ;

229 2290 433 2334 Homerus,
454 2291 493 2325 Il.
510 2298 532 2325 B
545 2317 555 2334 ,
577 2291 642 2326 653
658 2303 731 2336 sqq.
754 2291 787 2326 Is
805 2293 907 2324 dolo—

228 2354 295 2376 rem
312 2369 320 2382 ‚
355 2355 462 2387 quem
484 2342 655 2377 sentiebat
675 2341 757 2376 inde
776 2368 786 2385 ‚
814 2341 908 2387 quod

228 2408 349 2429 rerum
372 2408 390 2429 a
410 2402 507 2440 patre
532 2408 596 2430 suo
617 2422 628 2439 ,
656 2407 725 2440 quo
749 2402 907 2440 tempore

230 2446 323 2491 apud
343 2446 496 2481 Pholum
515 2454 609 2490 erat,
631 2454 806 2492 gestarum
826 2459 907 2481 cum

232 2497 420 2533 Centauris
437 2498 507 2545 (de
519 2499 643 2544 quibus
654 2499 733 2533 vide
748 2498 907 2544 Apollod.

230 2550 269 2584 II
278 2576 288 2593 ,
300 2562 335 2594 v,
348 2551 389 2594 4)
401 2552 622 2586 mentionem
634 2547 767 2585 nullam
779 2549 909 2585 fecerat

229 2601 379 2646 Nestor,
401 2604 502 2638 tacite
519 2604 674 2648 perferre
693 2616 765 2637 non
784 2603 907 2648 potuit.

275 2653 347 2700 539.
359 2655 467 2698 Agere
477 2658 602 2689 oblivia
611 2655 743 2690 dictum
753 2661 804 2699 ,ut
814 2667 910 2699 agere

229 2708 414 2746 silentium,
440 2707 478 2751 I,
498 2708 763 2755 349.—Sem'or,
785 2721 907 2751 senex,

232 2771 308 2804 quae
320 2760 538 2806 compellatio
556 2769 650 2806 grata
664 2761 803 2797 Graecis.
817 2761 908 2806 Qui—

970 1250 1051 1285 dam
1075 1256 1194 1285 tamen
1209 1277 1218 1295 ,
1247 1257 1380 1286 mutata
1399 1250 1622 1287 distinctione
1639 1277 1650 1296 ,

970 1315 1067 1348 aeque
1082 1303 1172 1338 bene
1189 1316 1196 1337 :
1215 1304 1332 1338 Senior
1345 1308 1432 1338 certe
1445 1305 1532 1338 mihi
1542 1309 1652 1338 etc.-h

970 1357 1129 1390 Domilos
1137 1367 1160 1388 a
1167 1362 1328 1399 separer,¹
1341 1355 1481 1390 mollius
1491 1368 1564 1390 esse
1573 1366 1651 1390 mo-

972 1414 1033 1440 net
1054 1407 1282 1441 Burmannus
1301 1432 1310 1450 ,
1336 1406 1430 1451 quod
1455 1407 1492 1441 in
1515 1405 1652 1442 duobus

970 1463 1040 1500 est,
1053 1471 1076 1491 a
1085 1469 1122 1491 se
1131 1458 1274 1491 domitos
1284 1455 1652 1502 palen—Emendatio

971 1508 1235 1543 Burmanniana
1249 1534 1259 1553 ,
1279 1510 1343 1544 etsi
1360 1509 1497 1544 duobus
1511 1515 1650 1544 tantum

970 1559 1145 1594 codicibus
1163 1560 1300 1595 firmata
1311 1587 1321 1604 ,
1343 1560 1572 1596 nihilominus
1592 1569 1651 1596 ta·-

959 1615 1054 1647 ⁴men
1070 1612 1249 1658 probanda
1265 1612 1414 1647 videtur.
1431 1614 1496 1648 Ed.

1015 1666 1088 1708 543.
1104 1667 1275 1699 obductos
1291 1667 1422 1709 luctus‚·
1438 1665 1584 1700 vulnera
1600 1664 1652 1699 di-

971 1723 1101 1750 cuntur
1115 1715 1239 1750 obduci
1257 1728 1367 1761 quum
1382 1715 1598 1760 coalescunt,
1616 1722 1652 1750 et

971 1770 1136 1809 rescindi,
1161 1780 1270 1813 quum
1287 1781 1406 1804 rursus
1422 1769 1628 1815 aperiuntur
1640 1795 1650 1812 ‚

971 1819 1188 1855 refricantnr.
1204 1821 1297 1855 Hinc
1306 1820 1363 1854 ina
1375 1821 1480 1855 verba
1490 1820 1532 1855 ad
1544 1832 1654 1856 reno-

972 1879 1091 1906 vatum
1109 1871 1244 1906 luctum
1260 1878 1312 1906 sat
1329 1872 1515 1907 commode
1533 1880 1648 1909 trans-

970 1923 1144 1958 feruntur.
1172 1922 1271 1958 Olim
1294 1923 1361 1958 hoc
1385 1924 1461 1959 loco
1483 1923 1652 1959 edebatur

970 1980 1166 2020 restringere
1186 1978 1321 2021 luctus,·
1346 1975 1401 2010 alii
1418 1976 1527 2012 aliter.
1551 1976 1652 2022 Qui-

973 2027 1057 2063 dam>
1066 2027 1196 2062 habent
1203 2030 1365 2062 obductos
1373 2030 1487 2062 leviter
1492 2030 1653 2063 rem‘mlc—

973 2093 1008 2114 re
1018 2083 1150 2121 luctus‚·
1168 2079 1250 2113 inde
1265 2080 1434 2115 Heinsius
1442 2078 1652 2114 emendabat

972 2133 1147 2165 obductum
1172 2133 1288 2166 leuiter
1314 2133 1501 2165 rescindere
1522 2133 1652 2166 vulnus.

974 2182 1045 2217 Sed
1066 2186 1166 2217 annis
1189 2183 1280 2217 hene
1303 2195 1339 2218 se
1365 2182 1480 2218 habet.
1505 2182 1653 2228 Constat

973 2235 1069 2269 enim
1080 2261 1089 2278 ,
1102 2248 1224 2276 armos,⁴
1233 2243 1369 2280 tempus
1377 2259 1387 2278 ,
1399 2248 1470 2270 esse
1480 2235 1629 2270 maxime
1639 2261 1649 2279 ,

974 2286 1033 2331 qui
1057 2299 1176 2321 rerum
1204 2287 1407 2322 acerbarum
1430 2299 1573 2322 sensum
1592 2286 1648 2321 le-

973 2339 1127 2373 niant.—
1136 2339 1264 2384 Regius
1279 2338 1388 2373 codex
1403 2339 1435 2373 A
1449 2342 1646 2380 resciscere,-

972 2391 1081 2425 codex
1100 2391 1131 2425 B
1152 2398 1294 2426 retexere
1313 2403 1323 2424 ,·
1349 2390 1415 2424 hoc
1438 2391 1585 2424 verbum
1604 2391 1646 2426 ab

973 2452 1047 2478 arte
1074 2445 1218 2479 textoria
1243 2444 1392 2489 petitum
1416 2456 1423 2478 :
1450 2442 1503 2478 his
1526 2450 1645 2478 meta-

972 2496 1090 2542 phoris
1102 2496 1244 2541 quidem
1257 2509 1346 2541 saepe
1356 2502 1506 2530 utuntur
1515 2495 1639 2540 Graeci,

972 2551 1133 2597 inprimis
1161 2551 1260 2585 Plato
1279 2577 1289 2595 ‚
1321 2550 1359 2584 in
1382 2549 1531 2584 Politice
1545 2564 1554 2594 ;
1582 2549 1641 2585 sed

974 2603 1055 2639 huic
1080 2604 1156 2638 loco
1182 2615 1255 2638 non
1288 2604 1452 2638 convenit
1476 2609 1634 2642 retexere,

973 2669 1056 2690 nam
1072 2659 1183 2690 luctus
1201 2657 1362 2690 obductos
1375 2655 1505 2690 indicat
1522 2655 1644 2689 vulnus

973 2716 1008 2743 et
1018 2709 1212 2744 cicatricem
1223 2721 1299 2753 quae
1312 2707 1567 2743 rescinduntur.
1582 2707 1647 2740 Ed.

972 2780 1016 2787 --
1028 2760 1191 2807 Ossensas
1202 2788 1210 2803 ,
1234 2761 1357 2806 quibus
1372 2772 1428 2795 me
1444 2757 1582 2794 adflixit.
