1820 3106
296 286 351 326 52
651 285 703 327 P.
757 266 1000 328 ov1'D11
1040 283 1338 329 NAsoMs

297 378 417 424 Dum
441 375 624 442 loquor,
652 375 848 442 amplexa
870 372 936 424 est
958 387 1078 423 artus
1101 395 1214 423 nova
1238 387 1350 423 terra
1372 386 1571 424 natantes
1585 411 1597 432 ‚

294 455 353 500 Et
377 453 517 516 gravis
539 452 722 501 increvit
745 452 924 500 mutatis
944 452 1088 500 insula
1110 452 1331 500 membris.
1357 473 1379 494 »

1640 463 1706 499 610

361 532 437 578 VI.
464 530 619 578 Amnis
643 531 697 577 ab
723 530 794 577 his
818 530 982 578 tacuit:
1003 530 1165 578 factum
1187 529 1386 578 mirabile
1409 541 1592 578 cunctos

296 608 498 655 Moverat
517 626 526 653 :
548 606 700 654 irridet
720 605 944 654 credentes
962 625 971 663 ;
997 618 1134 671 utque
1156 607 1351 653 Deorum
1502 606 1505 609 ’

298 685 482 750 Spretor
505 695 619 741 erat,
645 683 891 749 mentisque
916 682 1037 730 ferox
1059 679 1209 730 hiione
1234 693 1388 739 natus3

300 786 322 806 (ι
343 763 465 810 Ficta
487 761 622 810 refers
637 799 649 818 ‚
673 761 946 826 nimiumque
970 771 1099 826 putas
1113 797 1125 817 ‚
1150 758 1342 807 Acheloe
1357 796 1370 817 ‚
1398 770 1598 824 potentes

298 868 320 887 »
349 846 458 892 Esse
481 844 601 891 Deos
618 880 630 899 ‚
656 842 790 899 dixit,
815 842 853 889 si
877 841 983 889 dant
1005 841 1289 905 adimuntque
1310 840 1485 902 figuras.
1510 863 1532 882 »

1640 855 1705 887 615

297 927 583 991 Obstupuere
609 943 787 981 omnes3
814 942 893 971 nec
918 922 1019 972 talia
1044 923 1158 971 dicta
1182 923 1455 987 probarunt:

296 1011 414 1057 Ante
438 1026 674 1072 omnesque
697 1006 831 1055 Lelex
845 1043 856 1062 ‚
884 1006 1028 1053 animo
1051 1017 1248 1053 maturus
1270 1016 1313 1052 et
1335 1024 1425 1052 aevo
1440 1042 1451 1061 ,

295 1090 367 1137 Sic
389 1089 476 1136 ait:
502 1110 525 1130 «
546 1089 762 1134 Immensa
784 1097 873 1142 est,
897 1085 1116 1150 finemque
1140 1086 1337 1150 potentia
1360 1084 1451 1132 caeli

291 1226 358 1259 6ιο
369 1226 459 1257 Dum
469 1225 624 1267 loquor....
637 1222 789 1254 membris
801 1233 871 1254 esse
882 1233 970 1253 rese-

292 1275 421 1311 candos
433 1288 440 1314 ;
460 1286 539 1307 nam
554 1273 686 1317 priores
698 1279 847 1316 quatuor
859 1271 970 1305 multo

295 1328 523 1374 elegantiores
541 1332 632 1359 sunt.
657 1324 765 1369 Quod
784 1324 853 1357 duo
873 1337 913 1358 ex
930 1324 970 1358 iis

295 1381 420 1415 absunt
434 1392 452 1412 a
463 1375 747 1412 Francosurtensi
767 1374 897 1409 Codice
910 1401 918 1418 ‚
936 1382 970 1408 et

293 1445 365 1477 sqq.
384 1431 455 1465 duo
478 1431 514 1463 in
540 1428 697 1474 margine
722 1427 906 1471 adscripti,
934 1426 969 1460 id

292 1483 380 1518 nihil
396 1483 433 1516 in
451 1481 515 1516 hac
529 1493 628 1515 causa
645 1479 819 1519 decernit;
838 1485 970 1523 potue—

291 1542 378 1570 runt
388 1541 447 1568 aut
460 1547 478 1567 a
489 1533 674 1567 festinante
686 1530 825 1564 librario
836 1530 967 1572 omitti,

295 1593 354 1622 aut
364 1587 405 1620 ab
417 1598 460 1619 eo
474 1611 482 1627 ,
500 1584 559 1629 qui
577 1589 770 1628 postremos
781 1595 898 1616 versus
911 1594 972 1627 ge-

292 1641 419 1675 nuinos
437 1643 574 1683 putaret
587 1663 594 1676 ‚
621 1642 659 1669 ut
671 1648 734 1680 ego
746 1634 869 1669 sentio.
883 1635 948 1667 Ed.

338 1692 377 1726 61
387 1691 505 1737 1-724.
523 1690 697 1722 Philemon
710 1694 743 1721 et
750 1689 888 1721 Baucllr.
903 1686 927 1720 J
930 1698 972 1719 u-

296 1745 388 1791 piter
403 1750 438 1778 et
455 1742 654 1777 Mercurius
674 1740 864 1788 Phrygiam
883 1752 971 1784 per—

295 1802 454 1843 agrantes
469 1821 478 1838 ,
497 1793 713 1839 accipiuntur
731 1805 750 1826 a
765 1791 971 1826 Philemone

294 1855 329 1883 et
341 1846 507 1889 Baucide,
518 1844 748 1890 pauperrimis
760 1843 972 1877 hominibus.

296 1901 419 1945 Quam
430 1899 474 1932 ob
485 1909 622 1932 causam
635 1908 710 1930 casa
723 1907 844 1929 eorum
857 1900 974 1927 muta-

296 1959 354 1986 tur
365 1951 401 1984 in
416 1948 588 1994 templum
601 1974 610 1991 ,
628 1947 691 1992 ipsi
703 1946 793 1980 fiunt
806 1946 973 1980 antistites

296 2003 393 2038 istius
407 2000 545 2045 templi;
562 2007 598 2034 et
613 2011 722 2043 quum
739 1998 816 2032 vitae
831 1997 909 2031 finis
919 1997 973 2031 in-

297 2061 422 2097 staret,
442 2053 544 2087 ambo
561 2051 663 2086 simul
678 2057 859 2084 mutantur
869 2050 905 2082 in
918 2062 974 2082 ar—

258 2144 264 2148 ,
298 2108 411 2141 bores.
423 2106 475 2139 Ut
489 2105 709 2138 Menecrates
722 2101 894 2136 Xanthius
904 2101 975 2147 Ly-

299 2157 406 2191 ciacas
422 2154 552 2188 fabulas
568 2153 750 2197 collegerat
761 2179 770 2195 ‚
788 2151 881 2185 unde
898 2151 951 2184 VI
962 2176 972 2193 ‚

300 2209 366 2244 313
383 2220 456 2251 sqq.
478 2218 549 2239 una
568 2205 713 2249 repetita
732 2211 783 2238 est
796 2230 805 2247 ‚
828 2204 875 2238 sic
891 2202 975 2237 alius

301 2261 448 2305 scriptor
474 2257 587 2302 potuit
614 2255 782 2302 Phrygias
807 2261 950 2288 tractare
963 2280 972 2296 ‚

302 2325 452 2360 quarum
472 2323 549 2356 pars
571 2309 645 2343 haec
668 2315 786 2342 nostra
807 2315 867 2342 est.
886 2307 975 2341 Eam

302 2379 387 2402 vero
404 2363 552 2400 Ovidius
566 2362 795 2406 copiosissime
811 2361 975 2395 suavissi-

305 2430 432 2462 meque
459 2414 645 2450 exornavit.
674 2412 906 2447 Ruhnkenius
933 2411 975 2445 ad

307 2466 510 2504 Callimachi
519 2466 712 2509 fragmenta
723 2490 731 2506 ,
746 2477 778 2508 p.
791 2464 855 2497 580
867 2489 875 2505 ,
894 2476 976 2497 eum

305 2520 495 2564 suspicatur
510 2516 620 2550 multa
636 2529 677 2550 ex
689 2514 891 2549 Callimachi
907 2515 977 2548 He-

305 2572 376 2607 cala
399 2577 598 2604 mutuatum
623 2581 694 2603 esse
714 2595 723 2611 ,
751 2580 827 2612 quae
851 2574 885 2601 et
906 2567 976 2611 ipsa

302 2624 417 2657 suerat
432 2634 517 2654 anus
535 2619 759 2665 paupercula,
776 2617 835 2653 sed
853 2617 977 2662 hospi-

305 2675 434 2710 talitate
452 2674 604 2718 insignis.
630 2672 753 2719 Hyriei
769 2670 882 2705 sabula
898 2670 978 2704 huic

306 2733 434 2768 nostrae
449 2724 566 2759 similis
577 2731 739 2768 narratur
749 2724 839 2756 Fast.
854 2724 900 2765 V,
914 2723 978 2768 499

305 2778 479 2824 sqq—Ab
489 2779 551 2820 his,
568 2783 644 2821 post
654 2776 929 2816 haee—Factum,
941 2782 978 2808 ut

1035 1231 1137 1252 versu
1156 1220 1239 1262 578,
1257 1225 1291 1251 et
1307 1218 1367 1261 726
1382 1229 1476 1252 :non
1492 1217 1597 1263 igitur
1613 1224 1706 1260 erat,

1035 1283 1098 1305 cur
1114 1270 1279 1310 Heinsius
1286 1270 1402 1314 fatum
1419 1269 1588 1304 suaderet.
1607 1269 1707 1315 Regii

1035 1321 1164 1364 nostri,
1173 1322 1307 1365 factum
1319 1339 1362 1346 -—
1372 1323 1538 1361 Moverat,
1557 1320 1709 1355 admira-

1035 1374 1129 1408 tione
1148 1381 1183 1408 et
1202 1380 1299 1408 metu
1316 1373 1476 1407 Deorum
1495 1373 1708 1418 impleverat.

1033 1426 1210 1468 —Spretor
1218 1427 1364 1459 Deorum
1375 1431 1447 1459 erat
1458 1424 1501 1458 ad
1512 1424 1707 1470 exemplum

1035 1478 1162 1512 Ixionis
1173 1479 1278 1522 patris
1289 1485 1323 1512 et
1334 1478 1497 1525 Phlegyae
1505 1479 1566 1513 avi.
1578 1479 1624 1514 Et
1635 1479 1709 1514 talis

1035 1530 1140 1564 etiam
1163 1533 1281 1563 mentis
1292 1530 1414 1573 ferox,
1440 1537 1561 1565 mente
1580 1531 1707 1573 feroci,

1036 1595 1107 1616 esse
1117 1582 1212 1616 solet.
1220 1582 1317 1616 —Ut
1322 1582 1477 1627 ponitur,
1492 1594 1600 1627 quum
1610 1596 1708 1618 causa

1035 1635 1086 1669 rei
1102 1647 1142 1668 ex
1157 1634 1311 1668 moribus
1328 1633 1471 1678 alicujus
1486 1635 1710 1679 repetitur.—

1036 1688 1155 1721 Ixione
1167 1693 1287 1727 natus;
1308 1685 1434 1721 Ixionis
1451 1686 1541 1722 filius
1552 1700 1592 1721 ex
1603 1686 1708 1722 Cen—

1037 1746 1219 1773 taurorum
1255 1750 1382 1784 genere
1403 1765 1412 1782 ,
1447 1739 1506 1784 qui
1531 1739 1709 1785 Superum

1038 1796 1295 1835 contemptores
1319 1789 1536 1825 inducuntur
1557 1804 1577 1826 a
1600 1793 1710 1836 poetis

1038 1848 1078 1875 ut
1093 1848 1128 1875 et
1142 1840 1320 1888 Cyclopes.
1337 1843 1490 1877 Eat—Si
1499 1844 1599 1885 dant5
1612 1843 1638 1877 si
1652 1855 1710 1878 eos

1038 1901 1136 1938 putas
1154 1893 1235 1927 dare
1257 1886 1365 1938 posse:

1081 1945 1102 1978 6
1110 1945 1157 1979 16.
1171 1945 1395 1988 Obstupuere5
1409 1958 1498 1980 unus
1508 1945 1687 1982 Mediceus
1699 1973 1707 1987 ‚

1039 2000 1258 2039 obstrepuere,
1272 1996 1364 2041 quod
1377 2023 1386 2039 ,
1403 1997 1482 2041 quia
1492 1997 1709 2043 indignatio—-

1039 2060 1121 2081 nem
1132 2047 1261 2081 indicat
1271 2073 1280 2090 ‚
1294 2048 1466 2092 optimum
1477 2047 1615 2083 videtur
1625 2050 1710 2084 Bur·

1039 2111 1181 2133 manno.
1197 2099 1297 2144 Regii
1308 2099 1340 2133 A
1352 2106 1387 2133 et
1398 2099 1427 2134 B
1440 2126 1450 2143 ,
1467 2103 1711 2145 obstupuere.-

1042 2152 1110 2186 Hic
1133 2150 1284 2185 adfectus
1310 2152 1427 2186 amicis
1448 2153 1709 2189 convivantibus

1040 2203 1162 2237 melius
1173 2203 1359 2238 convenire
1369 2203 1507 2239 videtur
1516 2231 1525 2248 ,
1539 2218 1642 2250 quam
1655 2207 1710 2241 i'n-

1041 2253 1194 2299 dignatio
1219 2254 1394 2299 surgendo
1420 2255 1709 2301 reclamandoque

1040 2304 1175 2349 prodita
1187 2331 1196 2348 ,
1214 2317 1290 2349 quae
1313 2305 1417 2340 estin
1439 2306 1544 2341 altera
1563 2307 1708 2342 lectione

1041 2356 1248 2390 Burmanno
1264 2357 1416 2401 probata.

1085 2408 1160 2453 617.
1182 2409 1306 2442 Animo
1325 2415 1472 2441 maturus
1494 2414 1529 2442 et
1546 2421 1631 2450 (ενα,
1659 2411 1712 2443 vir

1043 2459 1152 2503 gravis
1168 2466 1203 2493 et
1216 2465 1393 2493 constante
1411 2465 1508 2493 aetate
1522 2485 1530 2502 ,
1548 2460 1712 2506 frequens

1042 2511 1132 2545 senis
1148 2510 1340 2555 descriptiO.
1357 2510 1523 2545 Heinsius
1535 2511 1631 2546 malit
1641 2518 1712 2547 am'·

1043 2567 1092 2598 mi
1102 2571 1137 2598 et
1151 2568 1220 2598 aem'.
1235 2563 1434 2607 Utrumque
1451 2565 1561 2608 poetis
1577 2565 1613 2599 in
1629 2578 1710 2607 ωας

1043 2617 1163 2651 confer
1177 2616 1259 2650 AEn.
1278 2616 1331 2657 V,
1349 2617 1410 2658 43;
1433 2616 1507 2660 ΙΧ,
1526 2617 1598 2661 246.
1618 2618 1712 2653 Hinc

1045 2668 1163 2713 quovis
1186 2667 1261 2701 loco
1286 2666 1393 2701 MSS.
1420 2681 1607 2704 consensus
1622 2683 1710 2714 pre-

1044 2721 1200 2755 mendus.
1209 2720 1331 2754 Talem
1343 2728 1458 2755 autem
1469 2735 1587 2756 senem
1599 2729 1712 2756 metus

1045 2774 1204 2808 Deorum
1219 2773 1364 2807 maxime
1384 2773 1492 2810 decet.
1509 2792 1552 2800 —
1566 2774 1622 2809 St'c
1637 2777 1703 2816 at'tf
