1820 3106
359 224 1086 273 METAMORPHosEoN
1123 199 1387 269 L1i3.1x.

1513 240 1595 286 117

161 343 185 365 >»
212 321 368 371 Donec
389 339 488 370 eum
510 319 671 385 conjux
691 319 822 369 fatale
846 319 1105 388 poposcerit
1129 338 1311 378 aurum;

161 421 186 443 »
212 401 553 466 Cognatumque
581 398 698 448 latus
720 399 942 462 Phegeius
967 399 1163 448 hauserit
1186 398 1318 448 ensis.

159 499 185 521 >>
207 477 323 525 Tum
346 475 523 524 demum
541 495 703 540 magno
729 489 851 544 petet
869 477 955 525 hos
979 476 1194 525 Acheloia
1218 474 1408 543 supplex

159 576 185 598 n
206 555 412 615 Abeove
433 553 656 603 Callirhoe
677 554 794 603 natis
819 554 1066 603 infantibus
1090 572 1248 604 annos.

154 700 405 747 nudes—Regii
422 700 534 736 nostri
551 702 843 736 subducta—Pe-

152 759 204 787 tet
214 748 297 796 ἢθη
315 752 417 798 Regii
434 753 544 788 nostri
560 760 596 788 et
613 753 759 799 quidam
772 781 780 795 ,
802 760 841 789 ut

154 821 197 844 ex
214 808 364 844 Heinsio
379 808 602 844 credendum
617 835 627 852 ,
646 815 741 852 petet
754 810 818 843 hoc
830 822 841 843 ,·

152 861 182 896 is
193 874 235 896 ex
244 860 420 907 Urbinate
433 887 444 904 ,
462 861 670 896 Florentino
680 861 716 896 S.
727 860 841 896 Marci

153 919 190 948 et
200 912 310 948 tribus
326 913 400 948 aliis
412 939 423 956 ‚
437 912 534 948 dedit
543 915 626 954 hos‚·
642 913 841 958 complures

146 968 254 1010 peti&
271 964 436 1000 nonnulli
452 967 531 1000 haec.
539 984 584 991 —-
594 966 629 999 A
632 968 651 999 b
661 967 747 1000 Jove
759 967 842 1000 Cal-

151 1020 258 1052 lirhoe
281 1022 374 1053 natis
396 1017 590 1062 1’nsantibus
613 1031 732 1053 annos.
756 1019 842 1053 Post

152 1070 250 1107 hunc
259 1083 402 1107 versum
413 1071 498 1106 olim
511 1070 691 1111 edebatur,
707 1078 839 1117 puncto

151 1123 287 1168 rejecto
308 1149 318 1167 ,
343 1123 488 1158 Addat:
510 1136 591 1157 neue
613 1136 726 1158 necem
749 1127 845 1158 sinat

152 1187 229 1210 esse
243 1177 363 1210 ultoris
382 1178 535 1211 inultam.
563 1176 652 1210 Haec
672 1175 847 1210 Heinsius

154 1227 284 1263 delevit
297 1254 308 1272 ,
333 1228 415 1274 quia
437 1241 513 1262 non
531 1228 783 1274 comparebant
803 1228 842 1262 in

153 1280 271 1327 primo
283 1280 456 1316 Vaticano
465 1308 474 1322 ,
488 1288 524 1316 et
532 1281 569 1315 in
581 1294 654 1316 uno
664 1294 729 1316 suo
745 1293 842 1315 mar—

154 1332 228 1379 gini
249 1339 391 1368 tantum
417 1332 589 1379 adscripta
610 1340 712 1368 erant
733 1345 741 1367 :
763 1344 843 1378 quae

152 1397 255 1420 causa
270 1383 418 1420 tollendi
433 1378 522 1420 mihi
537 1397 613 1419 non
628 1385 710 1419 satis
730 1384 846 1430 gravis

154 1450 229 1473 esse
246 1436 409 1482 videtur,
427 1444 464 1472 et
479 1437 611 1472 habent
630 1437 686 1472 illa
703 1444 842 1483 partem

153 1490 495 1527 sabula—Sublato
509 1489 576 1525 hoc
591 1503 695 1525 versu
711 1490 755 1525 de
771 1500 842 1535 quo

153 1543 268 1589 agitur
279 1570 290 1587 ,
315 1555 436 1579 sensus
464 1542 575 1578 haeret
600 1549 695 1578 certe
713 1556 720 1584 ;
746 1550 782 1577 et
812 1542 841 1578 si

151 1609 228 1632 non
249 1596 438 1640 Heinsius,
460 1595 674 1641 quandoque
695 1595 841 1641 quidem

153 1649 339 1694 audacior,
363 1649 588 1696 gravissimus
614 1649 666 1683 vir
696 1655 840 1693 tamen,

153 1701 349 1746 delevisset,
359 1702 456 1738 hunc
463 1714 638 1748 reponere
649 1713 723 1736 non
736 1701 756 1735 d
763 1701 842 1736 ubi-

153 1762 318 1790 taremus.
331 1755 463 1801 Regius
478 1762 600 1790 noster
613 1752 737 1789 Codex
749 1754 782 1788 A
793 1753 842 1788 ita

153 1808 270 1844 scribit
284 1810 496 1854 :infantibus
511 1821 622 1843 annos
639 1820 647 1842 :
668 1809 759 1843 Nm
773 1821 842 1843 ne-

153 1872 225 1894 cem
237 1863 334 1895 sinat
345 1873 421 1895 esse
440 1862 498 1894 sui
507 1861 670 1904 genitoris
688 1860 842 1893 inultam.

154 1912 185 1948 F
185 1911 383 1948 lox-eatinus
395 1911 432 1948 S.
443 1911 578 1955 Marci,
598 1910 770 1956 Urbinas,
787 1925 842 1946 se-

155 1965 293 2001 cundus
315 1964 495 2001 Palatinus
515 1991 525 2009 ‚
553 1964 744 2009 infantibus
769 1978 842 2000 an—

155 2031 218 2053 nos
234 2030 245 2052 t
263 2019 356 2053 Neve
371 2030 484 2052 necem
499 2019 595 2051 sinat
605 2029 679 2051 esse
694 2019 753 2052 diu
768 2021 843 2052 vic-

153 2074 239 2108 toris
263 2073 433 2113 1‘nultam,·
462 2070 714 2116 Neapolitanus
727 2097 738 2115 ,
767 2073 843 2107 Neu

153 2128 344 2170 genitorque
362 2137 475 2160 necem
492 2128 589 2159 st'nat
605 2137 680 2159 esse
689 2128 844 2170 parentis

155 2178 309 2211 inultam.
333 2176 466 2223 Regius
480 2183 601 2211 noster
621 2177 672 2220 B,
699 2178 842 2212 Addat:

157 2241 236 2263 neve
263 2241 376 2263 necem
403 2232 499 2263 sinat
529 2241 604 2263 esse
635 2231 754 2264 ultoris
781 2233 843 2264 in—

155 2283 262 2316 ultam
277 2307 286 2322 ,
316 2292 422 2326 quam
449 2280 637 2315 lectionem
668 2281 841 2316 sinceram

156 2341 254 2380 puto·
280 2334 386 2370 Nunc
406 2333 449 2368 ad
473 2332 750 2379 disquisitionem
773 2347 843 2379 qua

159 2389 281 2433 Gien'g
302 2386 394 2422 hanc
419 2387 545 2422 sabulae
573 2394 708 2433 partem
738 2388 842 2424 illus-

157 2440 272 2476 travit.
287 2442 354 2475 Ed.

203 2493 420 2529 Vaticiniurn
430 2492 627 2536 Themidis,
638 2491 699 2528 sed
710 2519 720 2537 ,
733 2500 773 2528 ut
780 2506 840 2528 so-

156 2545 233 2582 lent
254 2547 415 2582 vaticinia
445 2560 517 2582 esse
532 2573 542 2589 ‚
566 2547 840 2591 subobscurum,

158 2598 203 2634 de
218 2598 309 2634 bello
325 2599 499 2635 Thebano
514 2627 524 2644 ,
545 2599 588 2634 de
607 2611 678 2644 quo
693 2605 728 2633 et
745 2599 817 2644 ipso
832 2626 842 2643 ,

159 2653 289 2698 quippe
305 2652 535 2688 celeberrimo
547 2679 556 2696 ,
576 2652 766 2687 admiscere
781 2652 845 2687 ali-

161 2704 247 2750 quid
263 2705 383 2740 voluit.
404 2705 564 2740 Eteocles
582 2711 617 2739 et
637 2704 820 2752 Polynices
833 2731 843 2748 ,

163 2757 267 2792 ambo
277 2757 464 2804 OEdipodis
475 2757 549 2803 filii,
557 2757 689 2794 incluso
697 2756 846 2793 cubiculi

908 701 1064 736 tenebris
1089 708 1187 747 patre
1201 726 1210 744 ,
1228 699 1271 735 de
1289 711 1402 745 regno
1419 697 1596 735 adminis-

907 754 1036 789 trando
1053 754 1100 789 sic.
1119 759 1361 789 convenerant
1378 779 1388 796 ,
1415 759 1454 787 ut
1480 752 1511 786 ei
1535 765 1597 798 per

908 820 1043 842 annuas
1061 807 1152 842 vices
1169 812 1370 852 praeessent.
1391 805 1498 839 Anno
1515 818 1599 850 per-

907 867 984 895 acto
997 887 1005 900 ,
1031 859 1192 894 Eteocles
1210 858 1336 894 cedere
1355 858 1469 893 noluit
1487 857 1599 892 fratri.

908 913 943 948 Is
960 926 1045 948 vero
1062 912 1202 958 adjutus
1220 912 1262 947 ab
1283 911 1434 947 Adrasto
1451 938 1461 955 ,
1483 910 1598 956 Argi-

908 979 1035 1001 vorum
1053 979 1154 1012 rege,
1181 966 1281 1011 cujus
1299 964 1409 1000 filiam
1428 964 1598 1006 duxerat,

907 1020 1026 1054 nobile
1040 1019 1126 1054 illud
1146 1019 1277 1053 bellum
1293 1026 1430 1065 septem
1445 1018 1598 1052 heroum

908 1071 951 1106 ad
968 1071 1128 1116 Thebas,
1147 1077 1207 1108 τῶν
1223 1074 1297 1108 ἔπτὰ
1314 1075 1486 1112 ἕπίΘὴὅοιις
1497 1097 1506 1114 ,
1522 1084 1597 1106 sus-

907 1124 1010 1170 cepit.
1029 1123 1155 1168 Quum
1177 1124 1260 1158 urbs
1283 1137 1354 1158 non
1381 1124 1499 1158 statim
1522 1123 1599 1169 capi

908 1183 1024 1223 posset
1037 1203 1046 1219 ,
1069 1176 1156 1222 regii
1180 1177 1305 1211 fratres
1322 1176 1489 1222 singulari
1510 1190 1597 1211 cer-

909 1231 1042 1266 tamine
1056 1230 1238 1265 decertant
1251 1257 1260 1274 ‚
1278 1230 1314 1264 in
1328 1243 1399 1275 quo
1413 1229 1598 1278 Polynices

908 1284 999 1319 cadit
1012 1310 1021 1327 ‚
1046 1282 1202 1318 Eteocles
1214 1290 1332 1317 autem
1348 1282 1435 1317 dum
1452 1282 1597 1328 spiran—

908 1342 983 1370 tem
1007 1334 1121 1370 adhuc
1145 1336 1291 1369 fratrem
1317 1333 1461 1379 spoliat,
1487 1334 1528 1368 ab
1552 1347 1596 1368 eo

909 1387 1028 1434 gladio·
1044 1386 1270 1432 transfigitur.
1289 1386 1348 1422 Sic
1361 1388 1460 1420 ibant
1473 1389 1509 1421 in
1524 1389 1599 1420 vul-

908 1454 989 1475 nera
998 1467 1007 1482 ‚
1027 1440 1123 1486 quod
1137 1439 1271 1474 dictum
1284 1447 1338 1475 est
1349 1466 1358 1483 ,
1376 1446 1416 1474 ut
1427 1443 1477 1474 ire
1490 1442 1527 1474 in
1539 1453 1599 1474 ar·-

908 1506 980 1533 ma,
998 1496 1034 1527 in
1049 1491 1332 1527 bella—Laudat
1347 1491 1516 1527 Heinsius
1518 1491 1598 1536 fia-

906 1552 974 1580 tres
997 1548 1130 1580 alterna
1156 1548 1192 1579 in
1218 1547 1357 1579 vulnera
1383 1546 1460 1579 loeto
1484 1546 1599 1579 Marte

904 1604 1022 1640 ment,
1043 1597 1168 1642 Statii,
1187 1597 1360 1632 Thebaid.
1387 1598 1483 1633 VIII
1499 1624 1508 1642 ‚
1539 1611 1593 1644 70.

908 1651 967 1686 Sic
986 1650 1155 1685 Manilius
1167 1677 1177 1694 ,
1198 1651 1403 1686 Astronom.
1427 1650 1479 1685 IV
1493 1676 1503 1694 ‚
1529 1651 1571 1694 84
1586 1677 1596 1693 ,

907 1704 1092 1748 Mutuaque
1113 1708 1242 1738 armati
1261 1710 1382 1738 coeunt
1401 1706 1436 1737 in
1453 1705 1595 1737 vulnera

896 1755 1031 1801 fratres
1055 1757 1068 1800 (
1088 1756 1173 1791 salso
1200 1758 1322 1800 Gimgr
1346 1755 1479 1790 dixerat
1506 1769 1596 1790 vers.

911 1807 1012 1854 173).
1033 1809 1151 1854 Atque
1172 1807 1240 1843 hoc
1266 1814 1320 1842 est
1342 1813 1595 1853 argumentum

908 1862 1077 1898 Phoeniss.
1091 1861 1279 1908 Euripidis.
1292 1861 1334 1896 In
1348 1860 1595 1896 istis-heroibus

906 1924 982 1952 erat
995 1918 1182 1961 Capaneus,
1201 1914 1384 1961 Hipponoi
1397 1914 1487 1949 filius
1497 1941 1506 1958 ,
1522 1914 1595 1949 Ar·-

907 1969 1006 2015 givus
1022 1995 1032 2012 ,
1055 1969 1114 2014 qui
1139 1980 1251 2014 quum
1270 1974 1392 2003 contra
1411 1966 1510 2001 Jovis
1526 1979 1592 2001 vo-

906 2021 1081 2056 luntatem
1090 2021 1230 2056 Thebas
1244 2034 1280 2056 se
1292 2027 1479 2066 capturum
1492 2019 1595 2054 dixis—

906 2083 958 2110 set
976 2100 986 2118 ,
1019 2087 1166 2109 murum
1197 2073 1412 2109 adscendens
1443 2072 1592 2107 fulmine

906 2141 1088 2174 percussus
1114 2134 1190 2171 est,
1217 2126 1404 2174 Hyginus,
1427 2125 1495 2160 sab.
1522 2125 1593 2166 68;

907 2179 1096 2226 Vegetius‚
1115 2179 1182 2222 IV,
1203 2192 1263 2220 ²13
1285 2177 1428 2212 Servius
1444 2177 1487 2212 ad
1506 2177 1593 2211 AEn.

906 2233 924 2268 I
938 2260 948 2277 ‚
968 2234 1019 2268 28.
1038 2233 1080 2267 In
1093 2232 1133 2267 iis
1147 2238 1222 2266 erat
1237 2230 1343 2265 etiam
1359 2230 1594 2276 Amphiaraus

905 2291 1021 2325 vates,
1044 2284 1103 2329 qui
1123 2296 1234 2329 quum
1252 2282 1378 2326 sciret,
1399 2295 1434 2316 se
1450 2281 1594 2327 peritu—

906 2349 986 2371 rum
999 2336 1040 2371 ad
1058 2336 1198 2372 Thebas
1214 2362 1224 2379 ,
1239 2343 1343 2380 atque
1364 2337 1505 2368 seducta
1520 2333 1593 2379 scil.

905 2393 1072 2427 subducta
1089 2390 1190 2435 (vide
1204 2390 1314 2424 varias
1326 2388 1493 2423 lectiones
1504 2414 1513 2431 ,
1527 2387 1592 2422 ini·

907 2444 956 2478 tio
974 2443 1091 2486 notae)
1114 2445 1231 2476 tellure
1255 2454 1335 2475 suos
1356 2453 1473 2474 manes
1494 2443 1592 2475 vivus

906 2497 1051 2530 vz‘daezrset
1063 2521 1071 2535 ,
1099 2493 1214 2528 noluit
1230 2493 1396 2527 interesse
1416 2491 1508 2526 bello
1524 2490 1591 2526 isti.

908 2548 1098 2582 Persuasus
1114 2545 1257 2580 tandem
1268 2544 1309 2579 ab
1324 2543 1491 2591 Eriphyla
1505 2556 1593 2578 uxo-

907 2613 945 2634 re
960 2625 970 2643 ,
998 2611 1103 2644 quam
1131 2597 1314 2645 Polynices
1335 2597 1457 2632 monili
1484 2610 1592 2632 aureo

907 2658 1135 2697 corruperat,
1156 2650 1331 2696 profectus
1351 2648 1494 2696 quidem
1516 2657 1592 2693 est,

908 2703 968 2738 sed
984 2702 1176 2738 Alcmaeoni
1190 2702 1262 2737 filio
1273 2702 1377 2738 simul
1388 2701 1568 2737 mandavit
1580 2729 1591 2744 ,

909 2769 954 2793 ne
965 2763 1118 2792 mortem
1128 2769 1227 2792 suam
1240 2755 1388 2792 inultam
1399 2755 1549 2791 sineret:
1561 2754 1597 2789 id
