1820 3106
218 224 302 280 452

588 225 638 267 P.
679 225 913 269 OVIDII
950 223 1259 268 NASONIS

214 317 341 367 Mille
364 317 486 383 lupi,
512 317 749 386 mixtaeque
773 317 894 384 lupis
917 336 1138 384 ursaeque‚
1166 316 1329 384 leaeque

1566 333 1631 368 255

219 397 421 445 Occursu
443 396 584 445 fecere
607 408 769 445 metum
791 415 800 444 ε
819 396 897 445 sed
918 395 1037 444 nulla
1058 395 1247 444 timenda
1261 433 1274 453 ,

214 470 433 536 Nullaque
459 483 552 519 erat
574 483 727 519 nostro
749 471 914 519 factura
941 471 987 518 in
1012 490 1193 537 corpore
1215 470 1385 519 vulnus.

172 579 174 587 ι
221 546 343 609 Quin
367 545 497 594 etiam
519 545 707 594 blandas
731 564 904 594 movere
923 565 1002 612 per
1023 563 1119 592 aera
1144 546 1325 602 caudas,

222 623 476 687 Nostraque
499 620 727 669 adulantes
751 621 963 668 comitant
986 620 1188 681 vestigia;
1214 620 1351 669 donec

220 696 460 762 Excipiunt
483 694 654 744 famulae
669 732 681 754 ,
705 713 871 762 perque
891 695 999 743 atria
1022 713 1235 743 marmore
1258 707 1372 743 tecta

1572 712 1636 746 260

225 773 298 822 Ad
321 772 541 820 dominam
565 771 757 819 ducunt:
778 769 964 837 pulchro
982 769 1103 817 sedet
1123 769 1196 818 illa
1218 789 1412 829 recessu,

227 848 438 898 Sublimis
463 848 597 906 solio,
624 847 870 914 pallamque
893 847 1048 894 induta
1065 846 1297 904 nitentem,

226 929 415 993 Insuper
440 938 591 974 aurato
617 924 946 974 circumvelatur
967 923 1126 972 amictu
1147 943 1156 970 z
1215 944 1217 946 ·

228 1002 435 1051 Nereides
458 1001 757 1068 Nymphaeque
779 1000 934 1057 simul,
961 1019 1055 1066 quae
1081 998 1236 1047 vellera
1257 1000 1389 1048 motis

230 1078 363 1128 Nulla
388 1077 570 1126 trahunt
591 1076 741 1139 digitis
756 1113 767 1134 ,
793 1094 871 1123 nec
890 1075 1210 1142 filtrsequentia
1235 1076 1422 1134 ducunt,

1577 1092 1641 1127 265

232 1158 439 1206 Gramina
463 1156 732 1222 disponunt,
758 1169 1021 1221 sparsosque
1045 1155 1138 1203 sine
1161 1155 1312 1203 ordine
1332 1154 1466 1203 flores

232 1235 476 1283 Secernunt
499 1231 700 1291 calathis,
725 1232 950 1298 variasque
970 1231 1193 1280 coloribus
1217 1231 1386 1297 herbas.

274 1363 349 1396 255.
365 1362 463 1395 Mille
477 1363 551 1405 lupi
565 1367 628 1394 etc.
650 1360 851 1394 Homerum
866 1359 903 1393 in

231 1414 282 1448 his
299 1414 426 1448 Noster
438 1412 533 1456 sequi
547 1411 669 1446 maluit
679 1437 688 1453 ,
706 1423 810 1455 quam
823 1411 908 1445 Vir-

234 1464 353 1510 gilium
370 1476 378 1497 :
394 1462 485 1508 apud
498 1462 595 1496 illum
607 1462 797 1495 humanam
812 1475 908 1495 man-

231 1514 454 1549 suetudinem
475 1512 560 1547 serae
582 1512 770 1547 induerant
789 1511 908 1546 Circes

233 1565 348 1600 herbis
368 1591 377 1608 ,
404 1564 495 1609 apud
518 1563 614 1598 hunc
644 1577 684 1598 ex
709 1563 909 1598 hominibus

233 1617 333 1652 factae
346 1622 447 1651 erant
462 1615 568 1656 ferae3
593 1615 740 1662 Homer.
757 1628 804 1649 vs.
820 1628 882 1649 212
897 1641 906 1658 ,

233 1662 320 1716 Ᾰμᾳὶ
343 1671 375 1704 δῖ
398 1684 453 1713 μιν
474 1671 556 1704 λύκοι
575 1669 650 1707 ἦσαν
669 1668 830 1717 ὃρέστεμοι,
856 1671 909 1708 ἠδὲ

238 1723 347 1758 >ioum
359 1746 382 1753 ..
393 1744 399 1752 .
419 1710 493 1755 Οὐδ’
512 1723 541 1754 οἵ
553 1718 581 1762 γ’
597 1721 780 1768 ὡρμήθησαν
798 1718 840 1753 ἔπ’
855 1719 910 1752 ἇν-

239 1774 365 1823 spiens,
381 1771 445 1807 ἄλλ’
462 1774 521 1820 ἄρα
536 1776 614 1815 τοίγε
631 1774 765 1822 Οὗρῇσιν
775 1780 910 1822 μακρῇσι

239 1830 475 1876 περισσαίνοντες
502 1824 636 1859 ἀνέσταν.
661 1841 704 1850 --
724 1825 904 1864 Blandus,

235 1877 375 1912 blande.
396 1894 439 1903 —
464 1878 634 1910 Comz'lant
656 1878 798 1919 vestdqt'a
814 1902 822 1916 ‚
845 1889 911 1921 ,per

240 1927 469 1962 archaismum
486 1942 494 1969 ;
520 1931 640 1961 cornito
657 1927 751 1961 enim
768 1939 839 1960 non
865 1926 912 1961 ita

236 1980 272 2014 in
288 1992 353 2013 usu
368 1979 607 2023 frequentiore
620 1986 690 2021 est,
706 1986 745 2012 ut
756 1982 911 2012 comitor:

238 2031 304 2065 hoc
314 2037 430 2064 tamen
443 2030 590 2063 verbum
603 2029 754 2064 formam
767 2029 911 2063 activam

239 2083 318 2117 alibi
334 2081 509 2126 usurpavit
523 2096 530 2122 3
548 2081 670 2115 confer
683 2094 785 2126 supra
798 2081 888 2116 VIII
900 2107 909 2123 ,

240 2135 305 2181 (392
319 2147 327 2175 ;
343 2134 456 2176 XIII,
475 2136 536 2176 55,
553 2139 588 2166 et
603 2133 698 2166 alibi:
711 2132 912 2177 Propertius

240 2187 345 2231 etiam
356 2212 364 2228 ,
380 2185 416 2219 II
427 2211 436 2228 ‚
454 2195 492 2218 vl
504 2211 512 2227 ‚
528 2186 566 2217 15
577 2210 586 2227 ,
605 2185 826 2226 Qnodsivera
835 2196 913 2216 meoe

240 2240 434 2271 comitarent
453 2242 566 2270 castra
582 2237 700 2279 puellae
713 2261 721 2274 ,
742 2235 817 2268 Non
832 2235 918 2267 mihi

240 2295 296 2322 sal
309 2300 448 2332 magnus
468 2288 617 2320 Castoris
633 2289 694 2319 Iret
711 2297 821 2330 equus.
845 2284 912 2319 Ed.

241 2359 282 2365 —
301 2339 355 2373 De
380 2339 525 2382 famulis
555 2339 795 2381 excipientibus
827 2336 914 2370 nihil

241 2393 430 2428 Homerus.

285 2444 327 2477 26
334 2457 359 2477 1.
376 2444 520 2478 Pulchro
529 2440 621 2476 sede}
634 2444 698 2475 illa
709 2453 839 2475 recessu
850 2446 912 2474 etc.

242 2495 380 2529 Domus
396 2493 516 2529 Circes
531 2494 565 2527 iu
581 2493 733 2527 convalle
750 2506 767 2527 e
785 2491 914 2537 lapidi-

239 2549 303 2582 bus
318 2547 431 2592 politis
444 2552 612 2580 exstructa
623 2570 634 2588 ‚
650 2544 782 2578 foribus
796 2544 912 2588 splen-

243 2598 331 2633 didis
348 2604 488 2639 ornata,
506 2596 712 2641 supellectile
734 2595 914 2641 pretiosis—

246 2649 331 2682 sima
346 2647 532 2687 instructa3
550 2647 744 2688 Homerus,
763 2653 808 2688 K,
828 2658 886 2679 211
903 2671 913 2688 ‚

249 2702 308 2735 311
324 2725 334 2742 ,
354 2699 435 2741 3483
454 2698 535 2733 binc
549 2700 690 2741 superba
711 2703 799 2740 tecla
825 2695 915 2741 apud

973 1358 1157 1405 Virgilium
1168 1386 1178 1404 ,
1195 1359 1268 1396 VII
1279 1387 1288 1404 ,
1310 1374 1359 1395 12.
1372 1358 1428 1395 De
1441 1372 1570 1395 recessu
1581 1359 1642 1394 di-

971 1420 1067 1447 ctum
1091 1412 1133 1447 ad
1156 1414 1173 1448 1
1186 1439 1196 1456 ,
1227 1426 1297 1458 ¹77·
1315 1431 1359 1442 -
1372 1413 1528 1447 Sublimis
1546 1415 1642 1448 solio.

973 1464 1088 1509 Vulgo
1104 1465 1207 1507 (etin
1220 1465 1305 1510 Reg.
1317 1464 1442 1499 nostris
1453 1464 1642 1507 codicibus)

971 1519 1105 1551 sublimi
1117 1519 1223 1558 sol1'0;
1240 1516 1321 1552 hinc
1337 1517 1502 1552 Heinsius
1516 1520 1646 1553 solenni

971 1572 1007 1601 in
1032 1571 1117 1602 solio
1133 1580 1145 1611 ;
1170 1567 1465 1612 quemadmodum
1491 1571 1645 1603 solennes

973 1632 1039 1653 ara·
1053 1626 1115 1653 etc.
1133 1618 1204 1652 Sed
1221 1619 1427 1653 Bur-manno
1443 1631 1515 1653 non
1527 1619 1644 1664 ‚placet

972 1673 1105 1704 solenne
1119 1669 1204 1704 illud
1221 1672 1339 1703 solium
1351 1680 1364 1711 ,·
1379 1670 1508 1715 recepit
1525 1682 1608 1714 ergo
1623 1683 1642 1704 e

975 1722 1129 1767 quinque
1142 1721 1238 1756 MSS
1249 1723 1401 1755 sublimis
1410 1748 1419 1762 ‚
1434 1734 1479 1755 ne
1490 1728 1541 1756 tot
1550 1721 1645 1755 abla-

974 1775 1034 1809 tivi
1053 1773 1284 1808 cumulentur.
1305 1773 1361 1808 De
1380 1776 1466 1807 solio
1487 1772 1545 1807 illo
1566 1772 1644 1807 vide

976 1825 1196 1867 Homerum,
1215 1837 1261 1859 vs.
1279 1824 1547 1866 311.—Nitens,
1561 1836 1646 1859 can-

976 1878 1053 1912 dida
1066 1904 1076 1921 ,
1104 1878 1245 1927 o'zpyu'qcsov
1270 1883 1358 1927 φᾶρος
1387 1878 1534 1912 Homer.
1559 1877 1622 1920 543
1636 1889 1645 1911 :

975 1930 1085 1964 cincta
1100 1936 1174 1963 erat
1193 1941 1280 1962 zona
1303 1941 1406 1963 aurea
1428 1935 1463 1963 et
1483 1928 1522 1962 in
1537 1927 1646 1973 capite

976 1981 1115 2026 gerebat
1132 1980 1335 2014 flammeum
1349 2004 1359 2021 ,
1384 1982 1560 2029 καλύπτρην.
1575 1980 1646 2013 Pro

976 2031 1027 2070 his
1044 2032 1170 2066 Noster
1187 2043 1264 2066 eam
1278 2034 1488 2065 circumc-lat
1500 2034 1626 2066 amictu
1635 2056 1644 2070 ,

976 2090 1014 2123 ut
1027 2084 1263 2129 Hymenaeum
1275 2083 1308 2116 X
1318 2108 1328 2125 ,
1347 2096 1359 2116 1
1372 2095 1383 2116 2
1395 2085 1537 2117 amt'clus
1551 2082 1647 2116 enim

963 2138 1088 2177 ‘neque
1106 2133 1148 2167 de
1170 2145 1279 2176 zona,
1303 2146 1416 2177 neque
1436 2132 1478 2176 de
1495 2133 1646 2180 calyptra

975 2185 1116 2230 intellig.
1133 2197 1344 2230 quamquam
1359 2185 1405 2219 ita
1424 2184 1579 2220 Lenzius.
1623 2212 1626 2216 .

1020 2235 1093 2278 264.
1116 2237 1274 2270 Nereides
1292 2238 1520 2283 Nympllaeque.
1541 2236 1647 2282 Apud

977 2285 1176 2320 Homerum
1190 2313 1198 2329 ,
1225 2299 1285 2321 221
1299 2284 1424 2330 ‚⁴254',
1448 2294 1646 2323 cantantem

979 2337 1105 2373 Circen
1134 2340 1313 2385 reperiunt
1333 2346 1369 2374 et
1391 2340 1493 2373 telam
1517 2346 1644 2374 texen-

977 2397 1070 2428 tem;
1094 2390 1140 2424 sic
1162 2398 1198 2425 et
1217 2391 1307 2436 apud
1326 2391 1522 2436 Virgilium.
1544 2391 1642 2426 Idem
1692 2396 1694 2399 ”

976 2441 1156 2476 Homerus
1174 2468 1183 2484 ,
1206 2443 1267 2486 347
1285 2467 1294 2485 ,
1322 2442 1369 2476 illi
1390 2442 1448 2477 dat
1472 2442 1643 2477 ministras

978 2500 1143 2536 quatuor,
1167 2493 1334 2528 Pontium
1351 2519 1360 2536 ,
1383 2493 1586 2528 Fluminum
1609 2502 1644 2529 et

977 2543 1150 2583 Silvarum
1162 2544 1255 2579 filias.
1271 2545 1416 2590 Negotia
1427 2558 1547 2580 earum
1556 2545 1646 2580 Ovi-

978 2594 1053 2630 dius
1067 2596 1113 2630 sic
1129 2595 1227 2630 finxit
1240 2622 1249 2639 ,
1269 2596 1347 2640 quia
1366 2595 1465 2641 Circe
1482 2596 1646 2631 venefica.

977 2664 1020 2670 ——
1027 2647 1190 2681 Trahunt.
1200 2673 1206 2680 .
1217 2674 1225 2681 .
1236 2650 1369 2681 ducunt.
1380 2648 1543 2682 Heinsius
1552 2648 1648 2682 malit

951 2717 953 2719 -
977 2700 1123 2741 trahant,
1134 2701 1648 2743 ducant.—Secemunt,secretos
