1820 3106
401 223 1093 275 METAMORPHOSEON
1126 224 1256 268 LIB.
1298 226 1391 268 XI.

1522 223 1609 285 293

192 347 218 370 »
243 324 322 374 Me
345 341 524 391 quoque
547 321 746 370 duxisses
771 339 782 369 ε
807 332 951 370 tecum
974 319 1061 369 fuit
1080 318 1214 377 utile,
1238 329 1383 367 tecum

193 425 220 449 »
246 406 316 453 Ire
336 401 467 459 mihi;
491 419 634 467 neque
657 400 773 449 enim
796 399 850 448 de
871 400 970 448 vitae
993 411 1190 466 tempore
1210 397 1451 464 quidquam

192 504 220 528 n
245 483 346 532 Non
370 478 500 530 simul
522 479 730 543 egissem,
751 497 834 528 nec
854 498 976 528 mors
999 478 1186 527 discreta
1203 476 1374 525 fuisset.

187 572 219 606 ’»
243 562 374 610 Nunc
391 559 552 608 absens
575 576 708 626 pereo
729 578 740 607 :
763 558 907 624 jactor
922 576 1041 607 nunc
1063 555 1274 607 fluctibus
1297 555 1482 613 absens;
1551 577 1617 614 700

190 661 217 684 n
242 640 303 688 Et
324 637 416 688 sine
437 657 507 688 me
527 656 595 686 me
618 650 786 705 pontus
807 637 944 687 habet
964 656 974 686 ε
996 635 1215 686 crudelior
1234 635 1334 702 ipso

132 772 137 776 .
188 735 215 759 »
241 713 312 764 Sit
329 713 440 762 mihi
456 733 582 766 mens
602 713 788 780 pelago,
814 713 851 762 si
874 713 1008 763 vitam
1032 712 1189 762 ducere
1214 711 1332 760 nitar

186 810 214 834 >›
239 790 467 857 LongiuS,
493 802 537 839 et
557 801 680 839 tanto
703 807 898 857 pugnem
922 807 1151 856 superesse
1175 787 1335 836 dolori.

187 886 214 910 >›
239 866 329 915 Sed
348 885 492 933 neque
516 866 757 933 pugnabo3
783 885 863 915 nec
888 877 930 914 te
945 903 956 924 ‚
982 864 1250 922 miserande,
1275 862 1541 930 relinquam;

186 962 214 985 ³)
239 943 300 990 Et
323 941 407 990 tibi
429 960 547 990 nunc
569 941 723 991 saltem
741 942 913 991 veniam
931 960 1104 999 comes;
1125 940 1261 1008 inque
1283 938 1486 1006 sepulcro
1554 948 1619 998 70⁵

185 1041 213 1064 ³»
241 1021 289 1070 Si
308 1039 403 1070 non
423 1040 533 1070 urna
547 1058 559 1080 ‚
586 1033 731 1070 tamen
749 1021 908 1086 junget
927 1039 1012 1069 nos
1035 1019 1162 1068 litera
1180 1039 1190 1067 :
1211 1018 1357 1067 sinon

187 1117 214 1141 »
241 1097 441 1148 Ossibus
461 1116 559 1147 ossa
582 1096 713 1154 meis,
737 1108 783 1145 at
804 1115 968 1145 nomen
985 1095 1166 1144 nomine
1185 1106 1376 1158 tangam.
1399 1114 1424 1137 »

185 1175 323 1226 Plura
341 1174 473 1225 dolor
495 1175 728 1244 prohibet;
752 1175 977 1242 verboque
996 1174 1232 1223 intervenit
1255 1172 1379 1222 omni

185 1285 357 1320 Βατία-ω·
371 1297 437 1330 per
447 1297 546 1320 mare
561 1283 762 1331 impositam
775 1283 867 1320 navi.

185 1337 435 1383 —Tecumfiu't
446 1340 538 1374 utile.
550 1337 684 1384 Regius
693 1336 802 1373 codex
813 1336 845 1372 A
855 1362 866 1380 ‚

174 1390 270 1436 fuit,
287 1393 333 1426 ab
345 1392 355 1426 ,¹
368 1390 446 1436 fuit
461 1393 544 1426 utile
558 1385 685 1432 tecum,
702 1402 778 1435 quae
795 1396 870 1424 erat

185 1443 297 1488 prisca
304 1442 503 1491 editionum
516 1443 619 1478 lectio
628 1468 638 1486 ,
649 1448 688 1476 ut
699 1454 740 1476 ex
752 1440 871 1476 Hein-

184 1495 237 1530 sio
253 1501 396 1542 apparet
410 1509 421 1538 ;
446 1493 555 1530 codex
575 1494 606 1529 Β
617 1520 628 1539 ,
652 1491 872 1539 quandasuit

185 1550 268 1582 utile
281 1554 399 1583 tecum.

229 1610 305 1647 7⁰⁰·
319 1601 421 1634 Nunc
437 1601 560 1635 absens
569 1610 670 1642 pereo
685 1604 751 1634 etc.
769 1596 869 1631 Hac-

183 1657 288 1688 tenus
302 1651 394 1689 bene
411 1665 420 1688 ε
435 1651 497 1688 sed
515 1664 612 1687 nunc
628 1650 710 1686 audi
727 1657 868 1697 argutos

181 1705 332 1742 Nasonis
340 1705 435 1742 lusus
443 1718 452 1741 t
461 1707 560 1741 Nunc
567 1707 692 1740 absens
699 1703 804 1748 etc-Q
811 1715 869 1737 uo-

182 1757 282 1794 niam
288 1758 394 1794 tristis
400 1770 496 1793 mors
504 1757 609 1793 amati
620 1755 780 1802 conjugis
788 1767 868 1790 eam

181 1811 232 1847 ita
251 1810 445 1855 afficiebat,
461 1818 499 1846 ut
520 1811 594 1856 ipsa
618 1817 772 1844 terrores
792 1808 869 1853 ejus

183 1863 349 1907 sentiret,
366 1869 552 1908 propterea
565 1861 666 1905 dicit,
688 1874 724 1896 se
743 1860 869 1895 absen-

184 1915 394 1961 tem-jactari
407 1941 418 1959 ,
433 1921 487 1959 et,
505 1915 578 1950 sine
591 1927 647 1957 se,
659 1912 743 1948 sein
759 1919 869 1958 ponto

184 1974 318 2003 natare.
332 1965 526 2012 Comparat
541 1964 709 2001 Heinsius
717 1963 868 1999 similem

183 2019 302 2054 lusum
323 2018 471 2054 Ausonii
493 2017 613 2065 Epigr.
634 2018 695 2052 103
716 2030 724 2052 :
749 2018 862 2056 Vado,

183 2073 249 2107 sed
255 2075 329 2106 sine
339 2083 390 2105 me
397 2098 406 2112 ,
419 2073 501 2116 quia
511 2077 544 2105 te
553 2069 870 2113 swa—imponas

185 2126 306 2165 habet,
323 2129 363 2158 ut
380 2124 398 2159 1
411 2148 422 2167 ,
439 2122 506 2158 360
516 2135 566 2168 sq.
584 2121 733 2157 Lenzius
745 2128 843 2167 putat
857 2147 867 2165 ‚

186 2176 255 2223 legi
266 2187 364 2222 posse
374 2179 448 2210 sine
458 2180 492 2210 tc
504 2188 555 2210 me
563 2202 572 2215 ‚
591 2181 626 2209 et
628 2176 757 2219 fluctus
771 2173 868 2209 intel.

187 2228 411 2266 calamitates.
423 2226 616 2263 Mitscherl.
631 2226 848 2272 interpungit
860 2238 873 2261 ι

188 2283 255 2323 Et,
277 2284 351 2316 sine
360 2292 412 2315 me
422 2307 430 2320 ‚
452 2292 504 2314 me
511 2285 634 2323 pontus
648 2281 757 2314 habet.
775 2279 868 2314 Plu-

186 2333 268 2368 rimi
286 2333 407 2378 legunt
425 2334 500 2366 sine
514 2343 566 2365 me
578 2336 744 2375 sepontus
758 2332 868 2366 habet.

188 2402 232 2412 —-
252 2383 357 2420 Hanc
370 2390 582 2429 postremam
596 2381 785 2417 lectionem
798 2381 869 2417 ha-

186 2436 275 2472 bent
284 2435 420 2471 codices
434 2434 546 2470 nostri
560 2433 660 2480 Regii
673 2446 682 2474 ς
705 2433 765 2469 sed
782 2433 846 2469 alia
857 2460 867 2478 ,

188 2499 267 2533 quae
283 2494 334 2523 est
348 2493 488 2533 recepta
500 2512 511 2530 ,
528 2485 706 2522 ovidiana
726 2485 869 2532 ingenio

189 2539 455 2575 convenientior
469 2553 478 2581 3
495 2538 586 2573 bene
599 2537 706 2583 igitur
719 2550 798 2572 eam
811 2537 869 2573 de·

189 2589 302 2629 sendit
314 2590 494 2634 Heinsius,
504 2597 544 2625 ut
554 2601 657 2624 suum
667 2595 779 2634 poetae
793 2602 870 2625 acu-

190 2655 275 2678 men
287 2642 455 2678 reddatur
470 2655 478 2678 :
492 2655 581 2688 saepe
594 2641 689 2677 enim
704 2641 740 2677 in
755 2641 807 2677 his
820 2654 871 2677 ar·

193 2695 296 2742 gutiis
305 2695 431 2731 ludunt
436 2695 619 2742 scriptores
630 2693 803 2730 inferioris
812 2708 871 2731 no·

191 2753 260 2793 tae;
276 2747 337 2784 sed
356 2748 521 2794 Virgilius
544 2759 739 2794 nunquam.
763 2747 829 2782 Ed.

978 1295 1052 1329 702.
1072 1284 1186 1318 Vitam
1200 1285 1319 1317 ducere
1329 1308 1338 1322 ‚
1359 1280 1468 1316 vitam
1483 1277 1619 1325 produ-

931 1348 1011 1371 cere
1025 1361 1035 1380 ,
1053 1335 1262 1381 prolongare
1276 1360 1290 1379 ,‚
1303 1341 1343 1368 ut
1358 1335 1478 1368 ducere
1496 1333 1618 1366 bellum

933 1387 1025 1434 apud
1040 1387 1387 1423 historicos—Naar.
1404 1385 1509 1420 Unus
1527 1382 1620 1417 Cio-

931 1439 1002 1475 fani
1019 1452 1162 1485 quoram
1180 1452 1190 1474 .·
1205 1437 1284 1472 vide
1305 1437 1348 1472 ad
1368 1439 1442 1484 754.
1457 1454 1501 1463 —
1518 1434 1621 1481 Regii

932 1491 1043 1541 nostri
1060 1494 1160 1526 nitar.
1176 1509 1222 1517 —
1236 1491 1399 1539 Pugnant
1414 1495 1450 1523 et
1469 1491 1623 1523 nituntur

932 1543 1041 1578 vitam
1057 1543 1265 1590 prolongare
1280 1569 1289 1586 ,
1307 1541 1367 1588 qui
1383 1540 1503 1575 omnia
1518 1553 1621 1575 aver-

932 1602 1016 1631 tunt
1031 1609 1096 1631 ase
1107 1621 1122 1639 ,7
1138 1608 1215 1641 quae
1230 1600 1384 1629 mortem
1401 1592 1596 1628 accelerent
1614 1617 1626 1635 ,

933 1649 1124 1695 omniaque
1136 1648 1272 1683 faciunt
1281 1673 1291 1692 ,
1307 1647 1432 1692 quibus
1444 1652 1537 1680 rect-a
1550 1658 1620 1679 va·-

932 1701 1054 1738 letudo
1075 1708 1315 1738 conservetur.
1343 1701 1452 1735 Hunc
1476 1711 1620 1735 sensum

933 1754 1098 1790 omnibus
1124 1753 1361 1789 animantibus
1383 1752 1529 1786 insitum
1552 1763 1621 1785 ex-

932 1807 1110 1853 stinguere
1127 1806 1224 1848 vult,
1244 1812 1348 1849 atque
1364 1803 1452 1837 adeo
1469 1803 1539 1848 ipsa
1554 1801 1619 1837 sibi

934 1865 1088 1893 mortem
1099 1857 1287 1892 adsciscere
1299 1882 1309 1899 ,
1325 1868 1370 1890 ne
1384 1860 1496 1890 morte
1509 1854 1621 1888 divel-

933 1911 1025 1946 latur
1043 1923 1061 1944 a
1082 1909 1244 1954 conjuge.
1273 1907 1382 1952 Quod
1403 1907 1440 1942 ni
1465 1907 1620 1950 faceret,

933 1965 1099 1997 crudelior
1106 1966 1195 1996 esset
1203 1965 1278 2005 ipso
1283 1962 1415 2004 pelago.
1431 1959 1506 1994 Has
1519 1972 1620 1993 voces

935 2022 1054 2050 autem
1065 2027 1138 2049 non
1150 2012 1259 2047 modo
1269 2024 1429 2047 summus
1444 2011 1545 2046 dolor
1559 2025 1621 2046 ex-

934 2067 1077 2112 pressit,
1101 2064 1162 2101 sed
1180 2064 1299 2110 opinio
1327 2063 1435 2099 etiam
1458 2069 1618 2098 veterum

933 2119 1109 2166 suggessit.
1122 2119 1281 2153 Crudeles
1293 2117 1391 2153 enim
1403 2123 1440 2151 et
1449 2115 1620 2160 impiiha—

933 2171 1121 2215 bebantur,
1136 2177 1240 2216 atque
1252 2169 1340 2204 adeo
1351 2169 1388 2203 in
1400 2181 1619 2203 monumen-

933 2225 976 2259 tis
991 2223 1203 2259 vocabantur
1214 2249 1224 2266 ,
1249 2222 1308 2268 qui
1331 2221 1448 2256 liberis
1473 2228 1508 2255 et
1532 2233 1620 2254 con-

934 2275 1072 2322 jugibus
1086 2275 1287 2321 superstites
1302 2286 1375 2309 esse
1391 2273 1620 2309 sustinebant.

933 2330 1076 2372 Impt'am
1097 2330 1311 2368 vivacitatem
1336 2333 1437 2361 vocat
1466 2326 1620 2371 Quintil.

935 2381 1021 2416 Inst.
1043 2379 1108 2416 Or.
1128 2379 1179 2415 VI
1194 2406 1204 2423 ,
1233 2391 1378 2425 prooem.
1402 2380 1444 2422 3,
1472 2378 1530 2412 ubi
1547 2378 1617 2413 vid.

935 2432 1127 2476 Gesnerus,
1141 2438 1178 2467 et
1188 2431 1363 2467 Gruterus
1372 2430 1530 2475 Inscript.
1542 2443 1619 2476 pag.

937 2486 999 2532 762
1013 2512 1026 2528 2
1043 2499 1074 2519 α.

981 2537 1056 2584 705.
1073 2538 1115 2572 Si
1125 2548 1190 2571 non
1206 2548 1290 2571 urna
1304 2541 1368 2570 etc.
1383 2533 1462 2569 vide
1473 2533 1516 2568 ad
1528 2547 1615 2570 vers.

935 2590 1186 2634 428.-Nomen
1195 2591 1328 2624 nomine
1341 2594 1488 2632 tangam.
1498 2587 1521 2622 J
1524 2587 1620 2622 unia-

936 2654 1003 2676 nus
1018 2648 1053 2676 et
1071 2653 1163 2675 unus
1180 2640 1318 2675 Heinsii
1333 2643 1466 2676 nomine
1481 2643 1617 2675 nomina

934 2694 1229 2740 tangam—Regii
1236 2693 1345 2730 nostri
1353 2707 1468 2729 nomen
1476 2697 1617 2729 nomine.

983 2747 1057 2792 708.
1071 2748 1239 2792 Verbaque
1245 2753 1310 2783 etc.
1316 2745 1359 2783 ad
1369 2746 1503 2794 singula
1512 2745 1620 2782 verba
