1820 3106
336 208 423 266 542

704 213 758 255 P.
804 212 1043 258 OVIDII
1087 214 1392 262 NASONIS

334 308 605 356 Intremuere
627 305 758 355 simul
780 326 790 355 :
812 307 1068 376 cortinaque
1090 309 1285 359 reddidit
1309 312 1399 361 imo

1693 329 1759 367 635

336 385 463 432 Hanc
485 383 614 450 adyto
638 403 791 432 vocem
807 421 819 443 ‚
844 386 1156 452 pavefactaque
1177 399 1357 453 pectora
1379 389 1518 437 movit
1537 409 1548 438 ε

340 483 364 503 «
392 461 531 525 Quod
552 460 666 528 petis
689 461 816 519 hinc,
843 462 1053 529 propiore
1075 463 1174 512 loco
1190 502 1202 522 ‚
1228 467 1455 523 Romane,
1481 467 1694 533 petisses3

339 561 363 582 »
388 539 449 587 Et
471 550 572 605 pete
593 558 711 587 nunc
732 540 942 606 propiore
964 539 1065 589 loco
1087 561 1096 589 :
1118 560 1198 590 nec
1218 542 1429 609 Apolline
1451 545 1581 594 vobis
1595 583 1608 604 ‚

340 638 362 659 »
391 615 483 678 Qui
504 615 674 663 minuat
697 615 843 664 luctus
858 654 870 675 ‚
894 628 1007 683 opus
1031 629 1098 666 est
1113 655 1124 675 ‚
1151 618 1227 666 sed
1246 619 1455 685 Apolline
1480 634 1612 671 nato:

338 714 363 735 »
391 693 457 740 Ite
482 691 614 740 bonis
627 691 792 740 avibus
807 729 819 750 ‚
842 692 1104 759 prolemque
1127 694 1331 744 arcessite
1352 708 1561 747 nostram.
1583 721 1607 742 »

1691 712 1760 759 640

336 770 365 816 J
369 788 468 817 ussa
492 769 577 818 Dei
599 769 795 836 prudens
817 782 1055 837 postquam
1079 771 1287 838 adcepere
1310 785 1488 823 senatus
1502 812 1515 834 ‚

337 849 486 911 Quam
510 847 625 896 colat
640 885 652 906 ‚
679 846 931 914 explorant,
954 848 1125 913 juvenis
1147 850 1385 899 Phoebeius
1408 851 1583 912 urbem,

337 925 518 991 Quique
543 937 696 991 petant
719 925 861 973 ventis
886 925 1128 992 Epidauria
1151 925 1280 974 litora
1301 927 1496 977 mittunt.

336 1004 448 1066 Quae
470 1002 600 1052 simul
624 1003 804 1050 incurva
828 1003 952 1051 missi
978 1003 1159 1066 tetigere
1184 1004 1351 1063 carina,

335 1079 585 1129 Concilium
613 1079 859 1147 Graiosque
876 1093 1024 1147 patres
1046 1081 1216 1141 adiere3
1242 1083 1482 1150 darentque

1689 1098 1757 1144 ⁶4⁵

335 1157 527 1205 Oravere
549 1158 694 1205 Deum
708 1195 720 1215 ‚
748 1158 824 1224 qui
848 1177 1038 1225 praesens
1063 1158 1216 1206 funera
1239 1159 1383 1222 gentis

331 1234 478 1283 Finiat
498 1235 710 1284 Ausoniae
731 1255 742 1284 ε
763 1247 901 1284 certas
925 1236 987 1284 ita
1009 1235 1151 1284 dicere
1174 1247 1329 1285 sortes.

330 1368 557 1404 adumbratus
569 1368 745 1414 eVirgilio
754 1395 763 1413 ‚
777 1369 860 1404 AEn.
872 1369 944 1413 III,
956 1381 1010 1416 90.

328 1441 373 1449 -
383 1424 478 1465 Quas
491 1424 594 1456 habet
604 1425 668 1457 illa
678 1449 686 1463 ‚
702 1424 876 1466 pharetra.
894 1422 1012 1466 Vulgo

328 1486 413 1518 quas
436 1476 539 1508 habet
559 1477 630 1517 ipse
643 1476 824 1520 pharetras
838 1485 855 1515 -,·
877 1474 1011 1519 primus

330 1525 511 1559 Palatinus
527 1551 536 1568 ,
565 1524 653 1559 alter
678 1524 957 1569 Hamburgensis
976 1531 1012 1558 et

329 1590 421 1612 unus
432 1576 614 1611 Mediceus
627 1579 717 1621 insa,
739 1578 803 1610 illa
810 1578 1011 1619 pharetras,-

330 1630 386 1665 alii
401 1634 496 1674 iVsa,
517 1632 681 1675 pharetra*
704 1642 714 1663 .·
740 1628 823 1663 hinc
843 1629 1010 1664 Heinsius

329 1684 445 1718 locum
454 1683 642 1719 constituit.
651 1682 751 1728 Regii
762 1681 865 1716 ambo
876 1681 1010 1716 codices

328 1739 416 1781 ipse,
429 1735 737 1780 pbaretroe.—Illa‚
759 1734 875 1768 laurus
887 1760 896 1778 ,
912 1736 1014 1769 habet

324 1789 510 1831 pharetras,
528 1800 569 1822 ea
580 1793 712 1822 ornatae
722 1794 804 1821 sunt
816 1786 987 1832 pharetrae
1000 1800 1010 1828 ;

329 1839 399 1874 vid.
416 1840 454 1882 I,
475 1840 550 1874 558.
574 1838 724 1873 Lenzius
746 1850 829 1872 vero
851 1836 1012 1882 intelligit

329 1891 508 1936 pharetras
525 1903 544 1925 e
560 1890 659 1925 lauro
675 1902 855 1935 suspensas
871 1902 880 1924 ι
893 1888 1011 1934 Apol—

330 1943 439 1977 linem
455 1943 570 1985 enim,
588 1943 648 1977 ubi
665 1942 836 1986 ternplum
848 1941 986 1976 intrarit
999 1966 1009 1984 ,

331 2010 349 2029 e
366 2002 487 2029 mente
506 1994 626 2029 Ovidii
645 1994 845 2040 pharetram
866 1994 913 2028 sic
927 2006 1010 2028 sus-

331 2046 499 2092 pendisse.
508 2046 755 2080 -Tremorille
769 2047 908 2091 signum
920 2058 1012 2091 prae-

329 2099 449 2133 sentiae
465 2097 601 2132 divinae.
619 2096 725 2132 Conf.
742 2110 828 2132 vers.
842 2098 902 2143 671
917 2111 1011 2143 sq.—

335 2154 486 2192 Cortina,
508 2151 713 2197 operculum
729 2151 872 2197 tripodis
885 2178 894 2195 ,
914 2154 1011 2197 ὅλμος.

335 2205 471 2238 Cortina
493 2205 640 2238 reddidit
661 2216 776 2238 vocem
793 2230 801 2244 ,
830 2216 895 2237 vox
921 2204 1010 2238 elata

331 2265 382 2292 est
399 2271 462 2303 per
479 2257 651 2292 cortinam
667 2283 676 2301 ,
694 2270 735 2291 ex
748 2260 816 2291 imo
828 2259 950 2303 adyto,
970 2270 1011 2291 ex

331 2311 404 2345 imo
416 2323 519 2355 specu
531 2336 540 2354 ‚
559 2310 614 2344 cui
626 2309 760 2345 cortina
772 2309 942 2353 imposita.

373 2364 448 2408 637.
464 2363 621 2407 Propiore
634 2364 717 2396 loco.
730 2361 878 2395 Lenzius
888 2361 1010 2395 obser-

331 2421 405 2458 vat,
417 2414 621 2459 Epidauron
629 2413 798 2448 Romanis
808 2412 1010 2458 propiorem

330 2467 435 2502 fuisse
453 2466 593 2501 oraculo
608 2466 798 2511 Delphica·
817 2465 858 2499 Id
883 2465 1010 2499 falsum

331 2532 404 2553 esse
425 2545 435 2562 ,
465 2531 591 2564 mappa
629 2517 854 2564 geographica
884 2517 1009 2551 docere

333 2583 508 2616 quemque
525 2577 648 2616 potest.
659 2571 775 2604 Immo
787 2568 914 2614 Delphi
926 2582 1010 2614 pro-

332 2622 446 2667 piores
458 2622 627 2658 Romanis
639 2622 827 2668 Epidauro.
837 2621 1010 2655 Burman-

333 2688 399 2710 nus
415 2683 533 2721 putat,
554 2681 693 2721 poetam
709 2674 905 2710 confudisse
923 2674 1011 2718 Epi-

333 2727 482 2764 daurum
500 2728 672 2775 Illyricam
688 2740 769 2763 cum
787 2726 1010 2772 Peloponue-

1075 1368 1174 1403 siaca.
1187 1369 1267 1404 Non
1279 1381 1371 1415 nego
1383 1394 1393 1412 ,
1406 1376 1541 1404 veteres
1553 1396 1563 1414 ,
1572 1369 1756 1417 ipsumque

1076 1420 1248 1456 Ovidium
1259 1447 1268 1465 ,
1284 1421 1411 1467 passim
1423 1421 1534 1467 lapsos
1546 1435 1618 1457 esse
1628 1422 1664 1457 in
1679 1436 1757 1469 geo·

1077 1471 1268 1517 graphicis3
1292 1471 1352 1507 sed
1375 1484 1471 1507 nunc
1492 1485 1555 1518 per
1572 1476 1757 1517 propiorem

1075 1526 1182 1557 locum
1196 1524 1306 1568 ipsam
1322 1524 1476 1559 Romam
1494 1524 1680 1568 intellexit,
1696 1526 1757 1560 ubi

1074 1574 1153 1608 libri
1165 1574 1325 1621 Sibyllini
1342 1576 1580 1610 servabantur.
1597 1577 1757 1620 Quodpe-

1074 1628 1120 1660 tis
1130 1653 1140 1668 ‚
1155 1626 1242 1660 scire
1255 1626 1352 1671 cupis
1365 1639 1406 1660 ex
1416 1639 1473 1661 me
1483 1653 1492 1670 ,
1514 1626 1614 1672 quale
1626 1641 1755 1673 nempe

1075 1678 1273 1713 remedium
1298 1679 1413 1713 morbi
1435 1680 1498 1721 sit,
1526 1680 1561 1714 id
1588 1681 1755 1726 potuisses

1076 1732 1202 1766 Romae
1212 1745 1231 1766 e
1241 1732 1337 1766 libris
1345 1732 1521 1780 Sibyllinis
1535 1744 1755 1779 cognoscere.

1077 1782 1124 1817 Et
1136 1782 1171 1816 id
1182 1795 1254 1818 esse
1266 1782 1398 1818 factum
1409 1809 1418 1826 ,
1429 1783 1546 1819 Livius
1555 1784 1588 1819 d.
1599 1785 1621 1819 l.
1633 1784 1753 1820 docet:

1077 1847 1095 1863 «
1113 1834 1210 1868 Libri
1222 1833 1317 1877 aditi,
1330 1834 1475 1879 quinam
1487 1835 1578 1879 finis,
1590 1843 1649 1871 aut
1658 1836 1754 1881 quod

1077 1901 1099 1918 υ·
1113 1887 1311 1922 remedium
1328 1888 1404 1933 ejus
1422 1887 1503 1922 mali
1520 1901 1540 1923 a
1555 1889 1632 1925 Diis
1650 1890 1754 1925 dare-

1077 1955 1095 1971 »
1114 1948 1182 1976 tur.
1200 1941 1392 1976 Inventum
1407 1942 1445 1976 in
1460 1942 1554 1977 libris
1566 1968 1575 1986 ,
1595 1943 1755 1978 AEscula-

1075 2008 1094 2024 »
1112 1994 1210 2039 pium
1226 1994 1269 2028 ab
1280 1993 1459 2040 Epidauro
1475 1996 1627 2031 Romam
1644 2009 1754 2032 arces-

1075 2061 1093 2076 »
1111 2046 1273 2081 sendum.
1291 2062 1309 2077 »
1325 2047 1390 2082 Sin
1409 2047 1628 2093 Epidaurum
1647 2049 1754 2084 intel-

1073 2097 1179 2143 ligere
1195 2098 1362 2133 vellemus
1375 2125 1384 2143 ,
1401 2099 1562 2145 ineptum
1578 2100 1700 2135 fuisset
1717 2107 1752 2135 et

1073 2150 1218 2185 stultum
1231 2151 1420 2186 oraculum.
1433 2151 1509 2196 Qui
1519 2152 1614 2186 enim
1627 2159 1751 2197 sponte

1073 2202 1159 2236 scire
1191 2203 1344 2237 Romani
1376 2210 1539 2248 poterant
1550 2228 1559 2246 ,
1584 2203 1752 2238 AEscula-

1073 2254 1170 2299 pium
1189 2268 1260 2289 esse
1277 2255 1520 2290 arcessendum
1537 2254 1554 2289 ?

1116 2308 1191 2351 642.
1216 2310 1323 2351 Quam
1347 2310 1459 2342 urbem
1483 2310 1590 2350 celat,
1619 2319 1687 2351 qua
1713 2307 1751 2341 in

1073 2360 1159 2394 urbe
1180 2359 1311 2405 templo
1330 2366 1366 2394 et
1381 2359 1482 2394 sacris
1498 2359 1652 2400 colatum
1671 2358 1751 2392 vide

1073 2411 1116 2446 ad
1132 2413 1165 2446 X
1178 2438 1187 2455 ,
1210 2415 1329 2458 5η),-
1339 2413 1527 2455 Epidauria
1539 2413 1648 2445 litora.
1665 2409 1752 2455 Epi-

1073 2463 1201 2498 daurus
1218 2464 1314 2498 enim
1330 2463 1366 2497 in
1380 2462 1495 2508 Argiae
1515 2462 1615 2497 litore
1632 2462 1751 2496 orien-

1073 2516 1130 2551 tali
1153 2516 1217 2550 sita
1243 2516 1283 2550 ad
1310 2516 1428 2551 sinum
1452 2515 1670 2550 Saronicum.
1698 2514 1752 2548 Ex

1072 2568 1197 2603 eadem
1206 2568 1292 2602 urbe
1303 2566 1490 2612 AEsculapii
1502 2567 1613 2602 cultus
1621 2566 1657 2600 in
1670 2565 1749 2599 alias

1074 2629 1183 2657 terras
1196 2629 1424 2666 propagatus;
1443 2621 1590 2655 Pausan.
1603 2620 1656 2662 ΙΙ,
1674 2617 1727 2651 26.

1115 2673 1189 2716 645.
1209 2673 1393 2707 Concilium
1404 2699 1412 2712 ,
1435 2671 1604 2717 populum
1617 2678 1750 2703 convo-

1072 2732 1197 2761 catum.
1213 2743 1256 2750 —
1276 2726 1393 2760 Certus
1409 2729 1523 2758 sortes.
1535 2721 1626 2759 Vide
1645 2720 1688 2754 ad
1710 2720 1744 2762 Ι,
