1820 3106
382 249 1084 297 METAMORPHOSEON
1123 251 1255 295 LIB.
1295 252 1412 297 XV.

1518 254 1603 298 515

182 344 402 395 Paulatim
423 343 540 394 lenta
563 342 823 392 consumitis
845 342 992 391 omnia
1013 354 1169 392 morte.

254 445 278 465 »ι
293 423 396 471 Haec
412 439 590 487 quoque
603 439 695 468 non
710 431 926 486 perstant,
943 439 1039 487 quae
1053 439 1139 469 nos
1151 419 1361 469 elementa
1376 440 1609 473 vocamus:

182 500 398 566 Quasque
418 497 533 549 vices
553 511 790 566 peragant,
815 499 986 548 animos
1008 499 1237 558 adhibete,
1260 500 1444 557 docebo.

183 580 416 644 Quattuor
438 591 627 628 aeternus
649 577 857 643 genitalia
879 597 1068 645 corpora
1090 579 1284 629 mundus

182 654 398 704 Continet
420 675 432 703 τ
459 674 510 704 ex
532 654 622 704 illis
647 655 738 704 duo
760 667 865 704 sunt
890 674 1101 711 onerosa,
1130 675 1300 723 suoque

1552 670 1618 715 240

184 733 388 784 Pondere
406 735 454 783 in
477 735 662 784 inferius
675 772 688 794 ,
716 733 846 784 tellus
866 746 998 802 atque
1018 735 1136 784 unda
1152 774 1164 793 ,
1189 735 1394 784 seruntur
1407 755 1422 784 t

183 813 247 861 Et
267 812 455 862 totidem
478 814 690 877 gravitate
711 825 882 871 carent,
905 813 1120 881 nulloque
1143 825 1370 880 premente

185 887 291 938 Alta
311 901 495 956 petunt,
518 909 616 949 aer,
635 902 771 957 atque
789 909 887 939 aere
908 891 1068 957 purior
1090 891 1224 954 ignis.

186 970 303 1034 Quae
328 986 594 1036 quamquam
618 969 764 1036 spatio
790 969 975 1026 distant,
997 980 1143 1017 tamen
1170 968 1319 1017 omnia
1341 967 1456 1017 fiunt

188 1048 257 1095 Ex
281 1046 393 1114 ipsis
409 1084 421 1105 ,
449 1058 494 1096 et
515 1047 561 1095 in
588 1047 685 1113 ipsa
711 1046 876 1095 cadunt
895 1066 905 1094 ε
924 1046 1209 1113 resolutaque
1229 1045 1360 1095 tellus

1559 1060 1625 1105 245

189 1124 245 1172 In
266 1122 459 1190 liquidas
481 1123 667 1172 rorescit
686 1142 821 1190 aquas
839 1143 852 1173 z
874 1134 1082 1171 tenuatus
1105 1123 1154 1171 in
1175 1141 1304 1171 auras
1319 1160 1332 1181 ,

184 1200 394 1267 Aeraque
416 1199 580 1250 humor
602 1200 700 1249 abit
720 1221 730 1248 :
755 1199 903 1249 demto
929 1218 1109 1266 quoqne
1133 1198 1331 1266 pondere
1346 1237 1359 1258 ,
1388 1218 1545 1248 rursus

188 1281 246 1328 In
268 1298 453 1347 superos
475 1298 550 1329 aer
570 1279 855 1328 tenuissimus
877 1279 1035 1327 emicat
1064 1278 1204 1341 ignes.

191 1356 303 1405 Inde
325 1368 445 1405 retro
470 1356 659 1405 redeunt
675 1394 686 1413 ,
711 1355 917 1422 idemque
937 1355 1151 1404 retexitur
1173 1354 1298 1403 ordo.

191 1434 318 1497 Ignis
343 1433 461 1482 enim
485 1433 669 1482 densum
695 1433 914 1500 spissatus
935 1433 981 1481 in
1003 1449 1102 1482 aera
1128 1433 1316 1491 transit3
1377 1471 1378 1474 ,

1566 1448 1633 1482 250

194 1511 282 1560 Hic
302 1511 351 1560 in
373 1530 536 1578 aquas3
558 1510 692 1560 tellus
716 1509 956 1574 glomerata
980 1511 1156 1574 cogitur
1177 1510 1299 1560 unda
1322 1531 1333 1559 ε

194 1591 288 1640 Nec
311 1589 479 1657 species
501 1608 581 1639 sua
601 1588 762 1656 cuique
786 1602 958 1649 manet,
981 1609 1219 1657 rerumque
1241 1589 1444 1639 novatrIx

189 1720 332 1756 duntur
356 1725 393 1755 et
417 1719 642 1766 franguntur.
655 1738 700 1745 —
715 1719 884 1754 Heinsius

195 1783 279 1806 mox
291 1771 399 1806 etiam
408 1770 581 1813 malebat,
599 1771 688 1804 lento
701 1783 827 1811 morsu,
844 1777 885 1804 ut

195 1824 373 1871 perstetin
381 1823 638 1868 metaphora.Q
646 1835 696 1857 uae
705 1822 814 1857 fuerit
822 1822 882 1857 hu-

197 1877 256 1922 jus
267 1875 475 1912 mutationis
489 1887 602 1918 causa,
614 1887 687 1909 non
695 1874 807 1909 video.
816 1875 883 1908 Ed.

223 1930 299 1976 ²37·
307 1931 393 1964 Hec
397 1941 521 1974 quoquc
525 1927 884 1972 nonperstantffrans-

199 1981 432 2018 formationes
444 1982 715 2016 elementorum.
731 1980 884 2026 Diogen.

201 2035 317 2070 Laert-
333 2034 425 2070 vm
437 2059 447 2078 ,
469 2047 508 2068 21
525 2059 536 2078 ,
559 2032 795 2081 Pythagoram
812 2032 884 2066 do-

199 2087 310 2123 cuisse
333 2085 460 2130 tradit,
482 2098 672 2131 corporum
691 2084 884 2120 solidorum

200 2152 276 2175 esse
299 2146 441 2183 στειχεῖα
465 2142 592 2188 τέτταρα
612 2163 623 2182 ,
651 2144 707 2188 πῦρ
727 2163 736 2181 ,
768 2142 850 2186 ὕα““ωρ
870 2163 881 2181 ,

201 2203 282 2240 γὶν,
306 2194 388 2240 ἀέρα·
409 2195 430 2229 ἃ
453 2195 651 2238 praeatum
677 2197 709 2228 δι’
734 2199 788 2229 καὶ
811 2195 886 2242 τρέ-

203 2255 312 2283 πεσθαι
331 2244 373 2281 δι’
395 2247 488 2289 ὅλων,
509 2251 562 2280 καὶ
579 2251 714 2290 γίνεσθαι
732 2247 764 2290 ἕξ
786 2248 886 2282 αὐτῶν

202 2303 314 2345 κόσμον
331 2302 470 2344 ’ἔμψυχον
483 2300 771 2340 ete.-Perstant‚
790 2298 886 2332 idem

203 2357 409 2387 manent.—
415 2352 451 2384 V
445 2353 515 2385 ἰαι-
518 2362 677 2394 peragere
685 2349 770 2385 dixit
781 2350 887 2385 etiam

203 2404 368 2440 Valerius
389 2402 480 2438 Flac.
502 2403 542 2446 1,
569 2405 634 2437 505
652 2417 661 2444 ς
686 2407 778 2436 vices
791 2414 890 2446 agere

205 2457 398 2499 Manilius,
420 2455 436 2490 I
449 2482 458 2499 ,
475 2455 798 2495 init—Genitalia,
809 2455 891 2499 qui-

204 2510 271 2545 bus
286 2509 479 2556 gignuntur
499 2515 535 2543 et
556 2513 785 2553 procreantur
802 2521 889 2542 cor—-

206 2573 316 2607 pora;
345 2561 534 2606 Virgilius,
562 2560 692 2605 Georg.
716 2559 777 2602 11,
800 2559 888 2603 324,

205 2617 372 2661 generalia
385 2618 541 2657 semim,-
559 2614 682 2648 Festus
705 2625 713 2647 z
740 2627 757 2642 «ι
777 2611 891 2647 Geni-

210 2681 229 2698 »
246 2666 331 2701 tales
341 2666 358 2712 (
367 2678 438 2700 non
446 2667 611 2710 geniales)
624 2665 719 2700 Deos
729 2664 892 2699 dixerunt

211 2734 231 2750 ³»
249 2719 390 2764 Aquam
405 2745 414 2763 ,
435 2719 583 2753 Terram
602 2744 612 2762 ‚
638 2718 783 2763 Ignem,
812 2718 892 2751 Ae·—

211 2784 231 2802 a
250 2784 338 2808 rem.
349 2771 501 2808 Eaenim
513 2777 596 2807 sunt
605 2771 739 2807 semina
749 2782 870 2807 rerum
879 2795 890 2813 ,

950 1733 969 1751 ι»
987 1733 1065 1766 quae
1081 1719 1289 1769 Graecorurn
1312 1720 1368 1754 alii
1391 1728 1552 1765 στοιχεῖα,
1579 1718 1636 1755 alii

951 1786 970 1803 »³
989 1774 1146 1821 σπέρματα
1160 1779 1294 1807 vocant.
1309 1787 1326 1802 »

993 1826 1068 1867 245.
1088 1826 1240 1865 Cadunt,
1257 1823 1438 1866 recidunt,
1451 1823 1637 1859 resolvun-

950 1884 1018 1911 tur.
1036 1896 1080 1903 —
1096 1879 1255 1912 Borescit
1269 1877 1435 1923 exquisite
1449 1876 1638 1922 prolique-

949 1929 1039 1964 facta
1061 1930 1193 1965 transit.
1216 1931 1267 1964 Ita
1289 1937 1409 1965 tamen
1427 1930 1543 1965 nullus
1565 1930 1632 1964 nisi

952 1982 1093 2017 Thuan.
1115 1983 1185 2017 MS
1204 1996 1213 2024 3
1238 1983 1354 2017 caeteri
1370 2009 1380 2026 ,
1406 1987 1570 2021 rarescit,
1595 1982 1636 2018 fit

949 2047 1046 2078 rara,
1065 2035 1191 2070 tenuis.
1208 2034 1324 2080 AEque
1342 2035 1638 2070 bene—Tenna-

949 2094 1005 2122 tus
1016 2090 1091 2122 abi!
1100 2086 1235 2133 plenius
1247 2093 1281 2121 et
1291 2086 1496 2132 elegantius,
1509 2100 1613 2132 quam
1623 2114 1635 2131 ,

949 2147 1134 2184 tenuatur,
1152 2147 1191 2174 ut
1207 2139 1286 2175 alibi
1301 2139 1463 2174 vidimus.
1479 2140 1537 2175 Sic
1553 2153 1636 2174 mox

949 2197 1119 2237 spissatus
1130 2198 1255 2228 transi!
1265 2206 1328 2239 pro
1337 2219 1346 2236 ‚
1358 2193 1532 2238 spissatur.
1544 2193 1638 2227 Fru-

949 2253 1021 2281 stra
1038 2246 1143 2291 igitur
1158 2246 1368 2290 interpretes
1384 2259 1424 2279 ex
1437 2245 1535 2281 MSS
1547 2258 1639 2291 prae-

951 2298 1075 2333 ferunt
1089 2297 1142 2332 vel
1156 2301 1250 2337 adit,
1270 2298 1323 2332 vel
1340 2299 1450 2331 habet.
1466 2316 1511 2323 -—
1523 2299 1639 2332 Auras

949 2363 1109 2395 aeraque.
1128 2357 1166 2385 ut
1181 2350 1233 2384 lx
1246 2376 1256 2393 ,
1274 2363 1359 2396 219,
1376 2356 1411 2384 et
1423 2349 1502 2384 alibi
1514 2376 1524 2393 ‚
1539 2354 1639 2384 aertioe

952 2415 1052 2437 aure.
1077 2402 1128 2436 Ex
1149 2402 1213 2436 hac
1236 2409 1354 2436 autem
1375 2402 1510 2437 ratione
1525 2428 1534 2445 ,
1561 2415 1639 2447 quae

954 2468 1001 2491 vs.
1015 2456 1167 2498 245-251
1180 2454 1386 2489 describitur
1398 2481 1408 2498 ,
1421 2467 1494 2488 non
1510 2462 1562 2489 est
1573 2455 1640 2490 nisi

955 2521 1068 2543 unum
1087 2506 1304 2542 elementum
1319 2534 1328 2550 ,
1346 2507 1465 2542 aether.

999 2562 1074 2607 249.
1088 2562 1260 2600 Redeunt,
1281 2567 1464 2594 mutantur
1476 2560 1511 2594 in
1525 2561 1643 2606 pristi-

956 2625 1043 2647 num
1061 2618 1201 2646 statum.
1224 2611 1359 2646 Eadem
1383 2611 1562 2658 eleganter
1579 2614 1642 2647 di-

956 2671 1086 2699 cuntur
1099 2667 1221 2704 retexi,
1241 2670 1343 2709 tropo
1361 2677 1379 2698 a
1395 2665 1461 2699 tela
1478 2666 1643 2710 petito.—

960 2718 1108 2761 Cogffler,
1130 2715 1340 2756 includitur;
1364 2717 1402 2760 Ι,
1422 2719 1459 2752 3ι
1477 2745 1486 2761 ,
1513 2718 1643 2752 humor

957 2772 1103 2805 coercuit
1114 2771 1233 2806 orbem,
1250 2787 1294 2796 —-
1313 2772 1510 2806 Glomerata
1521 2797 1530 2813 ,
1555 2783 1642 2805 coa-
