1820 3106
321 243 1044 304 METAMORPHOSEON
1079 255 1212 300 Lm.
1247 258 1376 300 ΧΠ.

1483 258 1571 318 339

140 355 170 401 J
173 364 330 411 uncta,
355 348 693 400 Pbonoleniden
716 368 741 397 a
763 367 936 397 summo
958 348 1119 396 vertice
1139 347 1285 411 fregit.

138 431 295 480 Fracta
315 426 571 478 volubilitas
592 427 752 494 capitis
769 425 1010 484 latissima;
1035 445 1202 494 perque
1227 446 1278 475 os
1292 465 1304 485 ‚

140 508 314 575 Perque
335 524 460 556 cavas
479 524 633 563 nares,
659 503 903 571 oculosque
917 541 930 563 ‚
955 504 1168 571 auresque
1182 541 1195 563 ‚
1217 504 1449 555 cerebrum
1509 520 1575 565 435

143 581 281 635 Molle
301 583 424 642 fluit,
448 583 587 634 veluti
609 595 865 632 concretum
888 583 1051 631 vimine
1073 602 1243 650 querno

145 663 234 712 Lac
254 661 400 720 solet;
421 673 524 711 utve
548 661 700 728 liquor
720 661 809 711 rari
827 660 912 710 sub
933 661 1128 728 pondere
1154 661 1291 710 cribri

147 742 303 790 Manat
316 779 329 799 ‚
353 752 400 790 et
416 741 678 809 exprimitur
701 760 782 808 per
804 739 939 789 densa
954 739 1172 789 foramina
1193 740 1377 807 spissus.

139 853 206 887 tice
216 858 276 886 aut
286 851 557 896 robam-Regii
567 851 678 886 nostri
689 853 806 886 codice
813 878 822 892 ‚

139 916 223 940 cum
241 903 350 950 glossa
376 904 471 939 inter
492 904 601 939 lineas
616 930 625 947 ,
657 907 680 938 ι’.
697 911 827 939 trunco.

139 955 324 991 Lectiones
347 959 463 1001 stipite
478 983 486 996 .
521 961 646 992 cortice
663 984 671 997 ‚
702 956 827 1002 glossas

140 1015 236 1054 puto.
253 1009 413 1043 Eat—A
431 1011 555 1043 verlice
566 1036 574 1048 ,
601 1008 770 1054 desuper,
786 1015 827 1042 ut

142 1061 235 1108 apud
251 1061 444 1107 Virgilium
455 1087 464 1104 ,
481 1060 613 1106 Georg.
629 1061 688 1104 11,
707 1061 828 1095 310.—

142 1115 415 1152 Pbonolem'den3
437 1113 606 1148 Heinsius
631 1113 759 1148 metuit
779 1124 826 1147 ne

142 1164 210 1201 hoc
225 1165 344 1200 vocab.
364 1171 572 1210 corruptum
593 1165 637 1199 sit
653 1190 663 1208 ,
686 1177 771 1199 nam
788 1164 826 1199 in

143 1217 243 1254 MSS
258 1228 358 1253 mera
379 1217 436 1253 hic
457 1217 648 1253 lectionum
668 1223 828 1253 monstra

148 1277 329 1316 apparent.

189 1323 265 1367 434.
282 1323 487 1356 Volubilitas
501 1323 640 1366 capith,
654 1321 804 1356 volubile
817 1347 827 1365 ,

145 1374 252 1420 idque
263 1401 273 1418 ,
285 1381 428 1420 propter
438 1374 721 1420 magnitudinem
732 1374 831 1410 Pho-

144 1426 320 1463 nolenidae
329 1453 339 1470 ‚
353 1429 555 1462 lanii-stimula
566 1454 575 1468 ‚
591 1434 652 1461 aut
659 1429 831 1462 latissima

146 1491 211 1525 pro
223 1477 387 1514 latissime
397 1504 408 1522 ,
423 1478 550 1513 vulnus
565 1478 771 1514 latissimum
780 1477 829 1512 sa-

146 1538 253 1566 ctum.
275 1530 426 1565 Lemius
440 1530 556 1566 fratris
570 1530 623 1566 sui
645 1530 829 1576 interpre-

146 1583 319 1618 tationem
338 1582 484 1628 probat3
505 1582 610 1628 fregit
630 1590 734 1629 caput
751 1608 761 1626 ,
790 1589 831 1617 ut

145 1637 248 1672 fieret
266 1635 520 1683 planissimum.
537 1654 580 1662 —
597 1636 770 1681 Quinque
794 1636 830 1670 hi

144 1701 264 1724 versus
273 1714 284 1732 ‚
302 1701 322 1723 a
335 1690 462 1723 Fracta
471 1690 685 1728 volubilitas,
707 1688 750 1724 ad
762 1689 834 1722 Ast

143 1755 221 1787 ego,
242 1742 369 1778 absunt
394 1754 414 1775 a
430 1748 554 1776 nostro
575 1740 695 1776 codice
716 1741 831 1786 Regio

145 1795 179 1830 A
193 1821 204 1839 ,
223 1801 259 1830 et
277 1794 316 1830 in
331 1794 450 1830 codice
469 1795 500 1829 B
523 1794 565 1829 ab
587 1794 652 1829 alia
668 1806 777 1828 manu
792 1794 830 1835 in

145 1847 306 1893 margine
316 1846 463 1882 fuerunt
480 1847 674 1892 postscripti
690 1861 698 1888 ;
713 1846 778 1880 hos
794 1845 846 1880 li-·

151 1899 280 1934 beuter
301 1899 438 1944 spurios
462 1897 716 1934 crediderimus
729 1925 739 1942 ‚
757 1906 834 1933 tum

148 1957 298 1999 propter
312 1951 408 1997 quod
424 1963 483 1987 eos
496 1964 570 1986 non
587 1951 712 1987 habent
726 1952 836 1988 codex

149 2005 181 2039 A
200 2004 376 2050 optimus,
401 2011 479 2039 tum
503 2011 647 2049 propter
671 2004 837 2039 insulsam

151 2063 188 2092 et
212 2054 346 2092 ovidio
367 2069 468 2102 pene
490 2055 674 2103 indignam
698 2056 837 2092 descri-

149 2109 323 2155 ptionem.
339 2110 405 2145 Ed.

197 2161 273 2206 436.
296 2162 413 2196 Veluti
420 2168 608 2196 concretum
618 2168 684 2197 etc.
694 2161 767 2196 Res
781 2160 840 2198 soe-

151 2212 196 2247 da
221 2220 362 2258 poterat
386 2213 462 2249 sine
479 2213 707 2249 similitudine
726 2220 840 2248 trans-

150 2264 256 2300 mitti.
290 2265 486 2300 Concn’tum
506 2267 582 2306 lac,
610 2265 724 2310 xm,
754 2265 838 2313 795,

151 2324 309 2352 coactum
327 2319 404 2359 Iac,
424 2317 608 2363 coagulum
620 2343 630 2361 ‚
649 2317 699 2352 lac
716 2317 844 2352 densa-

151 2376 231 2405 tum
249 2395 260 2415 ‚
288 2369 384 2406 unde
411 2370 500 2405 casei
521 2370 785 2415 premebantur.
798 2389 843 2397 —

163 2424 282 2457 Vimen
292 2449 301 2463 ‚
327 2421 450 2468 qualus
462 2421 636 2457 vimineus
646 2447 657 2466 ,
670 2421 740 2456 sive
752 2421 844 2457 cala-

160 2472 242 2509 thus
258 2500 268 2519 ,
296 2474 333 2509 in
360 2473 563 2520 supellectili
595 2481 671 2509 erat
694 2474 843 2518 rustica;

161 2526 330 2573 Virgilius
340 2553 350 2571 ,
365 2525 564 2572 Georg.11‚
575 2529 635 2570 241
647 2553 659 2570 ,
675 2528 728 2562 Tu
735 2531 847 2571 spisso

164 2582 288 2614 virm'ne
301 2581 419 2624 qualos
429 2607 437 2619 ,
461 2581 608 2625 Colaque
611 2583 786 2624 prelorum
786 2581 848 2625 su-

163 2633 270 2666 mosis
285 2633 398 2675 deripe
411 2635 517 2666 tectzzr.
535 2632 605 2667 Sed
625 2645 682 2667 me
699 2631 848 2668 offendit

163 2695 306 2729 querno,
325 2683 613 2729 quandoquidem
630 2697 764 2730 querna
783 2684 848 2720 vir-

165 2735 260 2781 gulta
271 2735 328 2770 vix
340 2742 418 2781 apta
429 2743 511 2772 sunt
525 2736 666 2771 calathis
683 2737 848 2773 texendis.

164 2785 264 2822 MSS
276 2793 395 2822 tamen
408 2787 571 2835 nihil-nos
578 2787 763 2833 adjuvant3
776 2802 848 2824 om-

892 864 955 886 nes
970 850 1068 886 enim
1079 848 1282 897 conspirant
1294 850 1330 885 in
1345 850 1437 885 hanc
1454 863 1578 886 vocem

891 909 1138 949 praeterunum
1151 903 1280 938 Urbin.
1290 903 1350 948 qui
1360 908 1447 938 testo
1458 903 1577 946 habet,

892 957 987 1003 quod
1005 971 1024 993 e
1040 965 1131 992 texto
1144 964 1263 992 ortum
1277 956 1442 993 credebat
1454 957 1578 992 Hein-

891 1010 961 1044 sius
975 1022 983 1043 :
995 1023 1078 1044 sane
1093 1009 1180 1044 nihil
1194 1008 1412 1055 frequentius
1423 1014 1517 1043 texto
1526 1011 1581 1043 υί-

894 1065 1000 1103 mine,
1021 1060 1101 1096 vide
1121 1062 1245 1097 Heius.
1261 1060 1304 1095 ad
1322 1062 1375 1096 IV
1395 1062 1486 1097 Fast.
1504 1060 1581 1105 435.

894 1113 966 1149 Sed
984 1113 1092 1148 etiam
1107 1126 1193 1159 seqq
1210 1113 1381 1150 mendosa
1396 1112 1489 1148 haud
1512 1111 1582 1147 du-

893 1166 949 1201 bie
970 1172 1063 1201 sunt.
1083 1166 1210 1211 Lt'quor
1234 1165 1281 1200 ita
1308 1165 1403 1200 nude
1426 1165 1580 1211 positum

893 1230 967 1252 non
984 1216 1126 1253 videtur
1146 1231 1165 1252 a
1182 1224 1285 1264 poeta
1302 1229 1368 1263 pro
1390 1218 1474 1252 vino
1487 1244 1497 1261 ‚
1523 1225 1583 1253 aut

893 1283 997 1305 succo
1023 1271 1193 1307 olivarum
1215 1283 1223 1304 ι
1246 1283 1363 1315 neque
1383 1269 1440 1305 ille
1467 1270 1583 1315 liquor

894 1326 956 1358 sub
971 1326 1118 1368 pondere
1142 1325 1248 1358 cribri
1268 1331 1409 1367 manat,
1438 1323 1497 1358 sed
1517 1323 1581 1358 sub

896 1375 1054 1420 pondere
1077 1374 1182 1420 praeli.
1203 1374 1311 1410 Tollit
1328 1374 1408 1410 istas
1425 1374 1584 1410 difficul-

897 1435 984 1462 tates
1001 1427 1102 1462 lectio
1113 1453 1124 1470 ,
1142 1439 1250 1472 quam
1264 1427 1362 1461 MSS
1374 1453 1384 1471 ,
1404 1427 1579 1470 Urbinas,

895 1480 1104 1516 Basileensis
1117 1493 1168 1527 pr.
1184 1488 1219 1516 et
1237 1481 1324 1516 alter
1339 1480 1482 1515 Thuani
1498 1493 1583 1526 sup-

895 1534 1054 1581 peditam
1075 1562 1084 1579 ,
1112 1538 1222 1580 liquor
1246 1539 1323 1570 vini
1350 1536 1412 1569 sub
1434 1537 1582 1579 pondere

891 1590 1007 1633 preli,
1026 1599 1240 1633 quamquam
1257 1587 1310 1622 hic
1322 1587 1438 1633 potius
1450 1586 1492 1622 de
1504 1587 1583 1621 oleo

899 1640 953 1686 agi
969 1639 1130 1683 videtur,
1149 1640 1244 1685 quod
1263 1647 1297 1675 et
1312 1641 1449 1685 spissius
1463 1646 1498 1674 et
1512 1652 1584 1673 me-

897 1690 963 1726 lius
978 1704 1059 1726 cum
1077 1692 1223 1726 cerebro
1243 1691 1439 1737 comparari
1459 1697 1582 1736 potest.

899 1741 932 1776 Τ
935 1755 990 1776 res
1001 1743 1074 1786 alii,
1091 1745 1152 1777 sub
1157 1745 1304 1787 pondere
1314 1745 1397 1782 coli,
1421 1742 1521 1786 cujus
1533 1742 1586 1775 al-

899 1801 1017 1829 terum
1033 1794 1117 1829 illud
1126 1798 1229 1839 praeli
1240 1795 1408 1842 glossema
1423 1807 1495 1830 esse
1510 1808 1583 1840 pu·-

900 1855 950 1882 tat
970 1848 1138 1883 Heinsius
1151 1875 1160 1892 ,
1190 1848 1356 1893 deceptus
1379 1849 1584 1883 auctoritate

900 1899 1014 1934 Schol.
1042 1900 1112 1934 MS
1140 1899 1183 1934 ad
1210 1900 1399 1946 Virgilium
1414 1927 1423 1944 ,
1453 1899 1583 1946 Georg.

902 1952 995 1986 dicto
1009 1953 1085 1987 loco
1097 1978 1107 1996 ,
1125 1953 1184 1987 ubi
1201 1955 1309 1988 colam
1321 1954 1511 1999 explicatur
1523 1965 1586 1999 per

900 2005 1179 2040 instrumentum
1193 2031 1203 2048 ‚
1221 2018 1292 2051 quo
1310 2006 1431 2040 vinum
1449 2008 1585 2052 premi-

902 2065 970 2092 tur.
982 2057 1060 2092 Imo
1071 2057 1146 2093 cola
1159 2058 1308 2103 supponi
1320 2059 1479 2094 solebant
1496 2072 1587 2105 praea

901 2110 942 2146 lis
952 2136 962 2155 ,
980 2117 1019 2145 ut
1031 2117 1189 2145 mustum
1201 2137 1211 2155 ,
1224 2119 1283 2146 aut
1294 2112 1413 2146 oleum
1426 2113 1462 2146 in
1475 2112 1516 2147 iis
1527 2125 1586 2146 ex-

901 2170 1044 2209 ceptum
1060 2162 1255 2208 liquaretur
1271 2177 1280 2205 ;
1304 2163 1507 2208 Lucretius,
1526 2164 1562 2199 11
1576 2191 1587 2207 ,

903 2214 965 2261 391
985 2226 994 2249 ε
1010 2228 1028 2244 «
1042 2213 1091 2249 Et
1102 2215 1260 2260 quamvis
1270 2215 1386 2250 subito
1395 2228 1459 2261 per
1469 2215 1587 2250 colum

905 2281 923 2297 >³
939 2268 1021 2302 vina
1029 2267 1189 2302 videmus
1201 2268 1383 2303 Perfluere
1394 2295 1404 2312 ,
1418 2276 1452 2303 at
1464 2275 1590 2304 contra

906 2334 925 2352 ³·
941 2320 1083 2356 tardum
1093 2329 1279 2357 cunctatur
1290 2322 1432 2358 olivum.
1446 2337 1464 2354 »
1479 2323 1588 2357 Forte

903 2374 1010 2410 verba
1022 2376 1229 2421 transposita
1240 2383 1322 2411 sunt
1334 2403 1343 2420 ,
1357 2376 1405 2411 ita
1414 2383 1453 2410 ut
1465 2390 1511 2412 vs.
1523 2377 1588 2420 436

904 2430 1029 2462 vimine
1045 2429 1168 2469 cribri,
1193 2436 1230 2462 et
1248 2441 1334 2463 vers.
1350 2430 1510 2474 sequenti
1528 2431 1590 2463 sub

900 2481 1047 2524 pondere
1069 2492 1190 2525 querno
1208 2480 1399 2524 legendum
1419 2481 1474 2515 sit.
1494 2480 1592 2516 Len-

906 2530 979 2566 zius
989 2530 1113 2566 suadet
1126 2544 1133 2566 :
1145 2535 1269 2566 vimine
1277 2535 1389 2576 spisso
1397 2558 1405 2566 .
1417 2558 1425 2566 .
1435 2557 1443 2565 .
1444 2534 1592 2578 pondere

905 2595 1027 2628 querno
1038 2609 1045 2617 .
1058 2610 1065 2617 .
1078 2608 1086 2616 .
1089 2583 1267 2628 foramina
1276 2584 1504 2619 cribra—Pro
1514 2599 1591 2620 ma-

908 2643 971 2670 nat
979 2635 1082 2671 Basil.
1091 2638 1202 2671 stillat
1208 2647 1220 2679 ‚·
1235 2635 1295 2671 sed
1308 2635 1490 2673 Lucretius
1501 2639 1538 2673 in
1552 2652 1591 2675 re

909 2687 1011 2722 simili
1024 2700 1224 2732 permanare
1237 2688 1331 2724 dixit.
1347 2707 1389 2716 —-
1411 2691 1483 2725 Pro
1494 2694 1592 2736 spis-

910 2752 969 2774 sus
979 2766 987 2781 ,
1013 2739 1114 2786 vulgo
1126 2753 1256 2776 succus.
1273 2741 1425 2782 Strozzoe
1436 2743 1522 2778 liber
1529 2755 1595 2789 per

912 2793 1028 2825 crebra
1033 2790 1209 2835 foramina
1225 2796 1363 2838 spmjus.
