1820 3106
354 244 1061 291 METAMORPHOSEON
1093 246 1222 290 LIB.
1253 247 1408 291 VIII.
1567 248 1589 288 5

174 339 430 404 Fulgentem
453 338 655 406 clypeum
669 376 682 396 ‚
708 337 911 405 clypeum
934 337 1142 386 sumsisse
1163 337 1348 387 decebat
1371 359 1380 386 :

173 419 378 467 Torserat
400 415 601 473 adductis
623 415 800 465 hastilia
822 414 941 464 lenta
962 414 1134 465 lacertis
1152 435 1163 475 ;

174 492 402 544 Laudabat
420 492 545 556 virgo
567 493 764 558 junctam
787 512 887 542 cum
911 493 1080 542 viribus
1103 505 1252 543 artem.

173 570 387 638 Imposito
409 570 588 639 Patulos
612 570 778 620 calamo
803 571 1050 619 sinuaverat
1071 590 1226 630 arcus;
1556 585 1600 618 30

174 649 246 698 Sic
267 649 486 700 Phoebum
510 649 669 698 sumtis
691 650 870 715 jurabat
894 660 1008 697 stare
1032 648 1217 712 sagittis.

173 727 327 792 Quum
346 745 450 776 vero
474 727 628 777 faciem
653 727 802 776 demto
824 727 1069 776 nudaverat
1091 746 1172 775 aere
1187 765 1199 785 ,

172 805 517 872 Purpureusque
541 803 631 853 albi
654 805 803 853 stratis
826 804 1018 868 insignia
1041 804 1173 871 pictis

171 888 315 952 Terga
337 888 566 955 premebat
588 887 717 955 equi,
744 888 1082 955 spumantiaque
1107 894 1186 936 ora
1208 886 1414 950 regebat3

171 969 259 1017 Vix
280 988 387 1029 sua,
409 969 481 1018 vix
504 978 623 1018 sanae'
640 969 766 1033 virgo
787 970 938 1019 Niseia
962 988 1146 1036 compos
1556 982 1598 1016 35

124 1063 131 1070 “
171 1053 341 1102 Mentis
365 1064 458 1103 erat
477 1073 486 1102 :
505 1053 608 1102 felix
630 1052 848 1118 jaculum,
874 1053 997 1120 quod
1021 1064 1219 1116 tangeret
1239 1052 1337 1111 ille,

173 1134 373 1202 Quaeque
395 1153 530 1183 manu
553 1146 796 1201 premeret,
821 1133 965 1183 felicia
987 1132 1110 1183 frena
1132 1133 1330 1182 vocabat.

173 1219 373 1284 Impetus
397 1229 465 1267 est
486 1216 578 1277 illi,
604 1216 735 1266 liceat
755 1217 889 1266 modo
907 1255 919 1277 ‚
943 1217 1054 1267 ferre
1076 1235 1337 1288 pervagmen⁸

179 1353 327 1394 Constat
335 1367 418 1391 sane
434 1364 476 1390 ex
487 1355 648 1390 Homero
663 1362 699 1390 et
708 1353 856 1401 Virgilio

176 1408 283 1443 etiam
294 1421 377 1443 aum
388 1415 572 1443 exornatos
585 1407 766 1442 interdum
775 1407 855 1443 suis-

175 1473 213 1496 se
232 1460 392 1508 clypeos;
416 1460 477 1496 sed
496 1473 560 1506 ego
577 1461 686 1496 MSS.
703 1462 857 1496 auctori-

174 1519 286 1548 tatem
302 1512 401 1558 sequi
415 1512 533 1548 malui.
549 1513 668 1559 Atque
687 1514 792 1548 etiam
809 1527 856 1548 aes

175 1565 213 1600 in
235 1565 461 1612 splendorem
488 1566 611 1601 datum
636 1567 716 1614 satis
743 1568 857 1613 potuit

171 1617 404 1663 spectantium
415 1618 533 1654 oculos
548 1618 653 1653 ferire
670 1626 774 1664 atque
792 1618 856 1654 de-

173 1683 234 1706 cus
247 1669 375 1706 addere
387 1670 514 1706 Minoi.
528 1670 649 1706 Codex
661 1671 793 1718 Regius
806 1672 850 1714 A,

173 1736 265 1758 auto.
284 1741 328 1749 -—
343 1724 514 1764 Decebat,
539 1736 622 1758 cum
647 1723 774 1760 decore
795 1738 857 1760 su-

174 1774 292 1810 mebat
304 1801 314 1819 ‚
331 1781 410 1820 aut,
425 1774 565 1823 clypeus
580 1782 738 1820 sumptus
751 1775 783 1810 ei
794 1775 857 1811 de-

174 1838 234 1861 cus
247 1825 407 1862 addebat.
425 1826 611 1872 Euripides
628 1826 754 1862 Phoen.
774 1841 830 1873 ¹7¹
846 1853 856 1871 ,

179 1883 218 1918 ὼς
230 1881 364 1916 ὅπλοισιν
380 1882 555 1930 χρυσέοισιν
570 1881 859 1931 εὖπρεπὴς.-Αᾰ-

175 1932 287 1966 ducte‘s
307 1933 444 1967 lacerto·
468 1931 580 1978 pingit
606 1939 723 1967 aetum
753 1933 859 1977 jacu-

176 1984 289 2019 lantis.
320 1984 497 2030 Expressit
524 1992 643 2019 autem
669 1985 835 2031 Virgilius
847 2012 857 2030 ‚

177 2036 320 2072 AEneid.
331 2032 384 2074 XI
395 2064 405 2081 ‚
422 2038 482 2073 561
495 2063 504 2081 ,
517 2040 664 2073 adducto
677 2044 859 2073 contortum

176 2092 300 2126 hastile
314 2093 439 2125 lacerto
456 2092 621 2138 Immatu.
646 2090 742 2125 Insra
752 2117 762 2135 ,
781 2092 834 2127 IX
848 2118 858 2135 ,

180 2143 221 2177 52
235 2166 245 2185 ,
260 2149 343 2177 sunt
353 2144 494 2177 brachia
505 2143 664 2177 adducta.
681 2142 740 2177 Sic
758 2150 792 2178 et
807 2156 861 2178 re-

178 2196 262 2229 duci
273 2193 454 2238 adhiberi,
476 2201 601 2229 monet
622 2194 861 2231 Burmannus.

180 2246 372 2281 -Lentum
387 2245 544 2280 solemne
559 2245 753 2290 hastilium,
764 2247 860 2292 pilo-

181 2310 262 2332 rum
283 2323 294 2341 ,
325 2296 529 2344 thyrsorum
559 2297 742 2343 epitheton
768 2299 861 2345 apud

181 2356 310 2396 poetas.
327 2366 372 2374 —
391 2350 522 2383 Juncta
542 2361 616 2383 cum
640 2353 767 2385 viribus
791 2358 864 2386 arte

182 2415 269 2449 opus
286 2409 362 2437 erat
381 2402 419 2436 in
441 2401 616 2446 ejusmodi
638 2404 862 2438 exercitatio-

182 2455 304 2498 nibus,
320 2454 376 2499 X,
395 2454 467 2491 181.

226 2509 280 2543 30.
294 2509 454 2553 Imposito
466 2510 606 2552 patulos
621 2510 763 2542 calamo.
782 2507 863 2543 Co-

185 2559 250 2595 dex
267 2559 299 2595 A
314 2586 324 2603 ‚
354 2563 520 2605 imposuit
541 2562 686 2596 calamis
705 2563 864 2605 patulos,-

186 2609 309 2646 Codex
322 2611 352 2646 B
367 2638 379 2655 ,
397 2615 553 2656 imposito
577 2614 710 2653 calamo
724 2615 844 2657 patulo
854 2639 863 2654 ‚

185 2670 222 2698 et
235 2662 389 2698 secunda
405 2677 515 2699 manu
527 2664 795 2711 superscribitur
807 2668 867 2699 im-

182 2718 306 2760 positis·
327 2718 479 2752 calamis.
504 2716 693 2762 Vulgatam
710 2717 869 2762 praefero.

192 2767 257 2803 Ed.
267 2785 309 2794 -
319 2768 515 2806 Sae'nuarerat
523 2780 640 2812 arcus‚·
665 2768 845 2805 limaverat
859 2795 868 2814 ,

921 1355 1186 1391 incurvaverat:
1202 1354 1343 1398 confer,
1361 1352 1484 1388 Amor.
1503 1354 1519 1388 1
1534 1380 1543 1397 ,
1563 1365 1575 1388 1
1590 1380 1599 1397 ,

921 1407 982 1451 23,
1009 1408 1214 1452 Lunavitque
1234 1419 1320 1451 genu
1338 1408 1507 1441 sinuosum
1514 1405 1600 1449 sor-

918 1464 996 1495 titer
1007 1473 1131 1496 arcum.
1144 1460 1210 1496 Ed.
1220 1461 1365 1495 -Stare
1379 1459 1422 1495 de
1437 1467 1533 1506 gestu
1546 1459 1601 1494 vel

920 1513 1155 1558 pugnantium
1164 1539 1174 1557 ‚
1186 1520 1226 1547 ut
1240 1513 1308 1556 IX,
1321 1513 1362 1547 33
1371 1540 1380 1554 ,
1398 1512 1452 1547 vel
1463 1513 1601 1558 sagittas

920 1565 1139 1600 mittentium
1150 1591 1159 1609 ,
1177 1572 1216 1599 ut
1230 1564 1297 1600 hoc
1311 1563 1388 1599 loeo
1397 1590 1406 1608 ‚
1425 1563 1518 1599 etsie
1527 1571 1603 1598 sta-

920 1625 974 1652 tus
991 1619 1128 1664 passim.

966 1671 1019 1705 33.
1032 1672 1220 1715 Purpureus
1234 1670 1371 1716 gravius
1381 1683 1488 1715 quam
1501 1695 1511 1714 ‚
1522 1683 1602 1716 pur-

921 1736 1030 1770 purea
1046 1730 1140 1758 veste
1162 1736 1170 1758 :
1200 1723 1278 1758 Art.
1308 1723 1425 1757 Amat.
1452 1724 1469 1758 I
1482 1749 1492 1766 ‚
1518 1725 1581 1765 214
1593 1748 1602 1766 ,

926 1778 1077 1820 Quatuor
1083 1779 1118 1810 iu
1128 1778 1233 1811 niveis·
1246 1788 1367 1810 aureus
1377 1777 1442 1809 ibt‘s
1456 1778 1604 1819 cquis.—

922 1828 1016 1862 Albo
1040 1839 1133 1872 equo
1153 1840 1189 1862 se
1210 1827 1336 1861 Minoa
1357 1827 1393 1860 in
1422 1825 1602 1861 obsidione
1657 1838 1662 1841 ·

922 1880 1017 1915 urbis
1034 1880 1190 1915 hostibus
1205 1879 1395 1914 notabilem
1417 1878 1550 1914 dedisse
1567 1887 1604 1915 ct

922 1932 1150 1979 conspicuum
1162 1958 1171 1976 ‚
1194 1944 1270 1966 non
1286 1930 1397 1966 credit
1415 1932 1601 1967 Burman-

923 2000 990 2022 nus
1002 2013 1011 2030 ,
1039 1986 1100 2031 qui
1119 1998 1197 2020 eam
1214 1985 1259 2020 ob
1278 1998 1418 2020 causam
1437 1986 1604 2021 emendat

922 2041 995 2073 alti.
1006 2038 1147 2082 Ergone
1161 2039 1254 2072 altus
1268 2050 1378 2083 equus
1390 2050 1471 2072 eum
1485 2038 1603 2074 minus

922 2090 1114 2124 notabilem
1132 2088 1302 2124 reddebat
1317 2090 1334 2124 ?
1360 2090 1434 2125 Nec
1458 2090 1604 2126 dubita-

923 2148 1010 2176 runt
1026 2142 1081 2177 alii
1100 2141 1205 2177 duces
1217 2168 1226 2185 ‚
1246 2142 1445 2177 Alexander
1457 2169 1467 2187 ‚
1495 2144 1604 2178 Han-

923 2193 1038 2238 nibal,
1055 2201 1090 2230 et
1101 2193 1205 2229 armis
1218 2200 1255 2228 et
1265 2194 1363 2239 equis
1379 2206 1414 2229 se
1426 2194 1604 2240 insignire.

926 2247 1104 2283 Amabant
1127 2254 1247 2282 autem
1274 2247 1482 2293 plerumque
1509 2250 1607 2282 albos

925 2312 1053 2345 equos;
1077 2306 1113 2334 et
1133 2299 1170 2334 in
1186 2302 1266 2335 albo
1280 2299 1318 2334 in
1335 2300 1456 2345 primis
1471 2300 1606 2335 lucebat

925 2364 1091 2398 purpura.
1098 2370 1143 2378 —
1150 2352 1272 2386 Stratis
1275 2354 1388 2396 pictis.
1401 2351 1607 2387 Graevianus

926 2418 990 2451 pro
1004 2405 1140 2440 diversa
1148 2404 1297 2440 lectione
1310 2405 1369 2439 dat
1377 2407 1608 2450 phalerfirm‘c-

926 2460 987 2498 tis,
1018 2456 1112 2503 quod
1141 2456 1317 2491 arridebat
1343 2455 1492 2491 Heinsio
1509 2482 1519 2499 ,
1547 2456 1606 2491 sed

926 2516 1022 2544 recte
1039 2509 1197 2554 rejicitur
1208 2522 1227 2543 a
1237 2510 1456 2544 Burmanno.
1474 2507 1609 2544 Confer

927 2573 1009 2596 cum
1025 2560 1092 2595 hoc
1108 2560 1183 2594 loco
1201 2559 1275 2603 Vl,
1297 2573 1371 2594 222.
1387 2577 1432 2587 —-
1447 2560 1609 2604 Spuman-

927 2615 978 2646 tia
991 2624 1051 2647 ora
1064 2611 1225 2657 generosi
1242 2611 1324 2657 equi
1339 2611 1610 2658 signum.-—V1‘x

928 2676 1002 2698 sua.
1019 2663 1111 2698 Vide
1129 2663 1172 2698 ad
1188 2663 1266 2707 111,
1287 2664 1416 2712 689³-
1429 2666 1529 2700 Felix
1545 2672 1609 2699 etc.

931 2717 1091 2753 Ridicula
1106 2743 1115 2761 ,
1141 2717 1306 2753 solemnis
1330 2724 1449 2754 tamen
1474 2717 1611 2765 perdite

931 2769 1127 2806 amantium
1141 2769 1349 2815 praedicatio.
