1820 3106
259 229 346 285 408

645 214 707 276 P(
741 227 975 279 ovum
1009 233 1304 279 NASONIS

265 346 289 367 »
317 322 474 375 Delius
495 325 726 388 augurium
747 325 867 374 dedit
889 326 1018 382 huic;
1044 327 1163 375 dedit
1185 327 1319 377 altera
1341 327 1477 378 Liber

1600 341 1603 344 ’
1611 315 1680 378 630

265 423 289 444 »
316 401 529 452 Femineae
552 403 662 450 sorti
684 414 790 451 voto
816 403 979 469 majora
1000 404 1176 471 fideque

264 499 288 520 »
318 479 534 528 Munera:
554 498 655 549 nam
678 493 795 530 tactu
820 492 1019 530 natarum
1045 493 1200 531 cuncta
1224 500 1443 541 mearum,

266 577 289 598 υ
315 556 369 603 In
393 568 579 618 segetem
595 595 606 615 ,
631 556 892 625 laticemque
913 559 1046 617 meri,
1068 559 1332 626 baccamque
1358 559 1567 609 Minerva!

264 654 287 675 »
311 633 778 694 Transformabantur3
803 636 1009 702 divesque
1032 633 1122 684 erat
1144 655 1249 684 usus
1273 637 1320 684 in
1341 635 1443 685 illis.

265 733 289 754 2»
317 712 416 760 Hoc
438 712 515 761 ubi
538 714 765 776 cognovit,
787 715 931 780 Trojae
955 713 1221 782 populator,
1247 710 1451 774 Atrides;

266 812 290 832 »
315 788 381 838 Ne
403 810 494 839 non
518 811 570 840 ex
594 791 739 859 aliqua
762 805 949 842 vestram
974 793 1160 842 sensisse
1175 791 1410 859 procellam

263 888 289 908 ³>
315 868 408 915 Nos
435 888 612 935 quoque
632 883 755 937 parte
779 884 935 938 putes3
960 890 1181 919 armorum
1205 870 1373 919 viribus
1394 889 1531 930 usus,
1593 929 1597 931 μ

264 963 289 984 »
315 943 549 993 Abstrahit
569 944 729 995 invitas
750 946 918 1010 gremio
944 946 1178 1009 genitoris3
1204 945 1408 1012 alantque

267 1041 291 1060 ³)
318 1021 510 1087 Imperat
532 1023 787 1085 Argolicam
810 1023 971 1073 caelesti
994 1043 1173 1072 munere
1195 1023 1390 1072 classem.

265 1120 290 1141 »
318 1098 552 1162 Effugiant
574 1121 663 1168 quo
688 1122 871 1169 quaeque
892 1115 1040 1169 potest
1061 1124 1072 1151 ε
1092 1103 1264 1151 Euboea
1290 1102 1485 1160 duabus,

1614 1115 1683 1150 660

265 1186 290 1217 ›‘›
319 1175 379 1221 Et
402 1175 587 1224 totidem
606 1178 721 1226 natis
741 1178 921 1227 Andros
943 1179 1132 1228 fraterna
1155 1178 1294 1245 petita
1319 1189 1396 1226 est.

266 1272 290 1293 »
319 1252 455 1302 Miles
478 1254 628 1312 adest;
653 1268 720 1313 et,
745 1256 793 1303 ni
819 1255 1056 1314 dedantur,
1081 1255 1196 1305 bella
1217 1255 1420 1304 minatur.

266 1351 288 1371 »
314 1330 442 1378 Victa
467 1343 587 1380 metu
610 1334 750 1398 pietas
772 1334 994 1382 consortia
1015 1344 1193 1399 pectora
1217 1351 1357 1400 poenae

267 1427 293 1446 »
319 1405 454 1454 Dedit
473 1427 483 1454 :
503 1420 547 1455 et
570 1420 620 1456 ut
643 1408 798 1456 timido
823 1409 969 1475 possis
990 1409 1214 1472 ignoscere
1240 1407 1390 1465 fratri,

267 1506 291 1526 2>
319 1485 422 1532 Non
441 1486 512 1533 hic
540 1487 726 1544 AEneas3
749 1505 865 1544 non,
893 1487 970 1552 qui
995 1486 1247 1534 defenderet
1268 1485 1456 1533 Andron
1471 1521 1484 1542 ‚

1613 1495 1680 1532 665

267 1581 289 1600 »
319 1561 489 1608 Hector·
511 1573 625 1619 erat,
648 1580 727 1628 per
750 1580 862 1628 quos
889 1561 1104 1609 decimum
1127 1560 1314 1608 durastis
1335 1560 1383 1607 in
1402 1578 1579 1607 annum.

267 1660 290 1680 >³
316 1640 502 1706 Jamque
526 1641 795 1706 parabantur
819 1639 1002 1706 captivis
1023 1638 1166 1687 vincla
1186 1638 1358 1687 lacertis
1377 1657 1390 1686 τ

272 1738 292 1758 n
321 1715 410 1765 Illae
436 1716 638 1767 tollentes
662 1718 900 1767 etiamnum
920 1718 1058 1766 libera
1083 1717 1186 1765 caelo

269 1818 294 1836 ›s¹
318 1794 529 1852 Brachia,
557 1816 580 1838 «
602 1794 771 1843 Bacche
794 1807 943 1861 pater,
965 1795 1034 1843 fer
1053 1813 1206 1860 opem,
1237 1815 1260 1836 ι’
1291 1792 1436 1842 dixere
1455 1812 1466 1841 ε
1490 1791 1679 1860 tulitque

266 1899 477 1944 mevostatis
491 1909 650 1944 evincere
666 1908 754 1943 nihil
771 1908 941 1944 Nasonia-

264 1973 354 1995 num·
371 1974 448 1995 esse*
465 1968 582 1996 censet
601 1960 767 1995 Heinsius
784 1974 793 2001 ;
819 1959 941 1994 suadet

264 2025 348 2057 ergo
365 2015 456 2046 locos
471 2019 506 2046 et
518 2025 618 2056 regna
627 2039 635 2051 ,
650 2012 705 2046 vel
720 2015 793 2046 loci
794 2012 872 2055 jam
888 2024 942 2046 re-

261 2079 330 2109 ¹qma
346 2073 405 2099 aut
418 2073 557 2109 sceptra.
569 2084 612 2091 —
627 2065 747 2099 Codex
762 2065 890 2109 Regius
908 2064 940 2099 Α

259 2133 321 2162 pro
338 2127 434 2162 patre
452 2122 558 2153 locum
578 2126 612 2153 et
629 2131 730 2161 regna
751 2123 909 2152 tenenlem
924 2128 936 2158 ‚·

264 2170 372 2205 codex
387 2171 417 2206 B
428 2197 440 2214 ‚
451 2184 512 2215 pro
526 2177 624 2215 patre
646 2173 738 2204 locus
759 2183 822 2214 quo
841 2183 941 2214 regna

263 2230 392 2258 tenente
402 2251 410 2263 ‚
430 2231 469 2258 ut
483 2230 518 2257 et
530 2223 740 2268 Bernegger.
757 2229 792 2256 et
805 2221 938 2256 Arond.

267 2287 331 2319 pro
347 2274 480 2309 diversa
498 2275 652 2309 lectione.
672 2275 737 2309 Ed.
754 2292 797 2299 —
815 2274 939 2317 Augu-

264 2330 363 2366 rsum,
382 2327 433 2361 vis
448 2326 634 2361 divinandi.
652 2343 696 2352 —·
710 2327 845 2365 Altera,
865 2325 939 2359 alia.

268 2380 426 2419 usarii,
454 2379 569 2422 sexui,
591 2386 626 2413 et
645 2378 697 2413 Vl
715 2404 725 2421 ,
751 2378 838 2418 5803
862 2378 937 2421 IX,

266 2431 348 2473 676:
363 2431 465 2475 vulgo
478 2456 487 2474 ,
505 2437 540 2465 et
550 2430 586 2464 in
600 2430 717 2475 Regiis
727 2429 870 2473 nostris,
887 2429 938 2463 le-

266 2482 359 2526 gitur
373 2484 478 2525 stirpi.
497 2499 542 2507 --
557 2481 615 2515 Ab
631 2481 696 2515 hoc
712 2493 858 2515 munere
873 2479 939 2514 illae

266 2534 364 2567 dictae
380 2540 461 2568 sunt
479 2534 686 2578 OEnotropae
701 2547 708 2573 ;
731 2532 810 2567 vide
822 2533 939 2566 Tzetz.

265 2585 307 2619 ad
324 2585 491 2632 Lycophr.
510 2584 604 2619 Cass.
621 2598 668 2619 vs.
687 2586 770 2629 5703
786 2585 834 2618 H,
852 2584 939 2618 Ste-

265 2639 422 2683 phanum
438 2638 475 2672 in
497 2651 579 2673 voce
596 2633 724 2687 Ᾰνδρσς,
751 2636 808 2671 ubi
834 2643 869 2671 et
895 2636 938 2671 de

265 2687 445 2724 conditore
458 2689 572 2724 Andri
588 2689 687 2724 docte
705 2688 939 2734 agitur.—-Di·-

264 2755 319 2777 arcs
330 2749 403 2777 erat
408 2755 488 2777 usus
497 2746 534 2778 in
543 2745 614 2779 illis
621 2769 629 2785 ‚
643 2743 834 2778 maximum
845 2754 939 2778 emo-

1004 1911 1203 1946 lumentum
1216 1937 1225 1955 ,
1244 1922 1380 1957 magnae
1390 1908 1517 1945 divitiae
1526 1909 1613 1944 mihi
1626 1909 1680 1944 in-

1006 1964 1048 1999 de
1066 1964 1237 1998 redibant.

1047 2016 1121 2050 656.
1146 2016 1302 2049 procella
1318 2041 1326 2055 ,
1352 2021 1393 2049 ut
1417 2020 1593 2058 tempestas
1603 2040 1612 2055 ,
1636 2012 1679 2049 de

1004 2067 1254 2102 calamitatibus
1271 2072 1306 2100 et
1322 2065 1433 2100 turbis
1447 2065 1584 2100 bellicis.

1047 2119 1122 2154 662.
1139 2120 1379 2159 M'dedantur,·
1395 2116 1467 2152 fere
1483 2128 1625 2159 omnes,
1644 2122 1679 2151 et

1003 2170 1110 2204 codex
1120 2170 1250 2214 Regius
1260 2170 1289 2204 B
1299 2195 1308 2212 ,
1320 2169 1679 2203 niteddanturs-Con-

1003 2226 1109 2257 sortia
1122 2228 1260 2266 pectora
1273 2249 1281 2262 ‚
1301 2228 1498 2266 consortes,
1521 2228 1560 2256 ut
1577 2234 1680 2267 supra

1002 2281 1146 2319 cognata
1151 2281 1287 2318 pectora
1297 2287 1360 2320 pro
1372 2301 1381 2318 ,
1399 2281 1564 2320 cognatus
1576 2287 1584 2308 :
1598 2287 1678 2309 con-

1002 2333 1107 2361 sortes
1119 2333 1235 2361 autem
1247 2339 1284 2361 su
1289 2332 1328 2360 nt
1337 2338 1483 2369 sorores,
1493 2332 1532 2360 ut
1542 2338 1677 2360 consors

1003 2382 1142 2422 sanguis
1151 2405 1158 2418 ‚
1177 2379 1348 2412 fraternus
1359 2404 1368 2420 ,
1380 2377 1473 2412 VIII
1485 2402 1494 2420 ,
1508 2378 1570 2420 445
1580 2376 1674 2411 :vide

1004 2431 1046 2466 ad
1062 2432 1113 2466 XI
1124 2458 1133 2475 ,
1147 2433 1219 2475 348.
1238 2431 1330 2465 Ante
1345 2429 1530 2465 Heinsium
1547 2428 1675 2463 edeba-

1003 2490 1062 2517 tur
1077 2486 1245 2517 consorlt‘a
1263 2495 1399 2526 corpora
1418 2479 1434 2527 (
1456 2480 1549 2526 quod
1570 2480 1676 2515 habet

1002 2535 1110 2570 codex
1126 2535 1255 2580 Regius
1269 2535 1299 2568 Β
1313 2534 1325 2576 )
1340 2560 1349 2577 ,
1368 2540 1406 2568 ut
1422 2532 1546 2579 passim
1563 2536 1675 2567 socio-

1002 2599 1072 2620 rum
1082 2586 1478 2629 corpora—Deditnunc
1490 2590 1541 2618 est
1551 2595 1569 2617 a
1580 2584 1674 2616 dedo.

1003 2638 1138 2671 -Mox
1157 2650 1325 2682 perquam
1347 2632 1547 2670 humaniter
1569 2634 1675 2669 addi-

1003 2697 1079 2724 tum
1088 2715 1097 2733 ,
1117 2691 1191 2723 Non
1209 2691 1264 2723 hic
1273 2691 1398 2725 AEneas
1409 2695 1472 2725 etc.
1489 2705 1533 2715 ·-
1545 2688 1680 2722 Duras·

1001 2744 1064 2783 tis,
1087 2740 1269 2777 restitistis.

1612 728 1680 763 655
1746 714 1753 718 “
