<?xml version="1.0" encoding="UTF-8"?>
<!DOCTYPE html PUBLIC "-//W3C//DTD XHTML 1.0 Transitional//EN"
    "http://www.w3.org/TR/xhtml1/DTD/xhtml1-transitional.dtd">
<html xmlns="http://www.w3.org/1999/xhtml" xml:lang="en" lang="en">
 <head>
  <title>
</title>
<meta http-equiv="Content-Type" content="text/html;charset=utf-8" />
  <meta name='ocr-system' content='tesseract 3.04.00' />
  <meta name='ocr-capabilities' content='ocr_page ocr_carea ocr_par ocr_line ocrx_word'/>
</head>
<body>
  <div class='ocr_page' id='page_1' title='image "./quaeextantomniao04oviduoft_0340.png"; bbox 0 0 1820 3106; ppageno 0'>
   <div class='ocr_carea' id='block_1_1' title="bbox 255 287 345 329">
    <p class='ocr_par' dir='ltr' id='par_1_1' title="bbox 255 287 345 329">
     <span class='ocr_line' id='line_1_1' title="bbox 255 287 345 329; baseline 0 0"><span class='ocrx_word' id='word_1_1' title='bbox 255 287 345 329; x_wconf 83' lang='lat'><strong>326</strong></span> 
     </span>
    </p>
   </div>
   <div class='ocr_carea' id='block_1_2' title="bbox 613 287 1275 333">
    <p class='ocr_par' dir='ltr' id='par_1_2' title="bbox 613 287 1275 333">
     <span class='ocr_line' id='line_1_2' title="bbox 613 287 1275 333; baseline 0.002 -2"><span class='ocrx_word' id='word_1_2' title='bbox 613 290 664 331; x_wconf 91' lang='lat' dir='ltr'><strong>P.</strong></span> <span class='ocrx_word' id='word_1_3' title='bbox 711 288 942 333; x_wconf 93' lang='lat' dir='ltr'>OVIDII</span> <span class='ocrx_word' id='word_1_4' title='bbox 982 287 1275 332; x_wconf 89' lang='lat' dir='ltr'><strong>NASONIS</strong></span> 
     </span>
    </p>
   </div>
   <div class='ocr_carea' id='block_1_3' title="bbox 257 379 1442 448">
    <p class='ocr_par' dir='ltr' id='par_1_3' title="bbox 257 379 1442 448">
     <span class='ocr_line' id='line_1_3' title="bbox 257 379 1442 448; baseline 0.003 -21"><span class='ocrx_word' id='word_1_5' title='bbox 257 379 419 442; x_wconf 87' lang='lat' dir='ltr'><strong>Stravit</strong></span> <span class='ocrx_word' id='word_1_6' title='bbox 441 381 564 445; x_wconf 85' lang='lat' dir='ltr'><strong>humi</strong></span> <span class='ocrx_word' id='word_1_7' title='bbox 581 382 753 430; x_wconf 90' lang='lat' dir='ltr'><strong>Belates</strong></span> <span class='ocrx_word' id='word_1_8' title='bbox 769 419 780 439; x_wconf 91' lang='lat'><strong>,</strong></span> <span class='ocrx_word' id='word_1_9' title='bbox 802 381 980 447; x_wconf 79' lang='lat' dir='ltr'><strong>disjecto</strong></span> <span class='ocrx_word' id='word_1_10' title='bbox 1001 382 1048 429; x_wconf 94' lang='lat' dir='ltr'><strong>in</strong></span> <span class='ocrx_word' id='word_1_11' title='bbox 1070 394 1247 448; x_wconf 83' lang='lat' dir='ltr'>pectora</span> <span class='ocrx_word' id='word_1_12' title='bbox 1270 394 1442 440; x_wconf 89' lang='lat' dir='ltr'><strong>mento;</strong></span> 
     </span>
    </p>
   </div>
   <div class='ocr_carea' id='block_1_4' title="bbox 1589 396 1654 431">
    <p class='ocr_par' dir='ltr' id='par_1_4' title="bbox 1589 396 1654 431">
     <span class='ocr_line' id='line_1_4' title="bbox 1589 396 1654 431; baseline 0.015 -1"><span class='ocrx_word' id='word_1_13' title='bbox 1589 396 1654 431; x_wconf 73' lang='lat'><strong>255</strong></span> 
     </span>
    </p>
   </div>
   <div class='ocr_carea' id='block_1_5' title="bbox 253 456 1477 747">
    <p class='ocr_par' dir='ltr' id='par_1_5' title="bbox 253 456 1477 747">
     <span class='ocr_line' id='line_1_5' title="bbox 257 456 1447 525; baseline 0.004 -22"><span class='ocrx_word' id='word_1_14' title='bbox 257 456 457 522; x_wconf 86' lang='lat' dir='ltr'><strong>Cumque</strong></span> <span class='ocrx_word' id='word_1_15' title='bbox 479 469 573 505; x_wconf 90' lang='lat' dir='ltr'><strong>atro</strong></span> <span class='ocrx_word' id='word_1_16' title='bbox 597 458 752 507; x_wconf 91' lang='lat' dir='ltr'><strong>mistos</strong></span> <span class='ocrx_word' id='word_1_17' title='bbox 773 470 1017 525; x_wconf 81' lang='lat' dir='ltr'><strong>sputantem</strong></span> <span class='ocrx_word' id='word_1_18' title='bbox 1041 458 1251 520; x_wconf 86' lang='lat' dir='ltr'><strong>sanguine</strong></span> <span class='ocrx_word' id='word_1_19' title='bbox 1274 457 1447 517; x_wconf 85' lang='lat' dir='ltr'><strong>dentes,</strong></span> 
     </span>
     <span class='ocr_line' id='line_1_6' title="bbox 253 532 1361 598; baseline 0.004 -18"><span class='ocrx_word' id='word_1_20' title='bbox 253 532 443 583; x_wconf 85' lang='lat' dir='ltr'><strong>Vulnere</strong></span> <span class='ocrx_word' id='word_1_21' title='bbox 467 547 671 584; x_wconf 88' lang='lat' dir='ltr'><strong>tartareas</strong></span> <span class='ocrx_word' id='word_1_22' title='bbox 695 536 912 598; x_wconf 81' lang='lat' dir='ltr'><strong>geminato</strong></span> <span class='ocrx_word' id='word_1_23' title='bbox 935 535 1070 583; x_wconf 85' lang='lat' dir='ltr'><strong>mittit</strong></span> <span class='ocrx_word' id='word_1_24' title='bbox 1093 535 1147 582; x_wconf 87' lang='lat' dir='ltr'><strong>ad</strong></span> <span class='ocrx_word' id='word_1_25' title='bbox 1171 536 1361 584; x_wconf 89' lang='lat' dir='ltr'><strong>umbras.</strong></span> 
     </span>
     <span class='ocr_line' id='line_1_7' title="bbox 253 609 1324 678; baseline 0.002 -21"><span class='ocrx_word' id='word_1_26' title='bbox 253 609 487 660; x_wconf 82' lang='lat' dir='ltr'><strong>Proximus</strong></span> <span class='ocrx_word' id='word_1_27' title='bbox 509 623 560 659; x_wconf 91' lang='lat' dir='ltr'><strong>ut</strong></span> <span class='ocrx_word' id='word_1_28' title='bbox 583 623 781 669; x_wconf 84' lang='lat' dir='ltr'><strong>steterat,</strong></span> <span class='ocrx_word' id='word_1_29' title='bbox 809 623 1007 678; x_wconf 89' lang='lat' dir='ltr'><strong>spectans</strong></span> <span class='ocrx_word' id='word_1_30' title='bbox 1031 610 1181 660; x_wconf 85' lang='lat' dir='ltr'><strong>altaria</strong></span> <span class='ocrx_word' id='word_1_31' title='bbox 1201 611 1324 659; x_wconf 87' lang='lat' dir='ltr'><strong>vultu</strong></span> 
     </span>
     <span class='ocr_line' id='line_1_8' title="bbox 253 687 1477 747; baseline 0.003 -12"><span class='ocrx_word' id='word_1_32' title='bbox 253 687 437 735; x_wconf 84' lang='lat' dir='ltr'><strong>Fumida</strong></span> <span class='ocrx_word' id='word_1_33' title='bbox 462 688 644 736; x_wconf 85' lang='lat' dir='ltr'>terribili</span> <span class='ocrx_word' id='word_1_34' title='bbox 666 708 675 736; x_wconf 91' lang='lat'>:</span> <span class='ocrx_word' id='word_1_35' title='bbox 702 712 724 731; x_wconf 76' lang='grc' dir='ltr'><strong>κ</strong></span> <span class='ocrx_word' id='word_1_36' title='bbox 747 690 839 737; x_wconf 91' lang='lat' dir='ltr'><strong>Cur</strong></span> <span class='ocrx_word' id='word_1_37' title='bbox 860 708 948 736; x_wconf 89' lang='lat' dir='ltr'><strong>non</strong></span> <span class='ocrx_word' id='word_1_38' title='bbox 965 727 976 746; x_wconf 94' lang='lat'><strong>,</strong></span> <span class='ocrx_word' id='word_1_39' title='bbox 1001 688 1090 747; x_wconf 91' lang='lat' dir='ltr'><strong>ait,</strong></span> <span class='ocrx_word' id='word_1_40' title='bbox 1114 689 1279 739; x_wconf 85' lang='lat' dir='ltr'><strong>utimur</strong></span> <span class='ocrx_word' id='word_1_41' title='bbox 1298 690 1428 738; x_wconf 84' lang='lat' dir='ltr'><strong>istis?</strong></span> <span class='ocrx_word' id='word_1_42' title='bbox 1454 712 1477 733; x_wconf 92' lang='lat'>»</span> 
     </span>
    </p>
   </div>
   <div class='ocr_carea' id='block_1_6' title="bbox 257 764 1384 832">
    <p class='ocr_par' dir='ltr' id='par_1_6' title="bbox 257 764 1384 832">
     <span class='ocr_line' id='line_1_9' title="bbox 257 764 1384 832; baseline 0 -20"><span class='ocrx_word' id='word_1_43' title='bbox 257 765 457 830; x_wconf 87' lang='lat' dir='ltr'><strong>Cumque</strong></span> <span class='ocrx_word' id='word_1_44' title='bbox 482 765 571 813; x_wconf 89' lang='lat' dir='ltr'><strong>suis</strong></span> <span class='ocrx_word' id='word_1_45' title='bbox 598 765 796 832; x_wconf 87' lang='lat' dir='ltr'><strong>Gryneus</strong></span> <span class='ocrx_word' id='word_1_46' title='bbox 821 766 1049 813; x_wconf 88' lang='lat' dir='ltr'><strong>immanem</strong></span> <span class='ocrx_word' id='word_1_47' title='bbox 1073 764 1251 813; x_wconf 87' lang='lat' dir='ltr'><strong>sustulit</strong></span> <span class='ocrx_word' id='word_1_48' title='bbox 1267 783 1384 813; x_wconf 89' lang='lat' dir='ltr'><strong>aram</strong></span> 
     </span>
    </p>
   </div>
   <div class='ocr_carea' id='block_1_7' title="bbox 1592 781 1657 815">
    <p class='ocr_par' dir='ltr' id='par_1_7' title="bbox 1592 781 1657 815">
     <span class='ocr_line' id='line_1_10' title="bbox 1592 781 1657 815; baseline -0.031 0"><span class='ocrx_word' id='word_1_49' title='bbox 1592 781 1657 815; x_wconf 81' lang='lat'><strong>260</strong></span> 
     </span>
    </p>
   </div>
   <div class='ocr_carea' id='block_1_8' title="bbox 254 839 1438 1134">
    <p class='ocr_par' dir='ltr' id='par_1_8' title="bbox 254 839 1438 1134">
     <span class='ocr_line' id='line_1_11' title="bbox 255 839 1438 906; baseline 0.002 -19"><span class='ocrx_word' id='word_1_50' title='bbox 255 840 440 902; x_wconf 84' lang='lat' dir='ltr'><strong>Ignibus</strong></span> <span class='ocrx_word' id='word_1_51' title='bbox 454 877 466 897; x_wconf 89' lang='lat'><strong>,</strong></span> <span class='ocrx_word' id='word_1_52' title='bbox 490 853 532 888; x_wconf 93' lang='lat' dir='ltr'><strong>et</strong></span> <span class='ocrx_word' id='word_1_53' title='bbox 554 841 745 888; x_wconf 89' lang='lat' dir='ltr'><strong>medium</strong></span> <span class='ocrx_word' id='word_1_54' title='bbox 767 839 1052 906; x_wconf 85' lang='lat' dir='ltr'><strong>Lapitharum</strong></span> <span class='ocrx_word' id='word_1_55' title='bbox 1069 841 1172 904; x_wconf 86' lang='lat' dir='ltr'><strong>jecit</strong></span> <span class='ocrx_word' id='word_1_56' title='bbox 1195 841 1240 887; x_wconf 89' lang='lat' dir='ltr'><strong>in</strong></span> <span class='ocrx_word' id='word_1_57' title='bbox 1262 860 1438 903; x_wconf 87' lang='lat' dir='ltr'><strong>agmen,</strong></span> 
     </span>
     <span class='ocr_line' id='line_1_12' title="bbox 254 915 1319 981; baseline 0.002 -19"><span class='ocrx_word' id='word_1_58' title='bbox 254 915 566 981; x_wconf 87' lang='lat' dir='ltr'><strong>Depressitque</strong></span> <span class='ocrx_word' id='word_1_59' title='bbox 592 916 701 964; x_wconf 89' lang='lat' dir='ltr'><strong>duos</strong></span> <span class='ocrx_word' id='word_1_60' title='bbox 723 916 914 963; x_wconf 87' lang='lat' dir='ltr'><strong>Brotean</strong></span> <span class='ocrx_word' id='word_1_61' title='bbox 938 928 981 964; x_wconf 89' lang='lat' dir='ltr'><strong>et</strong></span> <span class='ocrx_word' id='word_1_62' title='bbox 1006 917 1149 964; x_wconf 89' lang='lat' dir='ltr'><strong>Orion</strong></span> <span class='ocrx_word' id='word_1_63' title='bbox 1170 936 1180 964; x_wconf 77' lang='lat' dir='ltr'><strong>t</strong></span> <span class='ocrx_word' id='word_1_64' title='bbox 1200 918 1319 966; x_wconf 74' lang='lat' dir='ltr'><strong>Orio·</strong></span> 
     </span>
     <span class='ocr_line' id='line_1_13' title="bbox 254 991 1354 1058; baseline 0.004 -20"><span class='ocrx_word' id='word_1_65' title='bbox 254 992 398 1039; x_wconf 86' lang='lat' dir='ltr'><strong>Mater</strong></span> <span class='ocrx_word' id='word_1_66' title='bbox 422 1004 511 1039; x_wconf 89' lang='lat' dir='ltr'><strong>erat</strong></span> <span class='ocrx_word' id='word_1_67' title='bbox 534 991 728 1057; x_wconf 86' lang='lat' dir='ltr'><strong>Mycale,</strong></span> <span class='ocrx_word' id='word_1_68' title='bbox 757 1008 886 1058; x_wconf 92' lang='lat' dir='ltr'><strong>quam</strong></span> <span class='ocrx_word' id='word_1_69' title='bbox 908 992 1137 1040; x_wconf 78' lang='lat' dir='ltr'><strong>deduxisse</strong></span> <span class='ocrx_word' id='word_1_70' title='bbox 1161 993 1354 1042; x_wconf 88' lang='lat' dir='ltr'><strong>canendo</strong></span> 
     </span>
     <span class='ocr_line' id='line_1_14' title="bbox 256 1068 1205 1134; baseline 0.002 -18"><span class='ocrx_word' id='word_1_71' title='bbox 256 1068 379 1134; x_wconf 80' lang='lat' dir='ltr'><strong>Saepe</strong></span> <span class='ocrx_word' id='word_1_72' title='bbox 399 1068 627 1116; x_wconf 83' lang='lat' dir='ltr'><strong>reluctanti</strong></span> <span class='ocrx_word' id='word_1_73' title='bbox 649 1069 872 1118; x_wconf 87' lang='lat' dir='ltr'><strong>constabat</strong></span> <span class='ocrx_word' id='word_1_74' title='bbox 896 1088 1057 1117; x_wconf 89' lang='lat' dir='ltr'><strong>cornua</strong></span> <span class='ocrx_word' id='word_1_75' title='bbox 1079 1068 1205 1118; x_wconf 85' lang='lat' dir='ltr'><strong>lunae.</strong></span> 
     </span>
    </p>
   </div>
   <div class='ocr_carea' id='block_1_9' title="bbox 262 1146 1404 1214">
    <p class='ocr_par' dir='ltr' id='par_1_9' title="bbox 262 1146 1404 1214">
     <span class='ocr_line' id='line_1_15' title="bbox 262 1146 1404 1214; baseline -0.001 -19"><span class='ocrx_word' id='word_1_76' title='bbox 262 1168 285 1189; x_wconf 91' lang='lat'>«</span> <span class='ocrx_word' id='word_1_77' title='bbox 311 1148 415 1195; x_wconf 89' lang='lat' dir='ltr'><strong>Non</strong></span> <span class='ocrx_word' id='word_1_78' title='bbox 438 1147 614 1213; x_wconf 87' lang='lat' dir='ltr'><strong>impune</strong></span> <span class='ocrx_word' id='word_1_79' title='bbox 637 1146 773 1204; x_wconf 86' lang='lat' dir='ltr'><strong>feres,</strong></span> <span class='ocrx_word' id='word_1_80' title='bbox 800 1146 874 1194; x_wconf 88' lang='lat' dir='ltr'><strong>teli</strong></span> <span class='ocrx_word' id='word_1_81' title='bbox 898 1147 1030 1195; x_wconf 88' lang='lat' dir='ltr'><strong>modo</strong></span> <span class='ocrx_word' id='word_1_82' title='bbox 1057 1147 1183 1214; x_wconf 88' lang='lat' dir='ltr'><strong>copia</strong></span> <span class='ocrx_word' id='word_1_83' title='bbox 1207 1146 1356 1205; x_wconf 84' lang='lat' dir='ltr'><strong>detur,</strong></span> <span class='ocrx_word' id='word_1_84' title='bbox 1381 1168 1404 1190; x_wconf 67' lang='grc' dir='ltr'><strong>»ι</strong></span> 
     </span>
    </p>
   </div>
   <div class='ocr_carea' id='block_1_10' title="bbox 255 1277 934 2358">
    <p class='ocr_par' dir='ltr' id='par_1_10' title="bbox 255 1277 934 2358">
     <span class='ocr_line' id='line_1_16' title="bbox 255 1277 927 1319; baseline 0.003 -8"><span class='ocrx_word' id='word_1_85' title='bbox 255 1278 300 1312; x_wconf 84' lang='lat' dir='ltr'><strong>sit</strong></span> <span class='ocrx_word' id='word_1_86' title='bbox 316 1277 449 1312; x_wconf 85' lang='lat' dir='ltr'><strong>dubitat</strong></span> <span class='ocrx_word' id='word_1_87' title='bbox 470 1277 686 1319; x_wconf 76' lang='lat' dir='ltr'><strong>Glareanus3</strong></span> <span class='ocrx_word' id='word_1_88' title='bbox 708 1278 781 1312; x_wconf 89' lang='lat' dir='ltr'><strong>sine</strong></span> <span class='ocrx_word' id='word_1_89' title='bbox 804 1291 927 1313; x_wconf 86' lang='lat' dir='ltr'><strong>causa:</strong></span> 
     </span>
     <span class='ocr_line' id='line_1_17' title="bbox 256 1331 927 1377; baseline 0 -13"><span class='ocrx_word' id='word_1_90' title='bbox 256 1333 358 1371; x_wconf 83' lang='lat' dir='ltr'><strong>hunc,</strong></span> <span class='ocrx_word' id='word_1_91' title='bbox 379 1331 562 1377; x_wconf 86' lang='lat' dir='ltr'><strong>Amycum.</strong></span> <span class='ocrx_word' id='word_1_92' title='bbox 574 1333 766 1365; x_wconf 83' lang='lat' dir='ltr'><strong>—Pellaeus</strong></span> <span class='ocrx_word' id='word_1_93' title='bbox 781 1332 927 1365; x_wconf 81' lang='lat' dir='ltr'><strong>Belates.</strong></span> 
     </span>
     <span class='ocr_line' id='line_1_18' title="bbox 258 1382 925 1424; baseline -0.001 -7"><span class='ocrx_word' id='word_1_94' title='bbox 258 1382 353 1417; x_wconf 82' lang='lat' dir='ltr'><strong>Pella</strong></span> <span class='ocrx_word' id='word_1_95' title='bbox 363 1396 494 1417; x_wconf 87' lang='lat' dir='ltr'><strong>nomen</strong></span> <span class='ocrx_word' id='word_1_96' title='bbox 507 1389 557 1417; x_wconf 87' lang='lat' dir='ltr'><strong>est</strong></span> <span class='ocrx_word' id='word_1_97' title='bbox 568 1382 757 1417; x_wconf 89' lang='lat' dir='ltr'><strong>multarum</strong></span> <span class='ocrx_word' id='word_1_98' title='bbox 768 1383 905 1416; x_wconf 89' lang='lat' dir='ltr'><strong>urbium</strong></span> <span class='ocrx_word' id='word_1_99' title='bbox 917 1396 925 1424; x_wconf 91' lang='grc'>;</span> 
     </span>
     <span class='ocr_line' id='line_1_19' title="bbox 258 1434 928 1476; baseline -0.001 -8"><span class='ocrx_word' id='word_1_100' title='bbox 258 1447 340 1468; x_wconf 91' lang='lat' dir='ltr'><strong>nam</strong></span> <span class='ocrx_word' id='word_1_101' title='bbox 361 1441 396 1468; x_wconf 88' lang='lat' dir='ltr'><strong>et</strong></span> <span class='ocrx_word' id='word_1_102' title='bbox 411 1435 448 1468; x_wconf 88' lang='lat' dir='ltr'><strong>in</strong></span> <span class='ocrx_word' id='word_1_103' title='bbox 464 1434 670 1468; x_wconf 82' lang='lat' dir='ltr'><strong>Macedonia</strong></span> <span class='ocrx_word' id='word_1_104' title='bbox 682 1459 691 1476; x_wconf 91' lang='lat'><strong>,</strong></span> <span class='ocrx_word' id='word_1_105' title='bbox 710 1441 743 1468; x_wconf 87' lang='lat' dir='ltr'><strong>et</strong></span> <span class='ocrx_word' id='word_1_106' title='bbox 760 1434 793 1467; x_wconf 90' lang='lat' dir='ltr'><strong>in</strong></span> <span class='ocrx_word' id='word_1_107' title='bbox 808 1434 928 1468; x_wconf 83' lang='lat' dir='ltr'><strong>Thes—</strong></span> 
     </span>
     <span class='ocr_line' id='line_1_20' title="bbox 259 1485 929 1531; baseline -0.001 -11"><span class='ocrx_word' id='word_1_108' title='bbox 259 1485 359 1528; x_wconf 87' lang='lat' dir='ltr'><strong>salia,</strong></span> <span class='ocrx_word' id='word_1_109' title='bbox 383 1486 467 1520; x_wconf 81' lang='lat' dir='ltr'><strong>etin</strong></span> <span class='ocrx_word' id='word_1_110' title='bbox 486 1486 612 1520; x_wconf 85' lang='lat' dir='ltr'><strong>Achaia</strong></span> <span class='ocrx_word' id='word_1_111' title='bbox 626 1512 635 1528; x_wconf 95' lang='lat'><strong>,</strong></span> <span class='ocrx_word' id='word_1_112' title='bbox 656 1486 740 1519; x_wconf 81' lang='lat' dir='ltr'><strong>etin</strong></span> <span class='ocrx_word' id='word_1_113' title='bbox 760 1486 859 1531; x_wconf 90' lang='lat' dir='ltr'><strong>Syria</strong></span> <span class='ocrx_word' id='word_1_114' title='bbox 878 1491 929 1519; x_wconf 88' lang='lat' dir='ltr'><strong>est</strong></span> 
     </span>
     <span class='ocr_line' id='line_1_21' title="bbox 260 1536 927 1580; baseline -0.003 -8"><span class='ocrx_word' id='word_1_115' title='bbox 260 1537 374 1580; x_wconf 85' lang='lat' dir='ltr'><strong>Pella,</strong></span> <span class='ocrx_word' id='word_1_116' title='bbox 395 1536 488 1571; x_wconf 90' lang='lat' dir='ltr'><strong>unde</strong></span> <span class='ocrx_word' id='word_1_117' title='bbox 507 1538 649 1571; x_wconf 84' lang='lat' dir='ltr'><strong>Pelloeus</strong></span> <span class='ocrx_word' id='word_1_118' title='bbox 664 1537 848 1571; x_wconf 87' lang='lat' dir='ltr'><strong>derivatur.</strong></span> <span class='ocrx_word' id='word_1_119' title='bbox 863 1538 927 1570; x_wconf 89' lang='lat' dir='ltr'><strong>Ed.</strong></span> 
     </span>
     <span class='ocr_line' id='line_1_22' title="bbox 260 1587 928 1633; baseline -0.001 -11"><span class='ocrx_word' id='word_1_120' title='bbox 260 1588 457 1633; x_wconf 63' lang='lat' dir='ltr'><strong>—Dtlclieclo</strong></span> <span class='ocrx_word' id='word_1_121' title='bbox 471 1588 545 1633; x_wconf 90' lang='lat' dir='ltr'><strong>plus</strong></span> <span class='ocrx_word' id='word_1_122' title='bbox 562 1595 613 1622; x_wconf 87' lang='lat' dir='ltr'><strong>est</strong></span> <span class='ocrx_word' id='word_1_123' title='bbox 629 1601 733 1632; x_wconf 89' lang='lat' dir='ltr'><strong>quam</strong></span> <span class='ocrx_word' id='word_1_124' title='bbox 751 1587 928 1633; x_wconf 86' lang='lat' dir='ltr'><strong>vulgatum</strong></span> 
     </span>
     <span class='ocr_line' id='line_1_23' title="bbox 261 1639 929 1685; baseline -0.001 -11"><span class='ocrx_word' id='word_1_125' title='bbox 261 1641 388 1685; x_wconf 60' lang='lat' dir='ltr'><strong>deficio</strong></span> <span class='ocrx_word' id='word_1_126' title='bbox 401 1666 409 1680; x_wconf 87' lang='lat'><strong>,</strong></span> <span class='ocrx_word' id='word_1_127' title='bbox 433 1640 526 1685; x_wconf 89' lang='lat' dir='ltr'><strong>quod</strong></span> <span class='ocrx_word' id='word_1_128' title='bbox 549 1641 719 1675; x_wconf 84' lang='lat' dir='ltr'><strong>revocavit</strong></span> <span class='ocrx_word' id='word_1_129' title='bbox 740 1639 929 1674; x_wconf 88' lang='lat' dir='ltr'><strong>Mitscherl.</strong></span> 
     </span>
     <span class='ocr_line' id='line_1_24' title="bbox 262 1690 927 1736; baseline -0.005 -9"><span class='ocrx_word' id='word_1_130' title='bbox 262 1699 298 1727; x_wconf 87' lang='lat' dir='ltr'><strong>et</strong></span> <span class='ocrx_word' id='word_1_131' title='bbox 314 1690 407 1736; x_wconf 90' lang='lat' dir='ltr'><strong>quod</strong></span> <span class='ocrx_word' id='word_1_132' title='bbox 423 1690 552 1725; x_wconf 91' lang='lat' dir='ltr'><strong>habent</strong></span> <span class='ocrx_word' id='word_1_133' title='bbox 575 1691 674 1736; x_wconf 83' lang='lat' dir='ltr'><strong>Regii</strong></span> <span class='ocrx_word' id='word_1_134' title='bbox 691 1692 820 1732; x_wconf 86' lang='lat' dir='ltr'><strong>nostri;</strong></span> <span class='ocrx_word' id='word_1_135' title='bbox 844 1690 927 1724; x_wconf 88' lang='lat' dir='ltr'><strong>illud</strong></span> 
     </span>
     <span class='ocr_line' id='line_1_25' title="bbox 263 1742 931 1786; baseline -0.003 -8"><span class='ocrx_word' id='word_1_136' title='bbox 263 1743 359 1778; x_wconf 86' lang='lat' dir='ltr'><strong>enim</strong></span> <span class='ocrx_word' id='word_1_137' title='bbox 378 1742 506 1777; x_wconf 86' lang='lat' dir='ltr'><strong>indicat</strong></span> <span class='ocrx_word' id='word_1_138' title='bbox 520 1769 530 1786; x_wconf 90' lang='lat'><strong>,</strong></span> <span class='ocrx_word' id='word_1_139' title='bbox 556 1742 742 1778; x_wconf 79' lang='lat' dir='ltr'><strong>laceratum</strong></span> <span class='ocrx_word' id='word_1_140' title='bbox 771 1749 931 1777; x_wconf 86' lang='lat' dir='ltr'><strong>mentum</strong></span> 
     </span>
     <span class='ocr_line' id='line_1_26' title="bbox 263 1794 930 1840; baseline -0.004 -11"><span class='ocrx_word' id='word_1_141' title='bbox 263 1802 299 1830; x_wconf 85' lang='lat' dir='ltr'><strong>et</strong></span> <span class='ocrx_word' id='word_1_142' title='bbox 320 1795 356 1829; x_wconf 88' lang='lat' dir='ltr'><strong>in</strong></span> <span class='ocrx_word' id='word_1_143' title='bbox 374 1802 491 1840; x_wconf 87' lang='lat' dir='ltr'><strong>pectus</strong></span> <span class='ocrx_word' id='word_1_144' title='bbox 508 1794 692 1839; x_wconf 82' lang='lat' dir='ltr'><strong>dejectum.</strong></span> <span class='ocrx_word' id='word_1_145' title='bbox 719 1794 775 1829; x_wconf 90' lang='lat' dir='ltr'><strong>Sic</strong></span> <span class='ocrx_word' id='word_1_146' title='bbox 791 1800 826 1828; x_wconf 88' lang='lat' dir='ltr'><strong>et</strong></span> <span class='ocrx_word' id='word_1_147' title='bbox 843 1806 930 1827; x_wconf 83' lang='lat' dir='ltr'><strong>vers.</strong></span> 
     </span>
     <span class='ocr_line' id='line_1_27' title="bbox 264 1846 930 1892; baseline -0.003 -10"><span class='ocrx_word' id='word_1_148' title='bbox 264 1848 338 1883; x_wconf 75' lang='lat'><strong>566.</strong></span> <span class='ocrx_word' id='word_1_149' title='bbox 350 1867 391 1873; x_wconf 89' lang='lat'><strong>--</strong></span> <span class='ocrx_word' id='word_1_150' title='bbox 410 1849 551 1892; x_wconf 80' lang='lat' dir='ltr'><strong>Cumque</strong></span> <span class='ocrx_word' id='word_1_151' title='bbox 565 1853 637 1881; x_wconf 83' lang='lat' dir='ltr'><strong>atro</strong></span> <span class='ocrx_word' id='word_1_152' title='bbox 647 1854 710 1882; x_wconf 87' lang='lat' dir='ltr'><strong>etc.</strong></span> <span class='ocrx_word' id='word_1_153' title='bbox 725 1860 743 1882; x_wconf 92' lang='lat' dir='ltr'><strong>e</strong></span> <span class='ocrx_word' id='word_1_154' title='bbox 761 1846 909 1892; x_wconf 80' lang='lat' dir='ltr'><strong>Virgilio</strong></span> <span class='ocrx_word' id='word_1_155' title='bbox 921 1872 930 1889; x_wconf 93' lang='lat'><strong>,</strong></span> 
     </span>
     <span class='ocr_line' id='line_1_28' title="bbox 264 1902 933 1948; baseline 0 -14"><span class='ocrx_word' id='word_1_156' title='bbox 264 1903 298 1934; x_wconf 89' lang='lat' dir='ltr'>V</span> <span class='ocrx_word' id='word_1_157' title='bbox 311 1928 320 1945; x_wconf 90' lang='lat'>‚</span> <span class='ocrx_word' id='word_1_158' title='bbox 346 1902 411 1948; x_wconf 75' lang='grc'><strong>469</strong></span> <span class='ocrx_word' id='word_1_159' title='bbox 430 1915 438 1936; x_wconf 87' lang='lat'><strong>:</strong></span> <span class='ocrx_word' id='word_1_160' title='bbox 461 1914 673 1946; x_wconf 78' lang='lat' dir='ltr'><strong>crassumque</strong></span> <span class='ocrx_word' id='word_1_161' title='bbox 697 1914 840 1935; x_wconf 81' lang='lat' dir='ltr'><strong>cruorem</strong></span> <span class='ocrx_word' id='word_1_162' title='bbox 868 1902 933 1935; x_wconf 80' lang='lat' dir='ltr'><strong>Ore</strong></span> 
     </span>
     <span class='ocr_line' id='line_1_29' title="bbox 262 1954 934 1997; baseline -0.001 -10"><span class='ocrx_word' id='word_1_163' title='bbox 262 1954 456 1997; x_wconf 72' lang='lat' dir='ltr'><strong>ejectaretem</strong></span> <span class='ocrx_word' id='word_1_164' title='bbox 473 1980 482 1993; x_wconf 90' lang='lat'><strong>,</strong></span> <span class='ocrx_word' id='word_1_165' title='bbox 512 1956 688 1997; x_wconf 59' lang='lat' dir='ltr'><strong>mittasque</strong></span> <span class='ocrx_word' id='word_1_166' title='bbox 711 1956 746 1986; x_wconf 83' lang='lat' dir='ltr'><strong>in</strong></span> <span class='ocrx_word' id='word_1_167' title='bbox 773 1955 934 1996; x_wconf 74' lang='lat' dir='ltr'><strong>sanguine</strong></span> 
     </span>
     <span class='ocr_line' id='line_1_30' title="bbox 264 2004 932 2048; baseline -0.001 -10"><span class='ocrx_word' id='word_1_168' title='bbox 264 2008 389 2039; x_wconf 80' lang='lat' dir='ltr'><strong>dentes.</strong></span> <span class='ocrx_word' id='word_1_169' title='bbox 411 2005 490 2039; x_wconf 84' lang='lat' dir='ltr'><strong>Hoc</strong></span> <span class='ocrx_word' id='word_1_170' title='bbox 505 2004 579 2039; x_wconf 89' lang='lat' dir='ltr'><strong>loco</strong></span> <span class='ocrx_word' id='word_1_171' title='bbox 602 2006 789 2048; x_wconf 78' lang='lat' dir='ltr'><strong>Spatantem</strong></span> <span class='ocrx_word' id='word_1_172' title='bbox 810 2004 852 2038; x_wconf 89' lang='lat' dir='ltr'><strong>de</strong></span> <span class='ocrx_word' id='word_1_173' title='bbox 869 2015 932 2037; x_wconf 92' lang='lat' dir='ltr'><strong>suo</strong></span> 
     </span>
     <span class='ocr_line' id='line_1_31' title="bbox 265 2053 933 2089; baseline -0.001 -1"><span class='ocrx_word' id='word_1_174' title='bbox 265 2054 361 2088; x_wconf 88' lang='lat' dir='ltr'><strong>dedit</strong></span> <span class='ocrx_word' id='word_1_175' title='bbox 384 2054 548 2089; x_wconf 89' lang='lat' dir='ltr'><strong>Heinsius</strong></span> <span class='ocrx_word' id='word_1_176' title='bbox 569 2067 577 2088; x_wconf 91' lang='lat'><strong>:</strong></span> <span class='ocrx_word' id='word_1_177' title='bbox 599 2055 693 2089; x_wconf 91' lang='lat' dir='ltr'><strong>MSS</strong></span> <span class='ocrx_word' id='word_1_178' title='bbox 720 2067 841 2088; x_wconf 87' lang='lat' dir='ltr'><strong>omnes</strong></span> <span class='ocrx_word' id='word_1_179' title='bbox 862 2053 933 2087; x_wconf 81' lang='lat' dir='ltr'><strong>ha-</strong></span> 
     </span>
     <span class='ocr_line' id='line_1_32' title="bbox 264 2103 925 2148; baseline 0 -9"><span class='ocrx_word' id='word_1_180' title='bbox 264 2103 351 2139; x_wconf 85' lang='lat' dir='ltr'><strong>bent</strong></span> <span class='ocrx_word' id='word_1_181' title='bbox 376 2113 580 2148; x_wconf 81' lang='lat' dir='ltr'><strong>spumantem</strong></span> <span class='ocrx_word' id='word_1_182' title='bbox 604 2118 614 2138; x_wconf 75' lang='lat' dir='ltr'><strong>t</strong></span> <span class='ocrx_word' id='word_1_183' title='bbox 635 2106 693 2139; x_wconf 88' lang='lat' dir='ltr'><strong>sed</strong></span> <span class='ocrx_word' id='word_1_184' title='bbox 720 2112 754 2139; x_wconf 86' lang='lat' dir='ltr'><strong>et</strong></span> <span class='ocrx_word' id='word_1_185' title='bbox 774 2112 925 2148; x_wconf 80' lang='lat' dir='ltr'><strong>sputare.</strong></span> 
     </span>
     <span class='ocr_line' id='line_1_33' title="bbox 265 2156 929 2200; baseline -0.003 -9"><span class='ocrx_word' id='word_1_186' title='bbox 265 2159 438 2200; x_wconf 81' lang='lat' dir='ltr'><strong>despulare</strong></span> <span class='ocrx_word' id='word_1_187' title='bbox 447 2183 455 2192; x_wconf 82' lang='lat'><strong>.</strong></span> <span class='ocrx_word' id='word_1_188' title='bbox 472 2169 610 2200; x_wconf 77' lang='lat' dir='ltr'><strong>expuere</strong></span> <span class='ocrx_word' id='word_1_189' title='bbox 619 2157 740 2190; x_wconf 87' lang='lat' dir='ltr'><strong>usitata</strong></span> <span class='ocrx_word' id='word_1_190' title='bbox 750 2157 786 2190; x_wconf 86' lang='lat' dir='ltr'><strong>in</strong></span> <span class='ocrx_word' id='word_1_191' title='bbox 799 2156 861 2190; x_wconf 90' lang='lat' dir='ltr'><strong>hac</strong></span> <span class='ocrx_word' id='word_1_192' title='bbox 874 2169 929 2198; x_wconf 84' lang='lat' dir='ltr'><strong>re,</strong></span> 
     </span>
     <span class='ocr_line' id='line_1_34' title="bbox 267 2207 934 2242; baseline -0.003 0"><span class='ocrx_word' id='word_1_193' title='bbox 267 2207 344 2242; x_wconf 87' lang='lat' dir='ltr'><strong>vide</strong></span> <span class='ocrx_word' id='word_1_194' title='bbox 364 2208 549 2242; x_wconf 87' lang='lat' dir='ltr'><strong>Heinsium</strong></span> <span class='ocrx_word' id='word_1_195' title='bbox 566 2207 607 2241; x_wconf 86' lang='lat' dir='ltr'><strong>ad</strong></span> <span class='ocrx_word' id='word_1_196' title='bbox 625 2207 657 2241; x_wconf 91' lang='lat' dir='ltr'><strong>h.</strong></span> <span class='ocrx_word' id='word_1_197' title='bbox 673 2207 693 2242; x_wconf 90' lang='lat' dir='ltr'><strong>l.</strong></span> <span class='ocrx_word' id='word_1_198' title='bbox 711 2214 746 2242; x_wconf 82' lang='lat' dir='ltr'><strong>et</strong></span> <span class='ocrx_word' id='word_1_199' title='bbox 764 2207 934 2242; x_wconf 82' lang='lat' dir='ltr'><strong>Brouku—</strong></span> 
     </span>
     <span class='ocr_line' id='line_1_35' title="bbox 267 2259 933 2305; baseline -0.002 -11"><span class='ocrx_word' id='word_1_200' title='bbox 267 2261 356 2294; x_wconf 91' lang='lat' dir='ltr'><strong>sium</strong></span> <span class='ocrx_word' id='word_1_201' title='bbox 370 2260 411 2293; x_wconf 90' lang='lat' dir='ltr'><strong>ad</strong></span> <span class='ocrx_word' id='word_1_202' title='bbox 428 2261 586 2305; x_wconf 88' lang='lat' dir='ltr'><strong>Propert.</strong></span> <span class='ocrx_word' id='word_1_203' title='bbox 598 2261 651 2295; x_wconf 90' lang='lat' dir='ltr'><strong>IV</strong></span> <span class='ocrx_word' id='word_1_204' title='bbox 664 2286 673 2302; x_wconf 88' lang='lat'><strong>,</strong></span> <span class='ocrx_word' id='word_1_205' title='bbox 689 2271 731 2302; x_wconf 89' lang='lat' dir='ltr'><strong>v,</strong></span> <span class='ocrx_word' id='word_1_206' title='bbox 746 2260 798 2304; x_wconf 82' lang='lat'><strong>67.</strong></span> <span class='ocrx_word' id='word_1_207' title='bbox 818 2259 933 2293; x_wconf 89' lang='lat' dir='ltr'><strong>Etiam</strong></span> 
     </span>
     <span class='ocr_line' id='line_1_36' title="bbox 270 2312 934 2358; baseline 0 -13"><span class='ocrx_word' id='word_1_208' title='bbox 270 2313 471 2355; x_wconf 86' lang='lat' dir='ltr'><strong>Homerus,</strong></span> <span class='ocrx_word' id='word_1_209' title='bbox 497 2312 537 2346; x_wconf 87' lang='lat' dir='ltr'><strong>ll.</strong></span> <span class='ocrx_word' id='word_1_210' title='bbox 560 2318 610 2354; x_wconf 79' lang='grc' dir='ltr'><strong>Ψ,</strong></span> <span class='ocrx_word' id='word_1_211' title='bbox 637 2312 701 2358; x_wconf 81' lang='grc'><strong>696</strong></span> <span class='ocrx_word' id='word_1_212' title='bbox 716 2338 725 2354; x_wconf 89' lang='grc'>,</span> <span class='ocrx_word' id='word_1_213' title='bbox 749 2313 827 2354; x_wconf 79' lang='grc' dir='ltr'><em>αἷμα</em></span> <span class='ocrx_word' id='word_1_214' title='bbox 851 2315 934 2355; x_wconf 80' lang='grc' dir='ltr'><strong><em>παχὺ</em></strong></span> 
     </span>
    </p>
   </div>
   <div class='ocr_carea' id='block_1_11' title="bbox 268 2362 945 2410">
    <p class='ocr_par' dir='ltr' id='par_1_11' title="bbox 268 2362 945 2410">
     <span class='ocr_line' id='line_1_37' title="bbox 268 2362 945 2410; baseline -0.004 -12"><span class='ocrx_word' id='word_1_215' title='bbox 268 2367 405 2399; x_wconf 74' lang='grc' dir='ltr'><strong>πτύοντα.</strong></span> <span class='ocrx_word' id='word_1_216' title='bbox 421 2382 463 2388; x_wconf 90' lang='lat'><strong>-—</strong></span> <span class='ocrx_word' id='word_1_217' title='bbox 479 2364 577 2408; x_wconf 88' lang='lat' dir='ltr'><strong>Regii</strong></span> <span class='ocrx_word' id='word_1_218' title='bbox 595 2363 702 2397; x_wconf 79' lang='lat' dir='ltr'><strong>nostri</strong></span> <span class='ocrx_word' id='word_1_219' title='bbox 719 2362 850 2396; x_wconf 89' lang='lat' dir='ltr'><strong>codices</strong></span> <span class='ocrx_word' id='word_1_220' title='bbox 866 2362 945 2410; x_wconf 52' lang='lat' dir='ltr'><strong>ha·-</strong></span> 
     </span>
    </p>
   </div>
   <div class='ocr_carea' id='block_1_12' title="bbox 267 2413 935 2821">
    <p class='ocr_par' dir='ltr' id='par_1_12' title="bbox 267 2413 935 2821">
     <span class='ocr_line' id='line_1_38' title="bbox 267 2413 934 2458; baseline -0.001 -10"><span class='ocrx_word' id='word_1_221' title='bbox 267 2415 354 2449; x_wconf 82' lang='lat' dir='ltr'><strong>bent</strong></span> <span class='ocrx_word' id='word_1_222' title='bbox 372 2423 573 2458; x_wconf 76' lang='lat' dir='ltr'><strong>spumantem</strong></span> <span class='ocrx_word' id='word_1_223' title='bbox 590 2422 628 2448; x_wconf 89' lang='lat' dir='ltr'><strong>ut</strong></span> <span class='ocrx_word' id='word_1_224' title='bbox 645 2427 765 2448; x_wconf 89' lang='lat' dir='ltr'><strong>omnes</strong></span> <span class='ocrx_word' id='word_1_225' title='bbox 781 2413 835 2448; x_wconf 91' lang='lat' dir='ltr'><strong>alii</strong></span> <span class='ocrx_word' id='word_1_226' title='bbox 850 2441 859 2456; x_wconf 95' lang='lat'><strong>,</strong></span> <span class='ocrx_word' id='word_1_227' title='bbox 876 2414 934 2447; x_wconf 80' lang='lat' dir='ltr'><strong>sa—</strong></span> 
     </span>
     <span class='ocr_line' id='line_1_39' title="bbox 268 2465 934 2506; baseline -0.002 -7"><span class='ocrx_word' id='word_1_228' title='bbox 268 2465 419 2500; x_wconf 79' lang='lat' dir='ltr'><strong>tentibus</strong></span> <span class='ocrx_word' id='word_1_229' title='bbox 427 2466 571 2501; x_wconf 83' lang='lat' dir='ltr'><strong>Heinsio</strong></span> <span class='ocrx_word' id='word_1_230' title='bbox 581 2466 844 2506; x_wconf 76' lang='lat' dir='ltr'><strong>etBurmanno;</strong></span> <span class='ocrx_word' id='word_1_231' title='bbox 856 2465 934 2499; x_wconf 89' lang='lat' dir='ltr'><strong>alte·</strong></span> 
     </span>
     <span class='ocr_line' id='line_1_40' title="bbox 268 2517 935 2552; baseline -0.003 0"><span class='ocrx_word' id='word_1_232' title='bbox 268 2531 343 2552; x_wconf 86' lang='lat' dir='ltr'><strong>ram</strong></span> <span class='ocrx_word' id='word_1_233' title='bbox 359 2518 540 2552; x_wconf 87' lang='lat' dir='ltr'><strong>lectionem</strong></span> <span class='ocrx_word' id='word_1_234' title='bbox 560 2518 600 2551; x_wconf 85' lang='lat' dir='ltr'><strong>ab</strong></span> <span class='ocrx_word' id='word_1_235' title='bbox 620 2517 861 2551; x_wconf 86' lang='lat' dir='ltr'><strong>emendatione</strong></span> <span class='ocrx_word' id='word_1_236' title='bbox 879 2530 935 2550; x_wconf 88' lang='lat' dir='ltr'><strong>re-</strong></span> 
     </span>
     <span class='ocr_line' id='line_1_41' title="bbox 267 2568 934 2614; baseline -0.001 -11"><span class='ocrx_word' id='word_1_237' title='bbox 267 2569 460 2603; x_wconf 84' lang='lat' dir='ltr'><strong>centiorum</strong></span> <span class='ocrx_word' id='word_1_238' title='bbox 473 2568 658 2614; x_wconf 81' lang='lat' dir='ltr'><strong>profectam</strong></span> <span class='ocrx_word' id='word_1_239' title='bbox 671 2568 863 2613; x_wconf 86' lang='lat' dir='ltr'><strong>putandum</strong></span> <span class='ocrx_word' id='word_1_240' title='bbox 873 2576 934 2602; x_wconf 82' lang='lat' dir='ltr'><strong>est.</strong></span> 
     </span>
     <span class='ocr_line' id='line_1_42' title="bbox 268 2620 934 2664; baseline -0.003 -9"><span class='ocrx_word' id='word_1_241' title='bbox 268 2622 556 2655; x_wconf 82' lang='lat' dir='ltr'><strong>Ed.—·Gem1&#39;nato</strong></span> <span class='ocrx_word' id='word_1_242' title='bbox 568 2620 636 2653; x_wconf 89' lang='lat' dir='ltr'><strong>ictu</strong></span> <span class='ocrx_word' id='word_1_243' title='bbox 648 2632 733 2664; x_wconf 90' lang='lat' dir='ltr'><strong>opus</strong></span> <span class='ocrx_word' id='word_1_244' title='bbox 746 2626 836 2663; x_wconf 90' lang='lat' dir='ltr'><strong>erat,</strong></span> <span class='ocrx_word' id='word_1_245' title='bbox 855 2620 934 2664; x_wconf 89' lang='lat' dir='ltr'><strong>quia</strong></span> 
     </span>
     <span class='ocr_line' id='line_1_43' title="bbox 267 2671 910 2717; baseline 0 -12"><span class='ocrx_word' id='word_1_246' title='bbox 267 2672 322 2706; x_wconf 83' lang='lat' dir='ltr'><strong>ille</strong></span> <span class='ocrx_word' id='word_1_247' title='bbox 333 2685 404 2706; x_wconf 89' lang='lat' dir='ltr'><strong>non</strong></span> <span class='ocrx_word' id='word_1_248' title='bbox 419 2672 481 2706; x_wconf 90' lang='lat' dir='ltr'><strong>nisi</strong></span> <span class='ocrx_word' id='word_1_249' title='bbox 497 2671 585 2717; x_wconf 87' lang='lat' dir='ltr'><strong>pede</strong></span> <span class='ocrx_word' id='word_1_250' title='bbox 598 2684 725 2706; x_wconf 86' lang='lat' dir='ltr'><strong>mensae</strong></span> <span class='ocrx_word' id='word_1_251' title='bbox 741 2672 910 2706; x_wconf 81' lang='lat' dir='ltr'><strong>utebatur.</strong></span> 
     </span>
     <span class='ocr_line' id='line_1_44' title="bbox 312 2723 933 2768; baseline -0.002 -10"><span class='ocrx_word' id='word_1_252' title='bbox 312 2726 385 2758; x_wconf 86' lang='lat'><strong>258.</strong></span> <span class='ocrx_word' id='word_1_253' title='bbox 398 2725 460 2762; x_wconf 77' lang='lat' dir='ltr'><strong>Ut,</strong></span> <span class='ocrx_word' id='word_1_254' title='bbox 479 2730 599 2768; x_wconf 82' lang='lat' dir='ltr'><strong>utpote</strong></span> <span class='ocrx_word' id='word_1_255' title='bbox 614 2724 681 2768; x_wconf 90' lang='lat' dir='ltr'><strong>qui.</strong></span> <span class='ocrx_word' id='word_1_256' title='bbox 699 2723 848 2757; x_wconf 80' lang='lat' dir='ltr'><strong>Causam</strong></span> <span class='ocrx_word' id='word_1_257' title='bbox 858 2723 933 2757; x_wconf 87' lang='lat' dir='ltr'><strong>red-</strong></span> 
     </span>
     <span class='ocr_line' id='line_1_45' title="bbox 268 2774 933 2821; baseline 0 -13"><span class='ocrx_word' id='word_1_258' title='bbox 268 2774 318 2808; x_wconf 85' lang='lat' dir='ltr'><strong>dit</strong></span> <span class='ocrx_word' id='word_1_259' title='bbox 331 2800 340 2815; x_wconf 82' lang='lat'><strong>,</strong></span> <span class='ocrx_word' id='word_1_260' title='bbox 355 2788 417 2808; x_wconf 88' lang='lat' dir='ltr'><strong>cur</strong></span> <span class='ocrx_word' id='word_1_261' title='bbox 427 2774 588 2821; x_wconf 84' lang='lat' dir='ltr'><strong>Gryneus</strong></span> <span class='ocrx_word' id='word_1_262' title='bbox 600 2788 657 2809; x_wconf 86' lang='lat' dir='ltr'><strong>ara</strong></span> <span class='ocrx_word' id='word_1_263' title='bbox 670 2787 749 2809; x_wconf 89' lang='lat' dir='ltr'><strong>usus</strong></span> <span class='ocrx_word' id='word_1_264' title='bbox 762 2775 822 2809; x_wconf 87' lang='lat' dir='ltr'><strong>:sit</strong></span> <span class='ocrx_word' id='word_1_265' title='bbox 833 2787 933 2809; x_wconf 83' lang='lat' dir='ltr'><strong>causa</strong></span> 
     </span>
    </p>
   </div>
   <div class='ocr_carea' id='block_1_13' title="bbox 1595 1161 1659 1196">
    <p class='ocr_par' dir='ltr' id='par_1_13' title="bbox 1595 1161 1659 1196">
     <span class='ocr_line' id='line_1_46' title="bbox 1595 1161 1659 1196; baseline -0.016 0"><span class='ocrx_word' id='word_1_266' title='bbox 1595 1161 1659 1196; x_wconf 81' lang='lat'><strong>265</strong></span> 
     </span>
    </p>
   </div>
   <div class='ocr_carea' id='block_1_14' title="bbox 992 1280 1665 2819">
    <p class='ocr_par' dir='ltr' id='par_1_14' title="bbox 992 1280 1660 1467">
     <span class='ocr_line' id='line_1_47' title="bbox 992 1280 1659 1327; baseline 0.004 -14"><span class='ocrx_word' id='word_1_267' title='bbox 992 1286 1108 1314; x_wconf 82' lang='lat' dir='ltr'><strong>autem</strong></span> <span class='ocrx_word' id='word_1_268' title='bbox 1122 1280 1209 1314; x_wconf 86' lang='lat' dir='ltr'><strong>solet</strong></span> <span class='ocrx_word' id='word_1_269' title='bbox 1223 1293 1241 1314; x_wconf 89' lang='lat' dir='ltr'><strong>a</strong></span> <span class='ocrx_word' id='word_1_270' title='bbox 1252 1280 1382 1315; x_wconf 88' lang='lat' dir='ltr'><strong>Latinis</strong></span> <span class='ocrx_word' id='word_1_271' title='bbox 1393 1281 1483 1315; x_wconf 84' lang='lat' dir='ltr'><strong>sacto</strong></span> <span class='ocrx_word' id='word_1_272' title='bbox 1494 1282 1659 1327; x_wconf 76' lang='lat' dir='ltr'><strong>praeponi.</strong></span> 
     </span>
     <span class='ocr_line' id='line_1_48' title="bbox 994 1329 1660 1377; baseline 0.005 -13"><span class='ocrx_word' id='word_1_273' title='bbox 994 1329 1161 1376; x_wconf 86' lang='lat' dir='ltr'><strong>Congrua</strong></span> <span class='ocrx_word' id='word_1_274' title='bbox 1174 1331 1252 1365; x_wconf 85' lang='lat' dir='ltr'><strong>talia</strong></span> <span class='ocrx_word' id='word_1_275' title='bbox 1264 1338 1358 1365; x_wconf 84' lang='lat' dir='ltr'><strong>arma</strong></span> <span class='ocrx_word' id='word_1_276' title='bbox 1370 1331 1579 1367; x_wconf 83' lang='lat' dir='ltr'><strong>immanibus</strong></span> <span class='ocrx_word' id='word_1_277' title='bbox 1593 1346 1660 1377; x_wconf 87' lang='lat' dir='ltr'><strong>pu-</strong></span> 
     </span>
     <span class='ocr_line' id='line_1_49' title="bbox 993 1382 1659 1429; baseline 0.005 -14"><span class='ocrx_word' id='word_1_278' title='bbox 993 1382 1175 1427; x_wconf 83' lang='lat' dir='ltr'><strong>gnantium</strong></span> <span class='ocrx_word' id='word_1_279' title='bbox 1190 1382 1390 1428; x_wconf 84' lang='lat' dir='ltr'><strong>corporibus</strong></span> <span class='ocrx_word' id='word_1_280' title='bbox 1401 1409 1411 1427; x_wconf 90' lang='lat'><strong>,</strong></span> <span class='ocrx_word' id='word_1_281' title='bbox 1429 1382 1471 1418; x_wconf 90' lang='lat' dir='ltr'><strong>de</strong></span> <span class='ocrx_word' id='word_1_282' title='bbox 1484 1384 1607 1429; x_wconf 87' lang='lat' dir='ltr'><strong>quibus</strong></span> <span class='ocrx_word' id='word_1_283' title='bbox 1617 1383 1659 1418; x_wconf 91' lang='lat' dir='ltr'><strong>ad</strong></span> 
     </span>
     <span class='ocr_line' id='line_1_50' title="bbox 992 1433 1222 1467; baseline 0.004 -1"><span class='ocrx_word' id='word_1_284' title='bbox 992 1445 1131 1467; x_wconf 86' lang='lat' dir='ltr'><strong>versum</strong></span> <span class='ocrx_word' id='word_1_285' title='bbox 1149 1433 1222 1467; x_wconf 86' lang='lat'><strong>352.</strong></span> 
     </span>
    </p>

    <p class='ocr_par' dir='ltr' id='par_1_15' title="bbox 992 1475 1665 2819">
     <span class='ocr_line' id='line_1_51' title="bbox 1038 1475 1661 1531; baseline 0.006 -14"><span class='ocrx_word' id='word_1_286' title='bbox 1038 1484 1111 1517; x_wconf 75' lang='lat'><strong>252.</strong></span> <span class='ocrx_word' id='word_1_287' title='bbox 1129 1487 1322 1527; x_wconf 83' lang='lat' dir='ltr'><strong>Depressit,·</strong></span> <span class='ocrx_word' id='word_1_288' title='bbox 1339 1475 1443 1531; x_wconf 64' lang='grc' dir='ltr'><strong>νιιίὲο</strong></span> <span class='ocrx_word' id='word_1_289' title='bbox 1461 1486 1565 1529; x_wconf 89' lang='lat' dir='ltr'><strong>(etin</strong></span> <span class='ocrx_word' id='word_1_290' title='bbox 1579 1486 1661 1521; x_wconf 80' lang='lat' dir='ltr'><strong>Re-</strong></span> 
     </span>
     <span class='ocr_line' id='line_1_52' title="bbox 993 1535 1660 1582; baseline 0.004 -13"><span class='ocrx_word' id='word_1_291' title='bbox 993 1535 1054 1580; x_wconf 85' lang='lat' dir='ltr'><strong>giis</strong></span> <span class='ocrx_word' id='word_1_292' title='bbox 1070 1536 1193 1570; x_wconf 82' lang='lat' dir='ltr'><strong>nostris</strong></span> <span class='ocrx_word' id='word_1_293' title='bbox 1210 1535 1225 1580; x_wconf 94' lang='lat'>)</span> <span class='ocrx_word' id='word_1_294' title='bbox 1242 1541 1420 1580; x_wconf 81' lang='lat' dir='ltr'><strong>oppressit‚·</strong></span> <span class='ocrx_word' id='word_1_295' title='bbox 1444 1537 1505 1572; x_wconf 85' lang='lat' dir='ltr'><strong>sed</strong></span> <span class='ocrx_word' id='word_1_296' title='bbox 1522 1540 1660 1582; x_wconf 82' lang='lat' dir='ltr'><strong>depres-</strong></span> 
     </span>
     <span class='ocr_line' id='line_1_53' title="bbox 992 1587 1661 1630; baseline 0.006 -11"><span class='ocrx_word' id='word_1_297' title='bbox 992 1589 1056 1625; x_wconf 79' lang='lat' dir='ltr'><strong>sit,</strong></span> <span class='ocrx_word' id='word_1_298' title='bbox 1073 1594 1110 1620; x_wconf 89' lang='lat' dir='ltr'><strong>ut</strong></span> <span class='ocrx_word' id='word_1_299' title='bbox 1123 1587 1201 1621; x_wconf 88' lang='lat' dir='ltr'><strong>alibi</strong></span> <span class='ocrx_word' id='word_1_300' title='bbox 1213 1588 1347 1630; x_wconf 56' lang='lat' dir='ltr'><strong>deficit,</strong></span> <span class='ocrx_word' id='word_1_301' title='bbox 1365 1587 1406 1621; x_wconf 89' lang='lat' dir='ltr'><strong>ad</strong></span> <span class='ocrx_word' id='word_1_302' title='bbox 1422 1595 1552 1622; x_wconf 89' lang='lat' dir='ltr'><strong>terram</strong></span> <span class='ocrx_word' id='word_1_303' title='bbox 1565 1588 1661 1624; x_wconf 85' lang='lat' dir='ltr'><strong>dedit</strong></span> 
     </span>
     <span class='ocr_line' id='line_1_54' title="bbox 993 1636 1662 1674; baseline 0.006 -4"><span class='ocrx_word' id='word_1_304' title='bbox 993 1636 1200 1671; x_wconf 81' lang='lat' dir='ltr'><strong>interfectos.</strong></span> <span class='ocrx_word' id='word_1_305' title='bbox 1216 1655 1259 1664; x_wconf 81' lang='lat'><strong>—</strong></span> <span class='ocrx_word' id='word_1_306' title='bbox 1275 1638 1360 1672; x_wconf 84' lang='lat' dir='ltr'><strong>Mox</strong></span> <span class='ocrx_word' id='word_1_307' title='bbox 1384 1639 1547 1674; x_wconf 82' lang='lat' dir='ltr'><strong>Heinsius</strong></span> <span class='ocrx_word' id='word_1_308' title='bbox 1565 1639 1662 1674; x_wconf 90' lang='lat' dir='ltr'><strong>malit</strong></span> 
     </span>
     <span class='ocr_line' id='line_1_55' title="bbox 998 1690 1662 1725; baseline 0.005 -3"><span class='ocrx_word' id='word_1_309' title='bbox 998 1690 1104 1723; x_wconf 80' lang='lat' dir='ltr'><strong>Oreon</strong></span> <span class='ocrx_word' id='word_1_310' title='bbox 1118 1701 1198 1723; x_wconf 89' lang='lat' dir='ltr'><strong>cum</strong></span> <span class='ocrx_word' id='word_1_311' title='bbox 1214 1702 1285 1723; x_wconf 91' lang='lat' dir='ltr'><strong>uno</strong></span> <span class='ocrx_word' id='word_1_312' title='bbox 1300 1692 1583 1725; x_wconf 84' lang='lat' dir='ltr'><strong>suorum.—Or1&#39;o</strong></span> <span class='ocrx_word' id='word_1_313' title='bbox 1593 1704 1662 1724; x_wconf 88' lang='lat' dir='ltr'><strong>ma·</strong></span> 
     </span>
     <span class='ocr_line' id='line_1_56' title="bbox 994 1740 1662 1786; baseline 0.003 -13"><span class='ocrx_word' id='word_1_314' title='bbox 994 1745 1044 1773; x_wconf 78' lang='lat' dir='ltr'><strong>ter</strong></span> <span class='ocrx_word' id='word_1_315' title='bbox 1055 1746 1128 1773; x_wconf 84' lang='lat' dir='ltr'><strong>erat</strong></span> <span class='ocrx_word' id='word_1_316' title='bbox 1140 1741 1300 1785; x_wconf 73' lang='lat' dir='ltr'><strong>Mycale5</strong></span> <span class='ocrx_word' id='word_1_317' title='bbox 1326 1740 1425 1786; x_wconf 82' lang='lat' dir='ltr'><strong>Regii</strong></span> <span class='ocrx_word' id='word_1_318' title='bbox 1448 1741 1557 1776; x_wconf 81' lang='lat' dir='ltr'><strong>nostri</strong></span> <span class='ocrx_word' id='word_1_319' title='bbox 1581 1742 1662 1775; x_wconf 80' lang='lat' dir='ltr'><strong>Orio</strong></span> 
     </span>
     <span class='ocr_line' id='line_1_57' title="bbox 993 1794 1662 1839; baseline 0.003 -13"><span class='ocrx_word' id='word_1_320' title='bbox 993 1799 1095 1827; x_wconf 84' lang='lat' dir='ltr'><strong>natus</strong></span> <span class='ocrx_word' id='word_1_321' title='bbox 1108 1801 1181 1827; x_wconf 80' lang='lat' dir='ltr'><strong>erat</strong></span> <span class='ocrx_word' id='word_1_322' title='bbox 1191 1794 1338 1839; x_wconf 82' lang='lat' dir='ltr'><strong>Mycale,</strong></span> <span class='ocrx_word' id='word_1_323' title='bbox 1361 1806 1464 1838; x_wconf 90' lang='lat' dir='ltr'><strong>quam</strong></span> <span class='ocrx_word' id='word_1_324' title='bbox 1475 1794 1662 1828; x_wconf 86' lang='lat' dir='ltr'><strong>lectionem</strong></span> 
     </span>
     <span class='ocr_line' id='line_1_58' title="bbox 996 1844 1662 1889; baseline 0.002 -11"><span class='ocrx_word' id='word_1_325' title='bbox 996 1857 1116 1878; x_wconf 90' lang='lat' dir='ltr'><strong>omnes</strong></span> <span class='ocrx_word' id='word_1_326' title='bbox 1129 1844 1276 1879; x_wconf 86' lang='lat' dir='ltr'><strong>editores</strong></span> <span class='ocrx_word' id='word_1_327' title='bbox 1289 1850 1413 1879; x_wconf 86' lang='lat' dir='ltr'><strong>tacent.</strong></span> <span class='ocrx_word' id='word_1_328' title='bbox 1428 1845 1543 1878; x_wconf 79' lang='lat' dir='ltr'><em>Ed.—</em></span> <span class='ocrx_word' id='word_1_329' title='bbox 1556 1847 1662 1889; x_wconf 84' lang='lat' dir='ltr'><strong>Quam</strong></span> 
     </span>
     <span class='ocr_line' id='line_1_59' title="bbox 995 1891 1665 1942; baseline 0 -11"><span class='ocrx_word' id='word_1_330' title='bbox 995 1899 1173 1931; x_wconf 70' lang='lat' dir='ltr'><strong>deduxisse</strong></span> <span class='ocrx_word' id='word_1_331' title='bbox 1187 1904 1250 1931; x_wconf 88' lang='lat' dir='ltr'><strong>etc.</strong></span> <span class='ocrx_word' id='word_1_332' title='bbox 1269 1909 1372 1942; x_wconf 92' lang='lat' dir='ltr'><strong>quam</strong></span> <span class='ocrx_word' id='word_1_333' title='bbox 1393 1891 1570 1932; x_wconf 80' lang='lat' dir='ltr'><strong>constabat</strong></span> <span class='ocrx_word' id='word_1_334' title='bbox 1586 1910 1665 1931; x_wconf 84' lang='lat' dir='ltr'><strong>ma-</strong></span> 
     </span>
     <span class='ocr_line' id='line_1_60' title="bbox 997 1949 1662 1996; baseline -0.008 -11"><span class='ocrx_word' id='word_1_335' title='bbox 997 1963 1073 1996; x_wconf 81' lang='lat' dir='ltr'><strong>gam</strong></span> <span class='ocrx_word' id='word_1_336' title='bbox 1085 1977 1095 1993; x_wconf 95' lang='lat'><strong>,</strong></span> <span class='ocrx_word' id='word_1_337' title='bbox 1110 1949 1300 1984; x_wconf 80' lang='lat' dir='ltr'><strong>veneficam</strong></span> <span class='ocrx_word' id='word_1_338' title='bbox 1313 1949 1413 1984; x_wconf 84' lang='lat' dir='ltr'><strong>fuisse</strong></span> <span class='ocrx_word' id='word_1_339' title='bbox 1428 1962 1436 1983; x_wconf 90' lang='lat'>:</span> <span class='ocrx_word' id='word_1_340' title='bbox 1451 1949 1529 1984; x_wconf 87' lang='lat' dir='ltr'><strong>vide</strong></span> <span class='ocrx_word' id='word_1_341' title='bbox 1541 1949 1583 1984; x_wconf 82' lang='lat' dir='ltr'><strong>ad</strong></span> <span class='ocrx_word' id='word_1_342' title='bbox 1593 1949 1662 1992; x_wconf 75' lang='lat' dir='ltr'><strong>lv,</strong></span> 
     </span>
     <span class='ocr_line' id='line_1_61' title="bbox 997 2001 1663 2045; baseline 0 -9"><span class='ocrx_word' id='word_1_343' title='bbox 997 2003 1080 2036; x_wconf 80' lang='lat'><strong>332:</strong></span> <span class='ocrx_word' id='word_1_344' title='bbox 1099 2002 1231 2036; x_wconf 87' lang='lat' dir='ltr'><strong>Seneca</strong></span> <span class='ocrx_word' id='word_1_345' title='bbox 1244 2028 1253 2045; x_wconf 90' lang='lat'><strong>,</strong></span> <span class='ocrx_word' id='word_1_346' title='bbox 1273 2002 1377 2035; x_wconf 78' lang='lat' dir='ltr'><strong>Herc.</strong></span> <span class='ocrx_word' id='word_1_347' title='bbox 1397 2001 1471 2035; x_wconf 82' lang='lat' dir='ltr'><strong>OEt.</strong></span> <span class='ocrx_word' id='word_1_348' title='bbox 1489 2002 1551 2035; x_wconf 78' lang='lat'><strong>525</strong></span> <span class='ocrx_word' id='word_1_349' title='bbox 1564 2026 1573 2043; x_wconf 93' lang='lat'><strong>,</strong></span> <span class='ocrx_word' id='word_1_350' title='bbox 1589 2001 1663 2036; x_wconf 86' lang='lat' dir='ltr'><strong>sine</strong></span> 
     </span>
     <span class='ocr_line' id='line_1_62' title="bbox 997 2053 1665 2088; baseline 0 -1"><span class='ocrx_word' id='word_1_351' title='bbox 997 2053 1102 2088; x_wconf 86' lang='lat' dir='ltr'><strong>dubio</strong></span> <span class='ocrx_word' id='word_1_352' title='bbox 1116 2066 1156 2086; x_wconf 82' lang='lat' dir='ltr'><strong>ex</strong></span> <span class='ocrx_word' id='word_1_353' title='bbox 1171 2053 1236 2087; x_wconf 90' lang='lat' dir='ltr'><strong>hoc</strong></span> <span class='ocrx_word' id='word_1_354' title='bbox 1248 2059 1366 2087; x_wconf 79' lang='lat' dir='ltr'><strong>nostro</strong></span> <span class='ocrx_word' id='word_1_355' title='bbox 1376 2053 1452 2087; x_wconf 88' lang='lat' dir='ltr'><strong>loco</strong></span> <span class='ocrx_word' id='word_1_356' title='bbox 1462 2065 1470 2086; x_wconf 88' lang='lat'><strong>:</strong></span> <span class='ocrx_word' id='word_1_357' title='bbox 1482 2054 1557 2087; x_wconf 82' lang='lat' dir='ltr'><strong>Hoc</strong></span> <span class='ocrx_word' id='word_1_358' title='bbox 1565 2055 1665 2087; x_wconf 82' lang='lat' dir='ltr'><strong>docta</strong></span> 
     </span>
     <span class='ocr_line' id='line_1_63' title="bbox 997 2107 1658 2151; baseline 0 -12"><span class='ocrx_word' id='word_1_359' title='bbox 997 2107 1133 2151; x_wconf 82' lang='lat' dir='ltr'><strong>Mycale</strong></span> <span class='ocrx_word' id='word_1_360' title='bbox 1170 2107 1351 2147; x_wconf 75' lang='lat' dir='ltr'><strong>Thessalas</strong></span> <span class='ocrx_word' id='word_1_361' title='bbox 1386 2107 1500 2139; x_wconf 80' lang='lat' dir='ltr'><strong>docuit</strong></span> <span class='ocrx_word' id='word_1_362' title='bbox 1532 2118 1634 2139; x_wconf 86' lang='lat' dir='ltr'><strong>nurus</strong></span> <span class='ocrx_word' id='word_1_363' title='bbox 1649 2132 1658 2145; x_wconf 91' lang='lat'><strong><em>‚</em></strong></span> 
     </span>
     <span class='ocr_line' id='line_1_64' title="bbox 1003 2158 1664 2200; baseline -0.002 -10"><span class='ocrx_word' id='word_1_364' title='bbox 1003 2158 1111 2190; x_wconf 84' lang='lat' dir='ltr'><strong>Unam</strong></span> <span class='ocrx_word' id='word_1_365' title='bbox 1130 2160 1216 2191; x_wconf 79' lang='lat' dir='ltr'><strong>inter</strong></span> <span class='ocrx_word' id='word_1_366' title='bbox 1236 2169 1348 2190; x_wconf 81' lang='lat' dir='ltr'><strong>omnes</strong></span> <span class='ocrx_word' id='word_1_367' title='bbox 1370 2158 1468 2190; x_wconf 84' lang='lat' dir='ltr'><strong>Luna</strong></span> <span class='ocrx_word' id='word_1_368' title='bbox 1489 2168 1588 2200; x_wconf 85' lang='lat' dir='ltr'><strong>quam</strong></span> <span class='ocrx_word' id='word_1_369' title='bbox 1601 2168 1664 2190; x_wconf 82' lang='lat' dir='ltr'><strong>se·-</strong></span> 
     </span>
     <span class='ocr_line' id='line_1_65' title="bbox 997 2207 1665 2252; baseline 0 -11"><span class='ocrx_word' id='word_1_370' title='bbox 997 2211 1107 2252; x_wconf 82' lang='lat' dir='ltr'><strong>quitur</strong></span> <span class='ocrx_word' id='word_1_371' title='bbox 1120 2221 1259 2251; x_wconf 68' lang='lat' dir='ltr'><strong>magam.</strong></span> <span class='ocrx_word' id='word_1_372' title='bbox 1278 2226 1322 2233; x_wconf 91' lang='lat'><strong>—</strong></span> <span class='ocrx_word' id='word_1_373' title='bbox 1343 2208 1515 2247; x_wconf 78' lang='lat' dir='ltr'><strong>canendo,</strong></span> <span class='ocrx_word' id='word_1_374' title='bbox 1537 2207 1665 2241; x_wconf 77' lang='lat' dir='ltr'><strong>incan—</strong></span> 
     </span>
     <span class='ocr_line' id='line_1_66' title="bbox 998 2258 1664 2299; baseline 0 -7"><span class='ocrx_word' id='word_1_375' title='bbox 998 2259 1105 2293; x_wconf 88' lang='lat' dir='ltr'><strong>tando</strong></span> <span class='ocrx_word' id='word_1_376' title='bbox 1121 2283 1130 2299; x_wconf 92' lang='lat'><strong>,</strong></span> <span class='ocrx_word' id='word_1_377' title='bbox 1152 2266 1191 2293; x_wconf 92' lang='lat' dir='ltr'><strong>ut</strong></span> <span class='ocrx_word' id='word_1_378' title='bbox 1215 2263 1380 2297; x_wconf 75' lang='lat' dir='ltr'><strong>carmina,</strong></span> <span class='ocrx_word' id='word_1_379' title='bbox 1405 2258 1664 2293; x_wconf 80' lang='lat' dir='ltr'><strong>incantationes.</strong></span> 
     </span>
     <span class='ocr_line' id='line_1_67' title="bbox 997 2309 1665 2354; baseline -0.004 -9"><span class='ocrx_word' id='word_1_380' title='bbox 997 2330 1040 2337; x_wconf 90' lang='lat'><strong>—</strong></span> <span class='ocrx_word' id='word_1_381' title='bbox 1067 2312 1196 2345; x_wconf 81' lang='lat' dir='ltr'><strong>Cornua</strong></span> <span class='ocrx_word' id='word_1_382' title='bbox 1224 2313 1311 2344; x_wconf 76' lang='lat' dir='ltr'><strong>luna·</strong></span> <span class='ocrx_word' id='word_1_383' title='bbox 1339 2323 1436 2344; x_wconf 87' lang='lat' dir='ltr'><strong>mera</strong></span> <span class='ocrx_word' id='word_1_384' title='bbox 1462 2309 1665 2354; x_wconf 83' lang='lat' dir='ltr'><strong>periphrasis</strong></span> 
     </span>
     <span class='ocr_line' id='line_1_68' title="bbox 997 2358 1665 2405; baseline -0.003 -11"><span class='ocrx_word' id='word_1_385' title='bbox 997 2361 1088 2395; x_wconf 89' lang='lat' dir='ltr'><strong>lunae</strong></span> <span class='ocrx_word' id='word_1_386' title='bbox 1100 2388 1110 2404; x_wconf 87' lang='lat'><strong>,</strong></span> <span class='ocrx_word' id='word_1_387' title='bbox 1137 2373 1212 2405; x_wconf 85' lang='lat' dir='ltr'><strong>quae</strong></span> <span class='ocrx_word' id='word_1_388' title='bbox 1240 2373 1312 2394; x_wconf 89' lang='lat' dir='ltr'><strong>non</strong></span> <span class='ocrx_word' id='word_1_389' title='bbox 1336 2360 1401 2394; x_wconf 87' lang='lat' dir='ltr'><strong>nisi</strong></span> <span class='ocrx_word' id='word_1_390' title='bbox 1421 2367 1576 2404; x_wconf 88' lang='lat' dir='ltr'><strong>tempore</strong></span> <span class='ocrx_word' id='word_1_391' title='bbox 1596 2358 1665 2393; x_wconf 89' lang='lat' dir='ltr'><strong>de·-</strong></span> 
     </span>
     <span class='ocr_line' id='line_1_69' title="bbox 996 2411 1662 2455; baseline -0.003 -10"><span class='ocrx_word' id='word_1_392' title='bbox 996 2412 1105 2447; x_wconf 81' lang='lat' dir='ltr'><strong>fectus</strong></span> <span class='ocrx_word' id='word_1_393' title='bbox 1117 2412 1240 2446; x_wconf 84' lang='lat' dir='ltr'><strong>deduci</strong></span> <span class='ocrx_word' id='word_1_394' title='bbox 1254 2411 1474 2454; x_wconf 75' lang='lat' dir='ltr'><strong>credebatur,</strong></span> <span class='ocrx_word' id='word_1_395' title='bbox 1492 2423 1561 2455; x_wconf 92' lang='lat' dir='ltr'><strong>quo</strong></span> <span class='ocrx_word' id='word_1_396' title='bbox 1576 2417 1662 2444; x_wconf 84' lang='lat' dir='ltr'><strong>tem-</strong></span> 
     </span>
     <span class='ocr_line' id='line_1_70' title="bbox 997 2461 1662 2510; baseline -0.003 -12"><span class='ocrx_word' id='word_1_397' title='bbox 997 2477 1080 2510; x_wconf 87' lang='lat' dir='ltr'><strong>pore</strong></span> <span class='ocrx_word' id='word_1_398' title='bbox 1098 2477 1169 2498; x_wconf 91' lang='lat' dir='ltr'><strong>non</strong></span> <span class='ocrx_word' id='word_1_399' title='bbox 1186 2462 1391 2498; x_wconf 89' lang='lat' dir='ltr'><strong>corniculata</strong></span> <span class='ocrx_word' id='word_1_400' title='bbox 1417 2469 1577 2507; x_wconf 87' lang='lat' dir='ltr'><strong>apparet,</strong></span> <span class='ocrx_word' id='word_1_401' title='bbox 1601 2461 1662 2497; x_wconf 82' lang='lat' dir='ltr'><strong>sed</strong></span> 
     </span>
     <span class='ocr_line' id='line_1_71' title="bbox 997 2514 1662 2562; baseline -0.006 -11"><span class='ocrx_word' id='word_1_402' title='bbox 997 2517 1107 2562; x_wconf 87' lang='lat' dir='ltr'><strong>plena.</strong></span> <span class='ocrx_word' id='word_1_403' title='bbox 1121 2516 1232 2560; x_wconf 86' lang='lat' dir='ltr'><strong>Magis</strong></span> <span class='ocrx_word' id='word_1_404' title='bbox 1246 2516 1350 2560; x_wconf 81' lang='lat' dir='ltr'><strong>igitur</strong></span> <span class='ocrx_word' id='word_1_405' title='bbox 1363 2514 1449 2548; x_wconf 87' lang='lat' dir='ltr'><strong>mihi</strong></span> <span class='ocrx_word' id='word_1_406' title='bbox 1465 2514 1574 2560; x_wconf 87' lang='lat' dir='ltr'><strong>placet</strong></span> <span class='ocrx_word' id='word_1_407' title='bbox 1587 2514 1662 2547; x_wconf 83' lang='lat' dir='ltr'><strong>vul-</strong></span> 
     </span>
     <span class='ocr_line' id='line_1_72' title="bbox 998 2566 1662 2613; baseline -0.005 -11"><span class='ocrx_word' id='word_1_408' title='bbox 998 2575 1073 2613; x_wconf 86' lang='lat' dir='ltr'><strong>gata</strong></span> <span class='ocrx_word' id='word_1_409' title='bbox 1084 2568 1183 2602; x_wconf 88' lang='lat' dir='ltr'><strong>lectio</strong></span> <span class='ocrx_word' id='word_1_410' title='bbox 1196 2594 1205 2610; x_wconf 89' lang='lat'><strong>,</strong></span> <span class='ocrx_word' id='word_1_411' title='bbox 1222 2569 1436 2607; x_wconf 44' lang='lat' dir='ltr'><strong>reluctantem</strong></span> <span class='ocrx_word' id='word_1_412' title='bbox 1453 2578 1534 2600; x_wconf 88' lang='lat' dir='ltr'><strong>nam</strong></span> <span class='ocrx_word' id='word_1_413' title='bbox 1547 2566 1662 2600; x_wconf 86' lang='lat' dir='ltr'><strong>Hein-</strong></span> 
     </span>
     <span class='ocr_line' id='line_1_73' title="bbox 996 2618 1661 2665; baseline -0.006 -10"><span class='ocrx_word' id='word_1_414' title='bbox 996 2621 1063 2655; x_wconf 87' lang='lat' dir='ltr'><strong>sius</strong></span> <span class='ocrx_word' id='word_1_415' title='bbox 1080 2620 1138 2665; x_wconf 89' lang='lat' dir='ltr'><strong>qui</strong></span> <span class='ocrx_word' id='word_1_416' title='bbox 1154 2620 1294 2654; x_wconf 86' lang='lat' dir='ltr'><strong>alteram</strong></span> <span class='ocrx_word' id='word_1_417' title='bbox 1309 2619 1414 2653; x_wconf 86' lang='lat' dir='ltr'><strong>trium</strong></span> <span class='ocrx_word' id='word_1_418' title='bbox 1432 2618 1528 2652; x_wconf 91' lang='lat' dir='ltr'><strong>MSS</strong></span> <span class='ocrx_word' id='word_1_419' title='bbox 1545 2623 1661 2652; x_wconf 86' lang='lat' dir='ltr'><strong>aucto-</strong></span> 
     </span>
     <span class='ocr_line' id='line_1_74' title="bbox 995 2669 1661 2717; baseline -0.008 -11"><span class='ocrx_word' id='word_1_420' title='bbox 995 2673 1095 2707; x_wconf 88' lang='lat' dir='ltr'><strong>ritate</strong></span> <span class='ocrx_word' id='word_1_421' title='bbox 1105 2672 1233 2717; x_wconf 88' lang='lat' dir='ltr'><strong>recepit</strong></span> <span class='ocrx_word' id='word_1_422' title='bbox 1244 2697 1253 2713; x_wconf 94' lang='lat'><strong>,</strong></span> <span class='ocrx_word' id='word_1_423' title='bbox 1269 2671 1421 2705; x_wconf 83' lang='lat' dir='ltr'><strong>dativum</strong></span> <span class='ocrx_word' id='word_1_424' title='bbox 1431 2671 1464 2704; x_wconf 90' lang='lat' dir='ltr'><strong>in</strong></span> <span class='ocrx_word' id='word_1_425' title='bbox 1476 2670 1538 2704; x_wconf 90' lang='lat' dir='ltr'><strong>hac</strong></span> <span class='ocrx_word' id='word_1_426' title='bbox 1547 2669 1661 2703; x_wconf 79' lang='lat' dir='ltr'><strong>forma</strong></span> 
     </span>
     <span class='ocr_line' id='line_1_75' title="bbox 994 2719 1660 2767; baseline -0.008 -11"><span class='ocrx_word' id='word_1_427' title='bbox 994 2722 1161 2767; x_wconf 88' lang='lat' dir='ltr'><strong>loquendi</strong></span> <span class='ocrx_word' id='word_1_428' title='bbox 1187 2722 1290 2756; x_wconf 87' lang='lat' dir='ltr'><strong>nimis</strong></span> <span class='ocrx_word' id='word_1_429' title='bbox 1320 2721 1489 2755; x_wconf 82' lang='lat' dir='ltr'><strong>affectasse</strong></span> <span class='ocrx_word' id='word_1_430' title='bbox 1515 2719 1660 2752; x_wconf 83' lang='lat' dir='ltr'><strong>videtur.</strong></span> 
     </span>
     <span class='ocr_line' id='line_1_76' title="bbox 994 2769 1660 2819; baseline -0.009 -11"><span class='ocrx_word' id='word_1_431' title='bbox 994 2774 1141 2808; x_wconf 85' lang='lat' dir='ltr'><strong>Lenzius</strong></span> <span class='ocrx_word' id='word_1_432' title='bbox 1155 2773 1291 2819; x_wconf 79' lang='lat' dir='ltr'><strong>praefert</strong></span> <span class='ocrx_word' id='word_1_433' title='bbox 1301 2775 1467 2807; x_wconf 77' lang='lat' dir='ltr'><strong>reluctata·</strong></span> <span class='ocrx_word' id='word_1_434' title='bbox 1475 2798 1482 2811; x_wconf 92' lang='lat'><strong>,</strong></span> <span class='ocrx_word' id='word_1_435' title='bbox 1501 2769 1592 2814; x_wconf 87' lang='lat' dir='ltr'><strong>quod</strong></span> <span class='ocrx_word' id='word_1_436' title='bbox 1603 2769 1660 2802; x_wconf 86' lang='lat' dir='ltr'><strong>ha-</strong></span> 
     </span>
    </p>
   </div>
  </div>
 </body>
</html>
