<?xml version="1.0" encoding="UTF-8"?>
<!DOCTYPE html PUBLIC "-//W3C//DTD XHTML 1.0 Transitional//EN"
    "http://www.w3.org/TR/xhtml1/DTD/xhtml1-transitional.dtd">
<html xmlns="http://www.w3.org/1999/xhtml" xml:lang="en" lang="en">
 <head>
  <title>
</title>
<meta http-equiv="Content-Type" content="text/html;charset=utf-8" />
  <meta name='ocr-system' content='tesseract 3.04.00' />
  <meta name='ocr-capabilities' content='ocr_page ocr_carea ocr_par ocr_line ocrx_word'/>
</head>
<body>
  <div class='ocr_page' id='page_1' title='image "./quaeextantomniao04oviduoft_0564.png"; bbox 0 0 1820 3106; ppageno 0'>
   <div class='ocr_carea' id='block_1_1' title="bbox 245 296 333 339">
    <p class='ocr_par' dir='ltr' id='par_1_1' title="bbox 245 296 333 339">
     <span class='ocr_line' id='line_1_1' title="bbox 245 296 333 339; baseline 0 0"><span class='ocrx_word' id='word_1_1' title='bbox 245 296 333 339; x_wconf 85' lang='lat'><strong>550</strong></span> 
     </span>
    </p>
   </div>
   <div class='ocr_carea' id='block_1_2' title="bbox 616 298 1286 345">
    <p class='ocr_par' dir='ltr' id='par_1_2' title="bbox 616 298 1286 345">
     <span class='ocr_line' id='line_1_2' title="bbox 616 298 1286 345; baseline 0.006 -4"><span class='ocrx_word' id='word_1_2' title='bbox 616 299 668 342; x_wconf 90' lang='lat' dir='ltr'><strong>P.</strong></span> <span class='ocrx_word' id='word_1_3' title='bbox 708 298 942 344; x_wconf 91' lang='lat' dir='ltr'><strong>OVIDII</strong></span> <span class='ocrx_word' id='word_1_4' title='bbox 984 298 1286 345; x_wconf 88' lang='lat' dir='ltr'><strong>NASONIS</strong></span> 
     </span>
    </p>
   </div>
   <div class='ocr_carea' id='block_1_3' title="bbox 246 390 1271 459">
    <p class='ocr_par' dir='ltr' id='par_1_3' title="bbox 246 390 1271 459">
     <span class='ocr_line' id='line_1_3' title="bbox 246 390 1271 459; baseline 0.005 -22"><span class='ocrx_word' id='word_1_5' title='bbox 246 390 458 438; x_wconf 89' lang='lat' dir='ltr'><strong>Humano</strong></span> <span class='ocrx_word' id='word_1_6' title='bbox 485 391 652 454; x_wconf 83' lang='lat' dir='ltr'><strong>generi,</strong></span> <span class='ocrx_word' id='word_1_7' title='bbox 679 391 859 459; x_wconf 88' lang='lat' dir='ltr'><strong>Superi,</strong></span> <span class='ocrx_word' id='word_1_8' title='bbox 888 392 1060 442; x_wconf 75' lang='lat' dir='ltr'><strong>Cavistis</strong></span> <span class='ocrx_word' id='word_1_9' title='bbox 1082 394 1271 444; x_wconf 84' lang='lat' dir='ltr'>abunde.</span> 
     </span>
    </p>
   </div>
   <div class='ocr_carea' id='block_1_4' title="bbox 246 467 1368 615">
    <p class='ocr_par' dir='ltr' id='par_1_4' title="bbox 246 467 1368 615">
     <span class='ocr_line' id='line_1_4' title="bbox 247 467 1279 531; baseline 0.007 -17"><span class='ocrx_word' id='word_1_10' title='bbox 247 468 316 515; x_wconf 85' lang='lat' dir='ltr'><strong>Ne</strong></span> <span class='ocrx_word' id='word_1_11' title='bbox 339 467 454 516; x_wconf 86' lang='lat' dir='ltr'><strong>foret</strong></span> <span class='ocrx_word' id='word_1_12' title='bbox 478 468 549 516; x_wconf 86' lang='lat' dir='ltr'><strong>hic</strong></span> <span class='ocrx_word' id='word_1_13' title='bbox 573 469 711 531; x_wconf 84' lang='lat' dir='ltr'><strong>igitur</strong></span> <span class='ocrx_word' id='word_1_14' title='bbox 730 469 903 519; x_wconf 87' lang='lat' dir='ltr'><strong>mortali</strong></span> <span class='ocrx_word' id='word_1_15' title='bbox 923 472 1085 521; x_wconf 88' lang='lat' dir='ltr'><strong>semine</strong></span> <span class='ocrx_word' id='word_1_16' title='bbox 1109 484 1279 531; x_wconf 83' lang='lat' dir='ltr'><strong>cretus,</strong></span> 
     </span>
     <span class='ocr_line' id='line_1_5' title="bbox 246 543 1368 615; baseline 0.004 -24"><span class='ocrx_word' id='word_1_17' title='bbox 246 543 327 592; x_wconf 86' lang='lat' dir='ltr'><strong>Ille</strong></span> <span class='ocrx_word' id='word_1_18' title='bbox 351 545 475 593; x_wconf 90' lang='lat' dir='ltr'><strong>Deus</strong></span> <span class='ocrx_word' id='word_1_19' title='bbox 496 546 723 595; x_wconf 87' lang='lat' dir='ltr'><strong>faciendus</strong></span> <span class='ocrx_word' id='word_1_20' title='bbox 746 560 839 596; x_wconf 87' lang='lat' dir='ltr'><strong>erat</strong></span> <span class='ocrx_word' id='word_1_21' title='bbox 858 569 869 596; x_wconf 90' lang='lat'><strong>:</strong></span> <span class='ocrx_word' id='word_1_22' title='bbox 896 548 1017 615; x_wconf 90' lang='lat' dir='ltr'><strong>quod</strong></span> <span class='ocrx_word' id='word_1_23' title='bbox 1038 560 1089 596; x_wconf 88' lang='lat' dir='ltr'><strong>ut</strong></span> <span class='ocrx_word' id='word_1_24' title='bbox 1111 567 1241 598; x_wconf 81' lang='lat' dir='ltr'><strong>aurea</strong></span> <span class='ocrx_word' id='word_1_25' title='bbox 1258 547 1368 597; x_wconf 74' lang='lat' dir='ltr'><strong>vidit</strong></span> 
     </span>
    </p>
   </div>
   <div class='ocr_carea' id='block_1_5' title="bbox 243 621 1453 848">
    <p class='ocr_par' dir='ltr' id='par_1_5' title="bbox 243 621 1453 848">
     <span class='ocr_line' id='line_1_6' title="bbox 245 621 1282 692; baseline 0.003 -22"><span class='ocrx_word' id='word_1_26' title='bbox 245 621 396 670; x_wconf 83' lang='lat' dir='ltr'><strong>AEneae</strong></span> <span class='ocrx_word' id='word_1_27' title='bbox 419 622 632 684; x_wconf 85' lang='lat' dir='ltr'><strong>genitrix;</strong></span> <span class='ocrx_word' id='word_1_28' title='bbox 657 624 769 673; x_wconf 86' lang='lat' dir='ltr'><strong>vidit</strong></span> <span class='ocrx_word' id='word_1_29' title='bbox 791 644 969 692; x_wconf 89' lang='lat' dir='ltr'><strong>quoque</strong></span> <span class='ocrx_word' id='word_1_30' title='bbox 990 625 1113 674; x_wconf 87' lang='lat' dir='ltr'><strong>triste</strong></span> <span class='ocrx_word' id='word_1_31' title='bbox 1138 624 1282 692; x_wconf 84' lang='lat' dir='ltr'><strong>parari</strong></span> 
     </span>
     <span class='ocr_line' id='line_1_7' title="bbox 244 699 1300 769; baseline 0.005 -22"><span class='ocrx_word' id='word_1_32' title='bbox 244 699 457 749; x_wconf 84' lang='lat' dir='ltr'><strong>Pontifici</strong></span> <span class='ocrx_word' id='word_1_33' title='bbox 482 701 617 751; x_wconf 89' lang='lat' dir='ltr'><strong>letum</strong></span> <span class='ocrx_word' id='word_1_34' title='bbox 633 740 644 760; x_wconf 96' lang='lat'><strong>,</strong></span> <span class='ocrx_word' id='word_1_35' title='bbox 671 715 715 752; x_wconf 85' lang='lat' dir='ltr'><strong>et</strong></span> <span class='ocrx_word' id='word_1_36' title='bbox 731 704 960 769; x_wconf 85' lang='lat' dir='ltr'><strong>conjurata</strong></span> <span class='ocrx_word' id='word_1_37' title='bbox 981 722 1100 752; x_wconf 87' lang='lat' dir='ltr'><strong>arma</strong></span> <span class='ocrx_word' id='word_1_38' title='bbox 1123 703 1300 752; x_wconf 84' lang='lat' dir='ltr'><strong>moveri.</strong></span> 
     </span>
     <span class='ocr_line' id='line_1_8' title="bbox 243 778 1453 848; baseline 0.002 -22"><span class='ocrx_word' id='word_1_39' title='bbox 243 778 434 838; x_wconf 86' lang='lat' dir='ltr'><strong>Palluit,</strong></span> <span class='ocrx_word' id='word_1_40' title='bbox 460 792 504 828; x_wconf 88' lang='lat' dir='ltr'><strong>et</strong></span> <span class='ocrx_word' id='word_1_41' title='bbox 522 782 719 839; x_wconf 86' lang='lat' dir='ltr'><strong>cunctis,</strong></span> <span class='ocrx_word' id='word_1_42' title='bbox 742 794 795 830; x_wconf 85' lang='lat' dir='ltr'><strong>ut</strong></span> <span class='ocrx_word' id='word_1_43' title='bbox 818 782 977 848; x_wconf 88' lang='lat' dir='ltr'><strong>cuique</strong></span> <span class='ocrx_word' id='word_1_44' title='bbox 1001 793 1094 830; x_wconf 90' lang='lat' dir='ltr'><strong>erat</strong></span> <span class='ocrx_word' id='word_1_45' title='bbox 1117 781 1272 839; x_wconf 87' lang='lat' dir='ltr'><strong>obvia,</strong></span> <span class='ocrx_word' id='word_1_46' title='bbox 1298 780 1424 829; x_wconf 84' lang='lat' dir='ltr'>Divis</span> <span class='ocrx_word' id='word_1_47' title='bbox 1440 818 1453 840; x_wconf 90' lang='lat'><strong>,</strong></span> 
     </span>
    </p>
   </div>
   <div class='ocr_carea' id='block_1_6' title="bbox 251 857 1441 926">
    <p class='ocr_par' dir='ltr' id='par_1_6' title="bbox 251 857 1441 926">
     <span class='ocr_line' id='line_1_9' title="bbox 251 857 1441 926; baseline 0.003 -22"><span class='ocrx_word' id='word_1_48' title='bbox 251 879 273 897; x_wconf 91' lang='lat'><strong><em>«</em></strong></span> <span class='ocrx_word' id='word_1_49' title='bbox 300 857 520 923; x_wconf 81' lang='lat' dir='ltr'><strong>Adspice,</strong></span> <span class='ocrx_word' id='word_1_50' title='bbox 546 858 746 918; x_wconf 84' lang='lat' dir='ltr'><strong>dicebat,</strong></span> <span class='ocrx_word' id='word_1_51' title='bbox 772 872 936 926; x_wconf 87' lang='lat' dir='ltr'><strong>quanta</strong></span> <span class='ocrx_word' id='word_1_52' title='bbox 960 859 1071 908; x_wconf 86' lang='lat' dir='ltr'><strong>mihi</strong></span> <span class='ocrx_word' id='word_1_53' title='bbox 1092 858 1208 907; x_wconf 92' lang='lat' dir='ltr'><strong>mole</strong></span> <span class='ocrx_word' id='word_1_54' title='bbox 1228 870 1441 925; x_wconf 86' lang='lat' dir='ltr'><strong>parentur</strong></span> 
     </span>
    </p>
   </div>
   <div class='ocr_carea' id='block_1_7' title="bbox 1603 872 1668 920">
    <p class='ocr_par' dir='ltr' id='par_1_7' title="bbox 1603 872 1668 920">
     <span class='ocr_line' id='line_1_10' title="bbox 1603 872 1668 920; baseline -0.062 -12"><span class='ocrx_word' id='word_1_55' title='bbox 1603 872 1668 920; x_wconf 81' lang='lat'><strong>765</strong></span> 
     </span>
    </p>
   </div>
   <div class='ocr_carea' id='block_1_8' title="bbox 246 935 1474 1235">
    <p class='ocr_par' dir='ltr' id='par_1_8' title="bbox 248 935 1461 1075">
     <span class='ocr_line' id='line_1_11' title="bbox 248 935 1461 1004; baseline 0.003 -23"><span class='ocrx_word' id='word_1_56' title='bbox 248 955 272 975; x_wconf 72' lang='lat'><strong>&gt;²</strong></span> <span class='ocrx_word' id='word_1_57' title='bbox 300 935 503 994; x_wconf 78' lang='lat' dir='ltr'><strong>Insidiae,</strong></span> <span class='ocrx_word' id='word_1_58' title='bbox 533 949 784 1004; x_wconf 84' lang='lat' dir='ltr'><strong>quantaque</strong></span> <span class='ocrx_word' id='word_1_59' title='bbox 810 950 943 1004; x_wconf 87' lang='lat' dir='ltr'><strong>caput</strong></span> <span class='ocrx_word' id='word_1_60' title='bbox 964 956 1064 986; x_wconf 89' lang='lat' dir='ltr'><strong>cum</strong></span> <span class='ocrx_word' id='word_1_61' title='bbox 1084 937 1236 986; x_wconf 87' lang='lat' dir='ltr'><strong>fraude</strong></span> <span class='ocrx_word' id='word_1_62' title='bbox 1258 948 1461 1004; x_wconf 84' lang='lat' dir='ltr'><strong>petatur,</strong></span> 
     </span>
     <span class='ocr_line' id='line_1_12' title="bbox 248 1012 1362 1075; baseline 0.004 -16"><span class='ocrx_word' id='word_1_63' title='bbox 248 1033 272 1052; x_wconf 83' lang='lat'>»</span> <span class='ocrx_word' id='word_1_64' title='bbox 303 1012 441 1075; x_wconf 82' lang='lat' dir='ltr'><strong>Quod</strong></span> <span class='ocrx_word' id='word_1_65' title='bbox 462 1013 516 1061; x_wconf 91' lang='lat' dir='ltr'><strong>de</strong></span> <span class='ocrx_word' id='word_1_66' title='bbox 539 1014 766 1063; x_wconf 85' lang='lat' dir='ltr'><strong>Dardanio</strong></span> <span class='ocrx_word' id='word_1_67' title='bbox 780 1014 936 1063; x_wconf 71' lang='lat' dir='ltr'><strong>&#39;solum</strong></span> <span class='ocrx_word' id='word_1_68' title='bbox 959 1015 1070 1064; x_wconf 84' lang='lat' dir='ltr'><strong>mihi</strong></span> <span class='ocrx_word' id='word_1_69' title='bbox 1093 1024 1230 1064; x_wconf 83' lang='lat' dir='ltr'><strong>restat</strong></span> <span class='ocrx_word' id='word_1_70' title='bbox 1250 1014 1362 1064; x_wconf 76' lang='lat' dir='ltr'><strong>Iulo,</strong></span> 
     </span>
    </p>

    <p class='ocr_par' dir='ltr' id='par_1_9' title="bbox 246 1088 1286 1157">
     <span class='ocr_line' id='line_1_13' title="bbox 246 1088 1286 1157; baseline 0.003 -20"><span class='ocrx_word' id='word_1_71' title='bbox 246 1110 271 1130; x_wconf 77' lang='lat'><strong>³&gt;</strong></span> <span class='ocrx_word' id='word_1_72' title='bbox 301 1088 460 1139; x_wconf 87' lang='lat' dir='ltr'><strong>Solane</strong></span> <span class='ocrx_word' id='word_1_73' title='bbox 484 1109 654 1157; x_wconf 88' lang='lat' dir='ltr'>semper</span> <span class='ocrx_word' id='word_1_74' title='bbox 678 1111 752 1140; x_wconf 85' lang='lat' dir='ltr'><strong>ero</strong></span> <span class='ocrx_word' id='word_1_75' title='bbox 771 1092 903 1157; x_wconf 90' lang='lat' dir='ltr'><strong>justis</strong></span> <span class='ocrx_word' id='word_1_76' title='bbox 925 1093 1112 1142; x_wconf 86' lang='lat' dir='ltr'><strong>exercita</strong></span> <span class='ocrx_word' id='word_1_77' title='bbox 1135 1092 1286 1141; x_wconf 81' lang='lat' dir='ltr'><strong>curis?</strong></span> 
     </span>
    </p>

    <p class='ocr_par' dir='ltr' id='par_1_10' title="bbox 246 1165 1474 1235">
     <span class='ocr_line' id='line_1_14' title="bbox 246 1165 1474 1235; baseline 0.002 -22"><span class='ocrx_word' id='word_1_78' title='bbox 246 1186 270 1206; x_wconf 82' lang='lat'>»</span> <span class='ocrx_word' id='word_1_79' title='bbox 303 1165 453 1229; x_wconf 84' lang='lat' dir='ltr'><strong>Quam</strong></span> <span class='ocrx_word' id='word_1_80' title='bbox 476 1167 611 1215; x_wconf 89' lang='lat' dir='ltr'><strong>modo</strong></span> <span class='ocrx_word' id='word_1_81' title='bbox 632 1166 813 1234; x_wconf 73' lang='lat' dir='ltr'><strong>Tydida:</strong></span> <span class='ocrx_word' id='word_1_82' title='bbox 837 1167 1077 1235; x_wconf 87' lang='lat' dir='ltr'><strong>Calydonia</strong></span> <span class='ocrx_word' id='word_1_83' title='bbox 1098 1168 1298 1217; x_wconf 88' lang='lat' dir='ltr'><strong>vulneret</strong></span> <span class='ocrx_word' id='word_1_84' title='bbox 1318 1167 1445 1216; x_wconf 83' lang='lat' dir='ltr'><strong>hasta</strong></span> <span class='ocrx_word' id='word_1_85' title='bbox 1462 1184 1474 1224; x_wconf 90' lang='lat'>;</span> 
     </span>
    </p>
   </div>
   <div class='ocr_carea' id='block_1_9' title="bbox 248 1243 1451 1310">
    <p class='ocr_par' dir='ltr' id='par_1_11' title="bbox 248 1243 1451 1310">
     <span class='ocr_line' id='line_1_15' title="bbox 248 1243 1451 1310; baseline 0.002 -20"><span class='ocrx_word' id='word_1_86' title='bbox 248 1264 271 1291; x_wconf 70' lang='lat'><strong>³&gt;</strong></span> <span class='ocrx_word' id='word_1_87' title='bbox 300 1243 430 1291; x_wconf 88' lang='lat' dir='ltr'><strong>Nunc</strong></span> <span class='ocrx_word' id='word_1_88' title='bbox 453 1243 565 1293; x_wconf 91' lang='lat' dir='ltr'><strong>male</strong></span> <span class='ocrx_word' id='word_1_89' title='bbox 591 1244 778 1295; x_wconf 86' lang='lat' dir='ltr'><strong>defensae</strong></span> <span class='ocrx_word' id='word_1_90' title='bbox 800 1247 1077 1295; x_wconf 84' lang='lat' dir='ltr'><strong>confundant</strong></span> <span class='ocrx_word' id='word_1_91' title='bbox 1099 1246 1257 1295; x_wconf 89' lang='lat' dir='ltr'><strong>moenia</strong></span> <span class='ocrx_word' id='word_1_92' title='bbox 1278 1245 1451 1310; x_wconf 85' lang='lat' dir='ltr'><strong>Trojae:</strong></span> 
     </span>
    </p>
   </div>
   <div class='ocr_carea' id='block_1_10' title="bbox 1604 1265 1704 1318">
    <p class='ocr_par' dir='ltr' id='par_1_12' title="bbox 1604 1265 1704 1318">
     <span class='ocr_line' id='line_1_16' title="bbox 1604 1265 1704 1318; baseline 0 -16"><span class='ocrx_word' id='word_1_93' title='bbox 1604 1265 1670 1302; x_wconf 82' lang='lat'><strong>77⁰</strong></span> <span class='ocrx_word' id='word_1_94' title='bbox 1699 1313 1704 1318; x_wconf 26' lang='lat'><strong>,</strong></span> 
     </span>
    </p>
   </div>
   <div class='ocr_carea' id='block_1_11' title="bbox 241 1321 1707 2091">
    <p class='ocr_par' dir='ltr' id='par_1_13' title="bbox 241 1321 1707 2091">
     <span class='ocr_line' id='line_1_17' title="bbox 244 1321 1376 1388; baseline 0.003 -19"><span class='ocrx_word' id='word_1_95' title='bbox 244 1343 270 1364; x_wconf 72' lang='lat'><strong>&gt;³</strong></span> <span class='ocrx_word' id='word_1_96' title='bbox 301 1321 413 1385; x_wconf 84' lang='lat' dir='ltr'><strong>Quae</strong></span> <span class='ocrx_word' id='word_1_97' title='bbox 438 1322 607 1371; x_wconf 88' lang='lat' dir='ltr'><strong>videam</strong></span> <span class='ocrx_word' id='word_1_98' title='bbox 633 1336 787 1373; x_wconf 90' lang='lat' dir='ltr'><strong>natum</strong></span> <span class='ocrx_word' id='word_1_99' title='bbox 809 1324 957 1388; x_wconf 88' lang='lat' dir='ltr'><strong>longis</strong></span> <span class='ocrx_word' id='word_1_100' title='bbox 983 1325 1209 1374; x_wconf 84' lang='lat' dir='ltr'><strong>erroribus</strong></span> <span class='ocrx_word' id='word_1_101' title='bbox 1229 1336 1376 1372; x_wconf 86' lang='lat' dir='ltr'><strong>actum</strong></span> 
     </span>
     <span class='ocr_line' id='line_1_18' title="bbox 244 1400 1402 1468; baseline 0.003 -22"><span class='ocrx_word' id='word_1_102' title='bbox 244 1420 270 1441; x_wconf 88' lang='lat'>»</span> <span class='ocrx_word' id='word_1_103' title='bbox 299 1400 551 1466; x_wconf 86' lang='lat' dir='ltr'><strong>Jactarique</strong></span> <span class='ocrx_word' id='word_1_104' title='bbox 575 1400 689 1449; x_wconf 89' lang='lat' dir='ltr'><strong>freto</strong></span> <span class='ocrx_word' id='word_1_105' title='bbox 706 1439 718 1460; x_wconf 94' lang='lat'><strong>,</strong></span> <span class='ocrx_word' id='word_1_106' title='bbox 742 1401 955 1468; x_wconf 87' lang='lat' dir='ltr'><strong>sedesque</strong></span> <span class='ocrx_word' id='word_1_107' title='bbox 977 1402 1141 1450; x_wconf 89' lang='lat' dir='ltr'><strong>intrare</strong></span> <span class='ocrx_word' id='word_1_108' title='bbox 1165 1402 1402 1459; x_wconf 81' lang='lat' dir='ltr'><strong>silentum,</strong></span> 
     </span>
     <span class='ocr_line' id='line_1_19' title="bbox 244 1475 1557 1542; baseline 0.002 -19"><span class='ocrx_word' id='word_1_109' title='bbox 244 1496 269 1517; x_wconf 87' lang='lat'><strong>&gt;›</strong></span> <span class='ocrx_word' id='word_1_110' title='bbox 299 1475 511 1542; x_wconf 84' lang='lat' dir='ltr'><strong>Bellaque</strong></span> <span class='ocrx_word' id='word_1_111' title='bbox 533 1496 633 1525; x_wconf 88' lang='lat' dir='ltr'><strong>cum</strong></span> <span class='ocrx_word' id='word_1_112' title='bbox 654 1480 810 1526; x_wconf 84' lang='lat' dir='ltr'><strong>Turno</strong></span> <span class='ocrx_word' id='word_1_113' title='bbox 835 1498 983 1541; x_wconf 81' lang='lat' dir='ltr'><strong>gerere</strong></span> <span class='ocrx_word' id='word_1_114' title='bbox 1000 1517 1014 1537; x_wconf 91' lang='lat'><strong>,</strong></span> <span class='ocrx_word' id='word_1_115' title='bbox 1039 1492 1140 1537; x_wconf 86' lang='lat' dir='ltr'><strong>aut,</strong></span> <span class='ocrx_word' id='word_1_116' title='bbox 1165 1479 1202 1527; x_wconf 90' lang='lat' dir='ltr'><strong>si</strong></span> <span class='ocrx_word' id='word_1_117' title='bbox 1224 1499 1323 1528; x_wconf 88' lang='lat' dir='ltr'><strong>vera</strong></span> <span class='ocrx_word' id='word_1_118' title='bbox 1346 1479 1557 1535; x_wconf 88' lang='lat' dir='ltr'><strong>fatemur,</strong></span> 
     </span>
     <span class='ocr_line' id='line_1_20' title="bbox 247 1551 1524 1620; baseline 0.002 -21"><span class='ocrx_word' id='word_1_119' title='bbox 247 1572 271 1594; x_wconf 85' lang='lat'>»</span> <span class='ocrx_word' id='word_1_120' title='bbox 303 1551 417 1600; x_wconf 90' lang='lat' dir='ltr'><strong>Cum</strong></span> <span class='ocrx_word' id='word_1_121' title='bbox 438 1553 617 1601; x_wconf 90' lang='lat' dir='ltr'><strong>Junone</strong></span> <span class='ocrx_word' id='word_1_122' title='bbox 640 1553 781 1616; x_wconf 85' lang='lat' dir='ltr'><strong>magis</strong></span> <span class='ocrx_word' id='word_1_123' title='bbox 806 1573 815 1600; x_wconf 94' lang='lat'>:</span> <span class='ocrx_word' id='word_1_124' title='bbox 839 1554 947 1620; x_wconf 90' lang='lat' dir='ltr'><strong>quid</strong></span> <span class='ocrx_word' id='word_1_125' title='bbox 967 1573 1086 1602; x_wconf 90' lang='lat' dir='ltr'><strong>nunc</strong></span> <span class='ocrx_word' id='word_1_126' title='bbox 1109 1555 1292 1620; x_wconf 87' lang='lat' dir='ltr'><strong>antiqua</strong></span> <span class='ocrx_word' id='word_1_127' title='bbox 1314 1554 1524 1603; x_wconf 89' lang='lat' dir='ltr'><strong>recordor</strong></span> 
     </span>
     <span class='ocr_line' id='line_1_21' title="bbox 246 1630 1667 1698; baseline -0.001 -21"><span class='ocrx_word' id='word_1_128' title='bbox 246 1652 270 1671; x_wconf 86' lang='lat'>»</span> <span class='ocrx_word' id='word_1_129' title='bbox 299 1630 473 1680; x_wconf 84' lang='lat' dir='ltr'><strong>Damna</strong></span> <span class='ocrx_word' id='word_1_130' title='bbox 494 1630 581 1677; x_wconf 88' lang='lat' dir='ltr'><strong>mei</strong></span> <span class='ocrx_word' id='word_1_131' title='bbox 604 1631 806 1692; x_wconf 80' lang='lat' dir='ltr'><strong>generis?</strong></span> <span class='ocrx_word' id='word_1_132' title='bbox 830 1631 964 1679; x_wconf 87' lang='lat' dir='ltr'><strong>timor</strong></span> <span class='ocrx_word' id='word_1_133' title='bbox 987 1631 1060 1679; x_wconf 89' lang='lat' dir='ltr'><strong>hic</strong></span> <span class='ocrx_word' id='word_1_134' title='bbox 1081 1631 1331 1679; x_wconf 89' lang='lat' dir='ltr'><strong>meminisse</strong></span> <span class='ocrx_word' id='word_1_135' title='bbox 1355 1631 1554 1698; x_wconf 87' lang='lat' dir='ltr'><strong>priorum</strong></span> <span class='ocrx_word' id='word_1_136' title='bbox 1602 1641 1667 1689; x_wconf 84' lang='lat'><strong>775</strong></span> 
     </span>
     <span class='ocr_line' id='line_1_22' title="bbox 245 1705 1481 1759; baseline 0.001 -3"><span class='ocrx_word' id='word_1_137' title='bbox 245 1730 269 1750; x_wconf 83' lang='lat'>»</span> <span class='ocrx_word' id='word_1_138' title='bbox 297 1710 401 1756; x_wconf 88' lang='lat' dir='ltr'><strong>Non</strong></span> <span class='ocrx_word' id='word_1_139' title='bbox 420 1708 526 1757; x_wconf 85' lang='lat' dir='ltr'><strong>sinit</strong></span> <span class='ocrx_word' id='word_1_140' title='bbox 550 1728 559 1756; x_wconf 79' lang='lat' dir='ltr'><strong><em>z</em></strong></span> <span class='ocrx_word' id='word_1_141' title='bbox 581 1708 627 1755; x_wconf 88' lang='lat' dir='ltr'><strong>in</strong></span> <span class='ocrx_word' id='word_1_142' title='bbox 651 1728 721 1757; x_wconf 88' lang='lat' dir='ltr'><strong>me</strong></span> <span class='ocrx_word' id='word_1_143' title='bbox 745 1709 847 1757; x_wconf 80' lang='lat' dir='ltr'><strong>acui</strong></span> <span class='ocrx_word' id='word_1_144' title='bbox 866 1709 1098 1759; x_wconf 84' lang='lat' dir='ltr'><strong>sceleratos</strong></span> <span class='ocrx_word' id='word_1_145' title='bbox 1124 1705 1300 1758; x_wconf 83' lang='lat' dir='ltr'><strong>cernitis</strong></span> <span class='ocrx_word' id='word_1_146' title='bbox 1322 1728 1448 1758; x_wconf 87' lang='lat' dir='ltr'><strong>enses</strong></span> <span class='ocrx_word' id='word_1_147' title='bbox 1470 1728 1481 1756; x_wconf 76' lang='grc' dir='ltr'>ε</span> 
     </span>
     <span class='ocr_line' id='line_1_23' title="bbox 246 1774 1582 1855; baseline 0 -21"><span class='ocrx_word' id='word_1_148' title='bbox 246 1810 270 1829; x_wconf 73' lang='lat'><strong>)›</strong></span> <span class='ocrx_word' id='word_1_149' title='bbox 298 1787 429 1851; x_wconf 83' lang='lat' dir='ltr'><strong>Quos</strong></span> <span class='ocrx_word' id='word_1_150' title='bbox 452 1786 713 1853; x_wconf 91' lang='lat' dir='ltr'><strong>prohibete,</strong></span> <span class='ocrx_word' id='word_1_151' title='bbox 739 1807 919 1854; x_wconf 91' lang='lat' dir='ltr'><strong>precor,</strong></span> <span class='ocrx_word' id='word_1_152' title='bbox 945 1788 1203 1855; x_wconf 86' lang='lat' dir='ltr'><strong>facinusque</strong></span> <span class='ocrx_word' id='word_1_153' title='bbox 1227 1774 1426 1855; x_wconf 74' lang='lat' dir='ltr'><strong>repellite</strong></span> <span class='ocrx_word' id='word_1_154' title='bbox 1442 1826 1454 1847; x_wconf 96' lang='lat'><strong>,</strong></span> <span class='ocrx_word' id='word_1_155' title='bbox 1474 1805 1582 1835; x_wconf 82' lang='lat' dir='ltr'><strong>neve</strong></span> 
     </span>
     <span class='ocr_line' id='line_1_24' title="bbox 246 1864 1421 1930; baseline 0.003 -18"><span class='ocrx_word' id='word_1_156' title='bbox 246 1886 271 1907; x_wconf 88' lang='lat'>»</span> <span class='ocrx_word' id='word_1_157' title='bbox 304 1865 432 1913; x_wconf 83' lang='lat' dir='ltr'><strong>Caede</strong></span> <span class='ocrx_word' id='word_1_158' title='bbox 456 1864 695 1913; x_wconf 78' lang='lat' dir='ltr'><strong>sacerdotis</strong></span> <span class='ocrx_word' id='word_1_159' title='bbox 713 1864 907 1913; x_wconf 83' lang='lat' dir='ltr'><strong>flammas</strong></span> <span class='ocrx_word' id='word_1_160' title='bbox 929 1866 1193 1930; x_wconf 81' lang='lat' dir='ltr'><strong>exstinguite</strong></span> <span class='ocrx_word' id='word_1_161' title='bbox 1216 1868 1372 1915; x_wconf 85' lang='lat' dir='ltr'><strong>Vestae.</strong></span> <span class='ocrx_word' id='word_1_162' title='bbox 1397 1887 1421 1909; x_wconf 83' lang='lat'><strong>&gt;›</strong></span> 
     </span>
     <span class='ocr_line' id='line_1_25' title="bbox 306 1940 1329 2008; baseline 0.002 -19"><span class='ocrx_word' id='word_1_163' title='bbox 306 1941 431 1990; x_wconf 86' lang='lat' dir='ltr'><strong>Talia</strong></span> <span class='ocrx_word' id='word_1_164' title='bbox 455 1942 748 2008; x_wconf 82' lang='lat' dir='ltr'><strong>nequicquam</strong></span> <span class='ocrx_word' id='word_1_165' title='bbox 772 1940 869 1991; x_wconf 84' lang='lat' dir='ltr'><strong>toto</strong></span> <span class='ocrx_word' id='word_1_166' title='bbox 892 1944 1045 1992; x_wconf 87' lang='lat' dir='ltr'><strong>Venus</strong></span> <span class='ocrx_word' id='word_1_167' title='bbox 1072 1944 1201 1992; x_wconf 85' lang='lat' dir='ltr'><strong>anxia</strong></span> <span class='ocrx_word' id='word_1_168' title='bbox 1224 1941 1329 1991; x_wconf 86' lang='lat' dir='ltr'><strong>caelo</strong></span> 
     </span>
     <span class='ocr_line' id='line_1_26' title="bbox 241 2019 1707 2091; baseline 0 -25"><span class='ocrx_word' id='word_1_169' title='bbox 241 2019 390 2067; x_wconf 83' lang='lat' dir='ltr'><strong>Verba</strong></span> <span class='ocrx_word' id='word_1_170' title='bbox 410 2019 535 2085; x_wconf 88' lang='lat' dir='ltr'><strong>jacit,</strong></span> <span class='ocrx_word' id='word_1_171' title='bbox 562 2020 848 2087; x_wconf 69' lang='lat' dir='ltr'><strong>Super-osque</strong></span> <span class='ocrx_word' id='word_1_172' title='bbox 869 2033 1017 2070; x_wconf 83' lang='lat' dir='ltr'><strong>movet</strong></span> <span class='ocrx_word' id='word_1_173' title='bbox 1037 2041 1047 2069; x_wconf 91' lang='lat'>:</span> <span class='ocrx_word' id='word_1_174' title='bbox 1075 2021 1151 2088; x_wconf 91' lang='lat' dir='ltr'><strong>qui</strong></span> <span class='ocrx_word' id='word_1_175' title='bbox 1176 2039 1379 2087; x_wconf 88' lang='lat' dir='ltr'><strong>rumpere</strong></span> <span class='ocrx_word' id='word_1_176' title='bbox 1403 2037 1668 2091; x_wconf 84' lang='lat' dir='ltr'><strong>quamquam</strong></span> <span class='ocrx_word' id='word_1_177' title='bbox 1705 2033 1707 2035; x_wconf 88' lang='grc'><strong><em>·</em></strong></span> 
     </span>
    </p>
   </div>
   <div class='ocr_carea' id='block_1_12' title="bbox 241 2099 1403 2165">
    <p class='ocr_par' dir='ltr' id='par_1_14' title="bbox 241 2099 1403 2165">
     <span class='ocr_line' id='line_1_27' title="bbox 241 2099 1403 2165; baseline 0.001 -19"><span class='ocrx_word' id='word_1_178' title='bbox 241 2099 398 2146; x_wconf 87' lang='lat' dir='ltr'><strong>Ferrea</strong></span> <span class='ocrx_word' id='word_1_179' title='bbox 418 2117 509 2151; x_wconf 90' lang='lat' dir='ltr'><strong>non</strong></span> <span class='ocrx_word' id='word_1_180' title='bbox 531 2110 723 2165; x_wconf 87' lang='lat' dir='ltr'><strong>possunt</strong></span> <span class='ocrx_word' id='word_1_181' title='bbox 747 2110 943 2147; x_wconf 82' lang='lat' dir='ltr'><strong>veterum</strong></span> <span class='ocrx_word' id='word_1_182' title='bbox 966 2099 1139 2148; x_wconf 85' lang='lat' dir='ltr'><strong>decreta</strong></span> <span class='ocrx_word' id='word_1_183' title='bbox 1161 2099 1376 2147; x_wconf 90' lang='lat' dir='ltr'><strong>Sororum</strong></span> <span class='ocrx_word' id='word_1_184' title='bbox 1391 2137 1403 2158; x_wconf 96' lang='lat'><strong>,</strong></span> 
     </span>
    </p>
   </div>
   <div class='ocr_carea' id='block_1_13' title="bbox 204 2223 926 2787">
    <p class='ocr_par' dir='ltr' id='par_1_15' title="bbox 204 2223 926 2634">
     <span class='ocr_line' id='line_1_28' title="bbox 242 2223 922 2270; baseline 0.001 -11"><span class='ocrx_word' id='word_1_185' title='bbox 242 2228 406 2264; x_wconf 59' lang='lat' dir='ltr'><strong>Caudi-tis,</strong></span> <span class='ocrx_word' id='word_1_186' title='bbox 428 2223 669 2270; x_wconf 67' lang='lat' dir='ltr'><strong>prospexistis,</strong></span> <span class='ocrx_word' id='word_1_187' title='bbox 692 2225 922 2260; x_wconf 81' lang='lat' dir='ltr'><strong>consuluistis.</strong></span> 
     </span>
     <span class='ocr_line' id='line_1_29' title="bbox 240 2276 922 2323; baseline 0.004 -14"><span class='ocrx_word' id='word_1_188' title='bbox 240 2277 359 2323; x_wconf 87' lang='lat' dir='ltr'><strong>Vulgo</strong></span> <span class='ocrx_word' id='word_1_189' title='bbox 378 2278 437 2320; x_wconf 78' lang='lat' dir='ltr'><strong>(et</strong></span> <span class='ocrx_word' id='word_1_190' title='bbox 454 2277 491 2311; x_wconf 90' lang='lat' dir='ltr'><strong>in</strong></span> <span class='ocrx_word' id='word_1_191' title='bbox 507 2277 624 2322; x_wconf 79' lang='lat' dir='ltr'><strong>Regiis</strong></span> <span class='ocrx_word' id='word_1_192' title='bbox 641 2276 837 2319; x_wconf 83' lang='lat' dir='ltr'><strong>codicibus)</strong></span> <span class='ocrx_word' id='word_1_193' title='bbox 848 2277 922 2320; x_wconf 86' lang='lat' dir='ltr'><strong>fa—</strong></span> 
     </span>
     <span class='ocr_line' id='line_1_30' title="bbox 241 2327 920 2374; baseline -0.001 -11"><span class='ocrx_word' id='word_1_194' title='bbox 241 2333 337 2363; x_wconf 73' lang='lat' dir='ltr'><strong>vistis</strong></span> <span class='ocrx_word' id='word_1_195' title='bbox 351 2331 498 2370; x_wconf 81' lang='lat' dir='ltr'><strong>abunde,</strong></span> <span class='ocrx_word' id='word_1_196' title='bbox 520 2328 614 2374; x_wconf 85' lang='lat' dir='ltr'><strong>quod</strong></span> <span class='ocrx_word' id='word_1_197' title='bbox 630 2327 730 2363; x_wconf 81' lang='lat' dir='ltr'><strong>fluxit</strong></span> <span class='ocrx_word' id='word_1_198' title='bbox 750 2341 791 2363; x_wconf 84' lang='lat' dir='ltr'><strong>ex</strong></span> <span class='ocrx_word' id='word_1_199' title='bbox 806 2328 920 2362; x_wconf 77' lang='lat' dir='ltr'><strong>inter-</strong></span> 
     </span>
     <span class='ocr_line' id='line_1_31' title="bbox 240 2379 922 2424; baseline 0 -10"><span class='ocrx_word' id='word_1_200' title='bbox 240 2380 437 2424; x_wconf 79' lang='lat' dir='ltr'><strong>pretatione</strong></span> <span class='ocrx_word' id='word_1_201' title='bbox 455 2386 506 2415; x_wconf 70' lang='grc' dir='ltr'><strong>τοῦ</strong></span> <span class='ocrx_word' id='word_1_202' title='bbox 521 2379 922 2415; x_wconf 73' lang='lat' dir='ltr'><strong>cavislis.—Mitscher-</strong></span> 
     </span>
     <span class='ocr_line' id='line_1_32' title="bbox 237 2431 926 2477; baseline 0.001 -12"><span class='ocrx_word' id='word_1_203' title='bbox 237 2431 361 2466; x_wconf 85' lang='lat' dir='ltr'><strong>lichius</strong></span> <span class='ocrx_word' id='word_1_204' title='bbox 377 2432 482 2466; x_wconf 88' lang='lat' dir='ltr'><strong>verba</strong></span> <span class='ocrx_word' id='word_1_205' title='bbox 503 2434 591 2466; x_wconf 81' lang='lat' dir='ltr'><em>vidit</em></span> <span class='ocrx_word' id='word_1_206' title='bbox 605 2445 732 2477; x_wconf 80' lang='lat' dir='ltr'><strong>quoque</strong></span> <span class='ocrx_word' id='word_1_207' title='bbox 744 2457 751 2465; x_wconf 94' lang='lat'>.</span> <span class='ocrx_word' id='word_1_208' title='bbox 762 2457 770 2465; x_wconf 92' lang='lat'>.</span> <span class='ocrx_word' id='word_1_209' title='bbox 782 2459 790 2467; x_wconf 88' lang='lat'><em>.</em></span> <span class='ocrx_word' id='word_1_210' title='bbox 801 2435 926 2466; x_wconf 70' lang='lat' dir='ltr'><strong>moveri</strong></span> 
     </span>
     <span class='ocr_line' id='line_1_33' title="bbox 238 2483 919 2529; baseline 0.001 -12"><span class='ocrx_word' id='word_1_211' title='bbox 238 2483 343 2529; x_wconf 85' lang='lat' dir='ltr'><strong>signis</strong></span> <span class='ocrx_word' id='word_1_212' title='bbox 366 2483 612 2528; x_wconf 77' lang='lat' dir='ltr'><strong>parentheseos</strong></span> <span class='ocrx_word' id='word_1_213' title='bbox 638 2484 799 2528; x_wconf 82' lang='lat' dir='ltr'><strong>inclusit,</strong></span> <span class='ocrx_word' id='word_1_214' title='bbox 825 2483 919 2529; x_wconf 88' lang='lat' dir='ltr'><strong>quod</strong></span> 
     </span>
     <span class='ocr_line' id='line_1_34' title="bbox 238 2535 919 2581; baseline 0.003 -12"><span class='ocrx_word' id='word_1_215' title='bbox 238 2543 275 2570; x_wconf 83' lang='lat' dir='ltr'><strong>et</strong></span> <span class='ocrx_word' id='word_1_216' title='bbox 293 2535 348 2570; x_wconf 85' lang='lat' dir='ltr'><strong>alii</strong></span> <span class='ocrx_word' id='word_1_217' title='bbox 362 2536 478 2570; x_wconf 84' lang='lat' dir='ltr'><strong>fecere</strong></span> <span class='ocrx_word' id='word_1_218' title='bbox 490 2536 599 2571; x_wconf 86' lang='lat' dir='ltr'><strong>:male</strong></span> <span class='ocrx_word' id='word_1_219' title='bbox 615 2562 624 2580; x_wconf 93' lang='lat'><strong>,</strong></span> <span class='ocrx_word' id='word_1_220' title='bbox 645 2548 728 2571; x_wconf 87' lang='lat' dir='ltr'><strong>nam</strong></span> <span class='ocrx_word' id='word_1_221' title='bbox 739 2539 868 2581; x_wconf 80' lang='lat' dir='ltr'><strong>palluit</strong></span> <span class='ocrx_word' id='word_1_222' title='bbox 876 2536 919 2571; x_wconf 91' lang='lat' dir='ltr'><strong>ad</strong></span> 
     </span>
     <span class='ocr_line' id='line_1_35' title="bbox 204 2587 702 2634; baseline 0.004 -13"><span class='ocrx_word' id='word_1_223' title='bbox 204 2609 207 2612; x_wconf 79' lang='lat'><strong>,</strong></span> <span class='ocrx_word' id='word_1_224' title='bbox 237 2587 306 2622; x_wconf 88' lang='lat' dir='ltr'><strong>hoc</strong></span> <span class='ocrx_word' id='word_1_225' title='bbox 322 2588 524 2622; x_wconf 86' lang='lat' dir='ltr'><strong>membrum</strong></span> <span class='ocrx_word' id='word_1_226' title='bbox 541 2589 702 2634; x_wconf 79' lang='lat' dir='ltr'><strong>pertinet.</strong></span> 
     </span>
    </p>

    <p class='ocr_par' dir='ltr' id='par_1_16' title="bbox 236 2640 919 2787">
     <span class='ocr_line' id='line_1_36' title="bbox 284 2640 919 2687; baseline 0 -13"><span class='ocrx_word' id='word_1_227' title='bbox 284 2640 356 2687; x_wconf 75' lang='lat'>769.</span> <span class='ocrx_word' id='word_1_228' title='bbox 378 2641 486 2683; x_wconf 83' lang='lat' dir='ltr'><strong>Quam</strong></span> <span class='ocrx_word' id='word_1_229' title='bbox 502 2642 599 2674; x_wconf 87' lang='lat' dir='ltr'><strong>modo</strong></span> <span class='ocrx_word' id='word_1_230' title='bbox 616 2642 754 2686; x_wconf 81' lang='lat' dir='ltr'><em>Tydidoe</em></span> <span class='ocrx_word' id='word_1_231' title='bbox 770 2646 833 2674; x_wconf 83' lang='lat' dir='ltr'><strong>etc.</strong></span> <span class='ocrx_word' id='word_1_232' title='bbox 843 2640 919 2674; x_wconf 87' lang='lat' dir='ltr'><strong>Ve-</strong></span> 
     </span>
     <span class='ocr_line' id='line_1_37' title="bbox 236 2692 915 2727; baseline 0.001 -2"><span class='ocrx_word' id='word_1_233' title='bbox 236 2704 304 2726; x_wconf 89' lang='lat' dir='ltr'><strong>nus</strong></span> <span class='ocrx_word' id='word_1_234' title='bbox 318 2692 500 2727; x_wconf 78' lang='lat' dir='ltr'><strong>vulnerata</strong></span> <span class='ocrx_word' id='word_1_235' title='bbox 518 2692 701 2727; x_wconf 85' lang='lat' dir='ltr'><strong>Diomedis</strong></span> <span class='ocrx_word' id='word_1_236' title='bbox 712 2692 819 2727; x_wconf 80' lang='lat' dir='ltr'><strong>hasta.</strong></span> <span class='ocrx_word' id='word_1_237' title='bbox 835 2692 915 2727; x_wconf 81' lang='lat' dir='ltr'><strong>Ho-</strong></span> 
     </span>
     <span class='ocr_line' id='line_1_38' title="bbox 237 2742 917 2787; baseline 0 -9"><span class='ocrx_word' id='word_1_238' title='bbox 237 2756 373 2787; x_wconf 87' lang='lat' dir='ltr'><strong>merus,</strong></span> <span class='ocrx_word' id='word_1_239' title='bbox 394 2742 434 2778; x_wconf 90' lang='lat' dir='ltr'><strong>ll.</strong></span> <span class='ocrx_word' id='word_1_240' title='bbox 456 2751 500 2787; x_wconf 89' lang='lat' dir='ltr'><strong>E,</strong></span> <span class='ocrx_word' id='word_1_241' title='bbox 521 2744 596 2779; x_wconf 88' lang='lat'>335.</span> <span class='ocrx_word' id='word_1_242' title='bbox 613 2745 721 2778; x_wconf 81' lang='lat' dir='ltr'><strong>Bothe</strong></span> <span class='ocrx_word' id='word_1_243' title='bbox 740 2743 843 2778; x_wconf 87' lang='lat' dir='ltr'><strong>dabat</strong></span> <span class='ocrx_word' id='word_1_244' title='bbox 864 2744 917 2778; x_wconf 82' lang='lat' dir='ltr'><strong>le-</strong></span> 
     </span>
    </p>
   </div>
   <div class='ocr_carea' id='block_1_14' title="bbox 234 2793 916 2892">
    <p class='ocr_par' dir='ltr' id='par_1_17' title="bbox 234 2793 916 2892">
     <span class='ocr_line' id='line_1_39' title="bbox 235 2793 916 2842; baseline 0 -12"><span class='ocrx_word' id='word_1_245' title='bbox 235 2793 403 2839; x_wconf 85' lang='lat' dir='ltr'><strong>gendum,</strong></span> <span class='ocrx_word' id='word_1_246' title='bbox 415 2796 828 2842; x_wconf 80' lang='lat' dir='ltr'><strong>vulnerat.—·Calydom&#39;a‚·</strong></span> <span class='ocrx_word' id='word_1_247' title='bbox 839 2795 916 2830; x_wconf 88' lang='lat' dir='ltr'><strong>vide</strong></span> 
     </span>
     <span class='ocr_line' id='line_1_40' title="bbox 234 2846 916 2892; baseline 0.001 -13"><span class='ocrx_word' id='word_1_248' title='bbox 234 2846 276 2880; x_wconf 74' lang='lat' dir='ltr'><strong>ad</strong></span> <span class='ocrx_word' id='word_1_249' title='bbox 291 2847 395 2891; x_wconf 90' lang='lat' dir='ltr'><strong>XIV,</strong></span> <span class='ocrx_word' id='word_1_250' title='bbox 408 2847 762 2891; x_wconf 77' lang='lat' dir='ltr'><strong>513.-C0nfundanl,</strong></span> <span class='ocrx_word' id='word_1_251' title='bbox 781 2847 916 2892; x_wconf 85' lang='lat' dir='ltr'><strong>pudore</strong></span> 
     </span>
    </p>
   </div>
   <div class='ocr_carea' id='block_1_15' title="bbox 1601 2113 1662 2158">
    <p class='ocr_par' dir='ltr' id='par_1_18' title="bbox 1601 2113 1662 2158">
     <span class='ocr_line' id='line_1_41' title="bbox 1601 2113 1662 2158; baseline -0.049 -11"><span class='ocrx_word' id='word_1_252' title='bbox 1601 2113 1662 2158; x_wconf 82' lang='lat'><strong>781</strong></span> 
     </span>
    </p>
   </div>
   <div class='ocr_carea' id='block_1_16' title="bbox 981 2224 1670 2892">
    <p class='ocr_par' dir='ltr' id='par_1_19' title="bbox 981 2224 1670 2892">
     <span class='ocr_line' id='line_1_42' title="bbox 985 2224 1665 2266; baseline -0.001 -6"><span class='ocrx_word' id='word_1_253' title='bbox 985 2224 1338 2260; x_wconf 79' lang='lat' dir='ltr'><strong>suffundant.—Cum</strong></span> <span class='ocrx_word' id='word_1_254' title='bbox 1347 2226 1483 2259; x_wconf 69' lang='lat' dir='ltr'><strong>,Iunone</strong></span> <span class='ocrx_word' id='word_1_255' title='bbox 1493 2235 1504 2266; x_wconf 84' lang='lat'><strong>,⁰</strong></span> <span class='ocrx_word' id='word_1_256' title='bbox 1518 2237 1559 2259; x_wconf 93' lang='lat' dir='ltr'><strong>ea</strong></span> <span class='ocrx_word' id='word_1_257' title='bbox 1568 2224 1665 2259; x_wconf 86' lang='lat' dir='ltr'><strong>enim</strong></span> 
     </span>
     <span class='ocr_line' id='line_1_43' title="bbox 986 2276 1607 2322; baseline -0.005 -11"><span class='ocrx_word' id='word_1_258' title='bbox 986 2276 1154 2322; x_wconf 79' lang='lat' dir='ltr'><strong>impulsus</strong></span> <span class='ocrx_word' id='word_1_259' title='bbox 1165 2277 1309 2311; x_wconf 90' lang='lat' dir='ltr'><strong>Turnus</strong></span> <span class='ocrx_word' id='word_1_260' title='bbox 1328 2288 1424 2310; x_wconf 86' lang='lat' dir='ltr'><strong>arma</strong></span> <span class='ocrx_word' id='word_1_261' title='bbox 1439 2282 1607 2310; x_wconf 85' lang='lat' dir='ltr'><strong>moverat.</strong></span> 
     </span>
     <span class='ocr_line' id='line_1_44' title="bbox 1032 2327 1666 2374; baseline -0.003 -12"><span class='ocrx_word' id='word_1_262' title='bbox 1032 2329 1104 2374; x_wconf 86' lang='lat'><strong>776.</strong></span> <span class='ocrx_word' id='word_1_263' title='bbox 1131 2330 1173 2362; x_wconf 85' lang='lat' dir='ltr'><strong>In</strong></span> <span class='ocrx_word' id='word_1_264' title='bbox 1191 2342 1242 2363; x_wconf 82' lang='lat' dir='ltr'><strong>me</strong></span> <span class='ocrx_word' id='word_1_265' title='bbox 1257 2331 1339 2363; x_wconf 82' lang='lat' dir='ltr'><strong>acui</strong></span> <span class='ocrx_word' id='word_1_266' title='bbox 1347 2340 1453 2363; x_wconf 80' lang='lat' dir='ltr'><strong>enses.</strong></span> <span class='ocrx_word' id='word_1_267' title='bbox 1471 2327 1513 2361; x_wconf 92' lang='lat' dir='ltr'><strong>In</strong></span> <span class='ocrx_word' id='word_1_268' title='bbox 1531 2339 1666 2372; x_wconf 83' lang='lat' dir='ltr'><strong>proge-</strong></span> 
     </span>
     <span class='ocr_line' id='line_1_45' title="bbox 985 2379 1666 2425; baseline -0.001 -11"><span class='ocrx_word' id='word_1_269' title='bbox 985 2380 1082 2414; x_wconf 83' lang='lat' dir='ltr'><strong>niem</strong></span> <span class='ocrx_word' id='word_1_270' title='bbox 1097 2393 1214 2416; x_wconf 90' lang='lat' dir='ltr'><strong>meam</strong></span> <span class='ocrx_word' id='word_1_271' title='bbox 1229 2393 1236 2415; x_wconf 93' lang='lat'>:</span> <span class='ocrx_word' id='word_1_272' title='bbox 1252 2381 1289 2415; x_wconf 88' lang='lat' dir='ltr'><strong>in</strong></span> <span class='ocrx_word' id='word_1_273' title='bbox 1307 2379 1483 2415; x_wconf 80' lang='lat' dir='ltr'><strong>Caesarem</strong></span> <span class='ocrx_word' id='word_1_274' title='bbox 1500 2379 1666 2425; x_wconf 83' lang='lat' dir='ltr'><strong>conjura-</strong></span> 
     </span>
     <span class='ocr_line' id='line_1_46' title="bbox 985 2429 1666 2478; baseline -0.003 -12"><span class='ocrx_word' id='word_1_275' title='bbox 985 2438 1062 2466; x_wconf 78' lang='lat' dir='ltr'><strong>tum</strong></span> <span class='ocrx_word' id='word_1_276' title='bbox 1079 2439 1130 2467; x_wconf 80' lang='lat' dir='ltr'><strong>est</strong></span> <span class='ocrx_word' id='word_1_277' title='bbox 1146 2446 1164 2467; x_wconf 83' lang='lat' dir='ltr'><strong>a</strong></span> <span class='ocrx_word' id='word_1_278' title='bbox 1181 2432 1355 2478; x_wconf 82' lang='lat' dir='ltr'><strong>sexaginta</strong></span> <span class='ocrx_word' id='word_1_279' title='bbox 1385 2431 1530 2476; x_wconf 87' lang='lat' dir='ltr'><strong>amplius</strong></span> <span class='ocrx_word' id='word_1_280' title='bbox 1545 2457 1555 2473; x_wconf 90' lang='lat'><strong>,</strong></span> <span class='ocrx_word' id='word_1_281' title='bbox 1576 2429 1666 2465; x_wconf 65' lang='lat' dir='ltr'><strong>Cas-</strong></span> 
     </span>
     <span class='ocr_line' id='line_1_47' title="bbox 984 2483 1670 2529; baseline -0.006 -11"><span class='ocrx_word' id='word_1_282' title='bbox 984 2484 1035 2518; x_wconf 84' lang='lat' dir='ltr'><strong>sio</strong></span> <span class='ocrx_word' id='word_1_283' title='bbox 1049 2510 1061 2528; x_wconf 77' lang='lat'><strong>,</strong></span> <span class='ocrx_word' id='word_1_284' title='bbox 1080 2485 1193 2518; x_wconf 88' lang='lat' dir='ltr'><strong>Bruto</strong></span> <span class='ocrx_word' id='word_1_285' title='bbox 1210 2511 1219 2528; x_wconf 93' lang='lat'>‚</span> <span class='ocrx_word' id='word_1_286' title='bbox 1246 2483 1417 2519; x_wconf 86' lang='lat' dir='ltr'><strong>Marcello</strong></span> <span class='ocrx_word' id='word_1_287' title='bbox 1442 2483 1670 2529; x_wconf 84' lang='lat' dir='ltr'><strong>principibus..</strong></span> 
     </span>
     <span class='ocr_line' id='line_1_48' title="bbox 984 2534 1664 2581; baseline -0.004 -10"><span class='ocrx_word' id='word_1_288' title='bbox 984 2537 1050 2570; x_wconf 88' lang='lat' dir='ltr'><strong>Ed.</strong></span> <span class='ocrx_word' id='word_1_289' title='bbox 1060 2555 1104 2563; x_wconf 87' lang='lat'><strong>——</strong></span> <span class='ocrx_word' id='word_1_290' title='bbox 1119 2538 1213 2581; x_wconf 73' lang='lat' dir='ltr'><strong>Ignis</strong></span> <span class='ocrx_word' id='word_1_291' title='bbox 1233 2539 1342 2571; x_wconf 83' lang='lat' dir='ltr'><strong>Vesloe</strong></span> <span class='ocrx_word' id='word_1_292' title='bbox 1353 2539 1538 2570; x_wconf 75' lang='lat' dir='ltr'><strong>exstinctus</strong></span> <span class='ocrx_word' id='word_1_293' title='bbox 1547 2534 1616 2569; x_wconf 82' lang='lat' dir='ltr'><strong>fuit</strong></span> <span class='ocrx_word' id='word_1_294' title='bbox 1627 2534 1664 2568; x_wconf 87' lang='lat' dir='ltr'><strong>in</strong></span> 
     </span>
     <span class='ocr_line' id='line_1_49' title="bbox 984 2586 1608 2634; baseline -0.003 -12"><span class='ocrx_word' id='word_1_295' title='bbox 984 2588 1149 2634; x_wconf 87' lang='lat' dir='ltr'><strong>prodigiis</strong></span> <span class='ocrx_word' id='word_1_296' title='bbox 1162 2602 1170 2630; x_wconf 90' lang='grc'><strong>;</strong></span> <span class='ocrx_word' id='word_1_297' title='bbox 1186 2588 1263 2623; x_wconf 80' lang='lat' dir='ltr'><strong>vide</strong></span> <span class='ocrx_word' id='word_1_298' title='bbox 1278 2587 1469 2623; x_wconf 84' lang='lat' dir='ltr'><strong>Ciofanum</strong></span> <span class='ocrx_word' id='word_1_299' title='bbox 1480 2587 1523 2621; x_wconf 90' lang='lat' dir='ltr'><strong>ad</strong></span> <span class='ocrx_word' id='word_1_300' title='bbox 1535 2586 1569 2621; x_wconf 90' lang='lat' dir='ltr'><strong>h.</strong></span> <span class='ocrx_word' id='word_1_301' title='bbox 1586 2586 1608 2620; x_wconf 92' lang='grc' dir='ltr'><strong>Ι.</strong></span> 
     </span>
     <span class='ocr_line' id='line_1_50' title="bbox 1031 2641 1665 2686; baseline -0.003 -11"><span class='ocrx_word' id='word_1_302' title='bbox 1031 2642 1103 2685; x_wconf 87' lang='lat'>781.</span> <span class='ocrx_word' id='word_1_303' title='bbox 1126 2643 1276 2675; x_wconf 76' lang='lat' dir='ltr'><strong>Veterum</strong></span> <span class='ocrx_word' id='word_1_304' title='bbox 1289 2641 1439 2675; x_wconf 83' lang='lat' dir='ltr'><strong>Sororum</strong></span> <span class='ocrx_word' id='word_1_305' title='bbox 1451 2652 1515 2686; x_wconf 90' lang='lat' dir='ltr'><strong>pro</strong></span> <span class='ocrx_word' id='word_1_306' title='bbox 1524 2665 1533 2682; x_wconf 92' lang='lat'><strong>,</strong></span> <span class='ocrx_word' id='word_1_307' title='bbox 1546 2645 1665 2674; x_wconf 74' lang='lat' dir='ltr'><strong>vetera</strong></span> 
     </span>
     <span class='ocr_line' id='line_1_51' title="bbox 984 2690 1664 2735; baseline -0.004 -8"><span class='ocrx_word' id='word_1_308' title='bbox 984 2692 1123 2727; x_wconf 85' lang='lat' dir='ltr'><strong>decreta</strong></span> <span class='ocrx_word' id='word_1_309' title='bbox 1148 2692 1342 2735; x_wconf 86' lang='lat' dir='ltr'><strong>Sororum,</strong></span> <span class='ocrx_word' id='word_1_310' title='bbox 1369 2692 1570 2727; x_wconf 86' lang='lat' dir='ltr'><strong>Parcarum.</strong></span> <span class='ocrx_word' id='word_1_311' title='bbox 1588 2690 1664 2725; x_wconf 83' lang='lat' dir='ltr'><strong>Nisi</strong></span> 
     </span>
     <span class='ocr_line' id='line_1_52' title="bbox 983 2742 1666 2788; baseline -0.004 -11"><span class='ocrx_word' id='word_1_312' title='bbox 983 2744 1093 2778; x_wconf 87' lang='lat' dir='ltr'><strong>mavis</strong></span> <span class='ocrx_word' id='word_1_313' title='bbox 1109 2756 1208 2779; x_wconf 90' lang='lat' dir='ltr'><strong>senes</strong></span> <span class='ocrx_word' id='word_1_314' title='bbox 1223 2745 1348 2778; x_wconf 88' lang='lat' dir='ltr'><strong>Parcas</strong></span> <span class='ocrx_word' id='word_1_315' title='bbox 1361 2742 1555 2788; x_wconf 80' lang='lat' dir='ltr'><strong>intelligere</strong></span> <span class='ocrx_word' id='word_1_316' title='bbox 1574 2753 1584 2775; x_wconf 90' lang='lat'>:</span> <span class='ocrx_word' id='word_1_317' title='bbox 1601 2753 1666 2774; x_wconf 79' lang='lat' dir='ltr'><strong>ve-</strong></span> 
     </span>
     <span class='ocr_line' id='line_1_53' title="bbox 981 2792 1660 2838; baseline -0.004 -9"><span class='ocrx_word' id='word_1_318' title='bbox 981 2801 1038 2830; x_wconf 78' lang='lat' dir='ltr'><strong>lus</strong></span> <span class='ocrx_word' id='word_1_319' title='bbox 1051 2795 1147 2830; x_wconf 88' lang='lat' dir='ltr'><strong>enim</strong></span> <span class='ocrx_word' id='word_1_320' title='bbox 1165 2796 1213 2830; x_wconf 86' lang='lat' dir='ltr'><strong>sic</strong></span> <span class='ocrx_word' id='word_1_321' title='bbox 1230 2794 1377 2838; x_wconf 85' lang='lat' dir='ltr'><strong>dicitur,</strong></span> <span class='ocrx_word' id='word_1_322' title='bbox 1399 2801 1435 2829; x_wconf 83' lang='lat' dir='ltr'><strong>et</strong></span> <span class='ocrx_word' id='word_1_323' title='bbox 1452 2795 1571 2829; x_wconf 81' lang='lat' dir='ltr'><strong>Parcae</strong></span> <span class='ocrx_word' id='word_1_324' title='bbox 1590 2792 1660 2826; x_wconf 86' lang='lat' dir='ltr'><strong>fin-</strong></span> 
     </span>
     <span class='ocr_line' id='line_1_54' title="bbox 983 2844 1659 2892; baseline -0.009 -10"><span class='ocrx_word' id='word_1_325' title='bbox 983 2847 1154 2892; x_wconf 82' lang='lat' dir='ltr'><strong>gebantur</strong></span> <span class='ocrx_word' id='word_1_326' title='bbox 1171 2859 1293 2887; x_wconf 69' lang='lat' dir='ltr'><strong>senes3</strong></span> <span class='ocrx_word' id='word_1_327' title='bbox 1321 2846 1400 2881; x_wconf 86' lang='lat' dir='ltr'><strong>vide</strong></span> <span class='ocrx_word' id='word_1_328' title='bbox 1423 2844 1604 2879; x_wconf 86' lang='lat' dir='ltr'><strong>Lenzium.</strong></span> <span class='ocrx_word' id='word_1_329' title='bbox 1617 2861 1659 2867; x_wconf 90' lang='lat'><strong>—-</strong></span> 
     </span>
    </p>
   </div>
  </div>
 </body>
</html>
