<?xml version="1.0" encoding="UTF-8"?>
<!DOCTYPE html PUBLIC "-//W3C//DTD XHTML 1.0 Transitional//EN"
    "http://www.w3.org/TR/xhtml1/DTD/xhtml1-transitional.dtd">
<html xmlns="http://www.w3.org/1999/xhtml" xml:lang="en" lang="en">
 <head>
  <title>
</title>
<meta http-equiv="Content-Type" content="text/html;charset=utf-8" />
  <meta name='ocr-system' content='tesseract 3.04.00' />
  <meta name='ocr-capabilities' content='ocr_page ocr_carea ocr_par ocr_line ocrx_word'/>
</head>
<body>
  <div class='ocr_page' id='page_1' title='image "./quaeextantomniao04oviduoft_0017.png"; bbox 0 0 1826 3120; ppageno 0'>
   <div class='ocr_carea' id='block_1_1' title="bbox 271 234 1565 302">
    <p class='ocr_par' dir='ltr' id='par_1_1' title="bbox 271 234 1565 302">
     <span class='ocr_line' id='line_1_1' title="bbox 271 234 1565 302; baseline -0.002 -18"><span class='ocrx_word' id='word_1_1' title='bbox 271 234 274 238; x_wconf 65' lang='grc'><strong>’</strong></span> <span class='ocrx_word' id='word_1_2' title='bbox 331 235 1028 283; x_wconf 83' lang='lat' dir='ltr'><strong>METAMORPHOSEON</strong></span> <span class='ocrx_word' id='word_1_3' title='bbox 1060 238 1186 282; x_wconf 90' lang='lat' dir='ltr'><strong>LIB.</strong></span> <span class='ocrx_word' id='word_1_4' title='bbox 1221 238 1376 302; x_wconf 72' lang='lat' dir='ltr'><strong>vul.</strong></span> <span class='ocrx_word' id='word_1_5' title='bbox 1541 239 1565 282; x_wconf 84' lang='lat'><strong>3</strong></span> 
     </span>
    </p>
   </div>
   <div class='ocr_carea' id='block_1_2' title="bbox 145 331 1572 958">
    <p class='ocr_par' dir='ltr' id='par_1_2' title="bbox 149 331 1253 402">
     <span class='ocr_line' id='line_1_2' title="bbox 149 331 1253 402; baseline -0.004 -19"><span class='ocrx_word' id='word_1_6' title='bbox 149 334 211 383; x_wconf 88' lang='lat' dir='ltr'><strong>Et</strong></span> <span class='ocrx_word' id='word_1_7' title='bbox 230 333 451 402; x_wconf 86' lang='lat' dir='ltr'><strong>pendebat</strong></span> <span class='ocrx_word' id='word_1_8' title='bbox 470 332 614 381; x_wconf 92' lang='lat' dir='ltr'><strong>adhuc</strong></span> <span class='ocrx_word' id='word_1_9' title='bbox 634 331 741 381; x_wconf 90' lang='lat' dir='ltr'><strong>belli</strong></span> <span class='ocrx_word' id='word_1_10' title='bbox 767 333 992 389; x_wconf 80' lang='lat' dir='ltr'><strong>Fortuna3</strong></span> <span class='ocrx_word' id='word_1_11' title='bbox 1020 331 1186 398; x_wconf 89' lang='lat' dir='ltr'><strong>diuque</strong></span> <span class='ocrx_word' id='word_1_12' title='bbox 1216 335 1218 338; x_wconf 71' lang='grc'>’</span> <span class='ocrx_word' id='word_1_13' title='bbox 1251 337 1253 339; x_wconf 71' lang='grc'><strong><em>’</em></strong></span> 
     </span>
    </p>

    <p class='ocr_par' dir='ltr' id='par_1_3' title="bbox 147 408 1262 552">
     <span class='ocr_line' id='line_1_3' title="bbox 147 408 1262 477; baseline -0.004 -16"><span class='ocrx_word' id='word_1_14' title='bbox 147 413 269 461; x_wconf 84' lang='lat' dir='ltr'><strong>Inter</strong></span> <span class='ocrx_word' id='word_1_15' title='bbox 291 422 529 477; x_wconf 88' lang='lat' dir='ltr'><strong>utrumque</strong></span> <span class='ocrx_word' id='word_1_16' title='bbox 552 409 673 459; x_wconf 85' lang='lat' dir='ltr'><strong>volat</strong></span> <span class='ocrx_word' id='word_1_17' title='bbox 697 410 845 459; x_wconf 86' lang='lat' dir='ltr'><strong>dubiis</strong></span> <span class='ocrx_word' id='word_1_18' title='bbox 869 408 1068 457; x_wconf 85' lang='lat' dir='ltr'>Victoria</span> <span class='ocrx_word' id='word_1_19' title='bbox 1090 409 1262 476; x_wconf 83' lang='lat' dir='ltr'><strong>pennis.</strong></span> 
     </span>
     <span class='ocr_line' id='line_1_4' title="bbox 147 486 1170 552; baseline -0.002 -13"><span class='ocrx_word' id='word_1_20' title='bbox 147 486 446 552; x_wconf 72' lang='lat' dir='ltr'><strong>Regia‘turris</strong></span> <span class='ocrx_word' id='word_1_21' title='bbox 469 500 561 537; x_wconf 91' lang='lat' dir='ltr'><strong>erat</strong></span> <span class='ocrx_word' id='word_1_22' title='bbox 582 487 810 537; x_wconf 87' lang='lat' dir='ltr'><strong>vocalibus</strong></span> <span class='ocrx_word' id='word_1_23' title='bbox 835 488 983 536; x_wconf 88' lang='lat' dir='ltr'><strong>addita</strong></span> <span class='ocrx_word' id='word_1_24' title='bbox 1005 488 1170 547; x_wconf 81' lang='lat' dir='ltr'><strong>muris3</strong></span> 
     </span>
    </p>

    <p class='ocr_par' dir='ltr' id='par_1_4' title="bbox 145 565 1572 711">
     <span class='ocr_line' id='line_1_5' title="bbox 145 565 1572 634; baseline -0.001 -19"><span class='ocrx_word' id='word_1_25' title='bbox 145 567 200 615; x_wconf 90' lang='lat' dir='ltr'><strong>In</strong></span> <span class='ocrx_word' id='word_1_26' title='bbox 224 567 389 633; x_wconf 85' lang='lat' dir='ltr'><strong>quibus</strong></span> <span class='ocrx_word' id='word_1_27' title='bbox 413 579 606 617; x_wconf 89' lang='lat' dir='ltr'><strong>auratam</strong></span> <span class='ocrx_word' id='word_1_28' title='bbox 631 566 781 634; x_wconf 91' lang='lat' dir='ltr'><strong>proles</strong></span> <span class='ocrx_word' id='word_1_29' title='bbox 804 566 958 615; x_wconf 88' lang='lat' dir='ltr'><strong>Letoia</strong></span> <span class='ocrx_word' id='word_1_30' title='bbox 979 565 1119 615; x_wconf 86' lang='lat' dir='ltr'><strong>fertur</strong></span> <span class='ocrx_word' id='word_1_31' title='bbox 1534 580 1572 614; x_wconf 81' lang='lat'><strong>15</strong></span> 
     </span>
     <span class='ocr_line' id='line_1_6' title="bbox 146 643 1230 711; baseline -0.001 -19"><span class='ocrx_word' id='word_1_32' title='bbox 146 643 419 711; x_wconf 87' lang='lat' dir='ltr'><strong>Deposuisse</strong></span> <span class='ocrx_word' id='word_1_33' title='bbox 443 643 580 711; x_wconf 77' lang='lat' dir='ltr'><strong>lyram</strong></span> <span class='ocrx_word' id='word_1_34' title='bbox 604 663 614 692; x_wconf 90' lang='lat'>:</span> <span class='ocrx_word' id='word_1_35' title='bbox 635 664 740 693; x_wconf 84' lang='lat' dir='ltr'><strong>saxo</strong></span> <span class='ocrx_word' id='word_1_36' title='bbox 766 663 904 693; x_wconf 90' lang='lat' dir='ltr'><strong>sonus</strong></span> <span class='ocrx_word' id='word_1_37' title='bbox 928 644 1021 710; x_wconf 86' lang='lat' dir='ltr'><strong>ejus</strong></span> <span class='ocrx_word' id='word_1_38' title='bbox 1042 643 1230 692; x_wconf 79' lang='lat' dir='ltr'><strong>inhaesit.</strong></span> 
     </span>
    </p>

    <p class='ocr_par' dir='ltr' id='par_1_5' title="bbox 146 725 1187 793">
     <span class='ocr_line' id='line_1_7' title="bbox 146 725 1187 793; baseline 0 -19"><span class='ocrx_word' id='word_1_39' title='bbox 146 725 270 793; x_wconf 86' lang='lat' dir='ltr'><strong>Saepe</strong></span> <span class='ocrx_word' id='word_1_40' title='bbox 294 725 400 775; x_wconf 87' lang='lat' dir='ltr'><strong>illuc</strong></span> <span class='ocrx_word' id='word_1_41' title='bbox 424 726 555 776; x_wconf 86' lang='lat' dir='ltr'><strong>solita</strong></span> <span class='ocrx_word' id='word_1_42' title='bbox 577 739 645 776; x_wconf 87' lang='lat' dir='ltr'><strong>est</strong></span> <span class='ocrx_word' id='word_1_43' title='bbox 666 726 929 776; x_wconf 83' lang='lat' dir='ltr'><strong>adscendere</strong></span> <span class='ocrx_word' id='word_1_44' title='bbox 952 726 1041 775; x_wconf 83' lang='lat' dir='ltr'><strong>filia</strong></span> <span class='ocrx_word' id='word_1_45' title='bbox 1060 727 1187 785; x_wconf 81' lang='lat' dir='ltr'><strong>Nisi3</strong></span> 
     </span>
    </p>

    <p class='ocr_par' dir='ltr' id='par_1_6' title="bbox 145 809 1155 876">
     <span class='ocr_line' id='line_1_8' title="bbox 145 809 1155 876; baseline 0 -19"><span class='ocrx_word' id='word_1_46' title='bbox 145 809 207 857; x_wconf 87' lang='lat' dir='ltr'><strong>Et</strong></span> <span class='ocrx_word' id='word_1_47' title='bbox 226 820 374 876; x_wconf 89' lang='lat' dir='ltr'><strong>petere</strong></span> <span class='ocrx_word' id='word_1_48' title='bbox 395 809 555 873; x_wconf 83' lang='lat' dir='ltr'><strong>exiguo</strong></span> <span class='ocrx_word' id='word_1_49' title='bbox 582 810 836 859; x_wconf 79' lang='lat' dir='ltr'><strong>resonantia</strong></span> <span class='ocrx_word' id='word_1_50' title='bbox 856 829 956 859; x_wconf 87' lang='lat' dir='ltr'><strong>saxa</strong></span> <span class='ocrx_word' id='word_1_51' title='bbox 978 809 1130 876; x_wconf 88' lang='lat' dir='ltr'><strong>lapillo</strong></span> <span class='ocrx_word' id='word_1_52' title='bbox 1143 847 1155 867; x_wconf 85' lang='lat'><strong><em>,</em></strong></span> 
     </span>
    </p>

    <p class='ocr_par' dir='ltr' id='par_1_7' title="bbox 145 888 1371 958">
     <span class='ocr_line' id='line_1_9' title="bbox 145 888 1371 958; baseline -0.002 -20"><span class='ocrx_word' id='word_1_53' title='bbox 145 890 263 938; x_wconf 88' lang='lat' dir='ltr'><strong>Tum</strong></span> <span class='ocrx_word' id='word_1_54' title='bbox 287 908 423 956; x_wconf 89' lang='lat' dir='ltr'><strong>quum</strong></span> <span class='ocrx_word' id='word_1_55' title='bbox 444 909 529 958; x_wconf 85' lang='lat' dir='ltr'><strong>pax</strong></span> <span class='ocrx_word' id='word_1_56' title='bbox 553 903 670 940; x_wconf 90' lang='lat' dir='ltr'><strong>esset</strong></span> <span class='ocrx_word' id='word_1_57' title='bbox 688 912 698 939; x_wconf 79' lang='lat' dir='ltr'><strong><em>z</em></strong></span> <span class='ocrx_word' id='word_1_58' title='bbox 718 890 840 940; x_wconf 89' lang='lat' dir='ltr'><strong>bello</strong></span> <span class='ocrx_word' id='word_1_59' title='bbox 864 910 1041 957; x_wconf 90' lang='lat' dir='ltr'><strong>quoque</strong></span> <span class='ocrx_word' id='word_1_60' title='bbox 1063 909 1176 956; x_wconf 80' lang='lat' dir='ltr'><strong>saepe</strong></span> <span class='ocrx_word' id='word_1_61' title='bbox 1199 888 1371 938; x_wconf 86' lang='lat' dir='ltr'><strong>solebat</strong></span> 
     </span>
    </p>
   </div>
   <div class='ocr_carea' id='block_1_3' title="bbox 145 1037 829 1448">
    <p class='ocr_par' dir='ltr' id='par_1_8' title="bbox 145 1037 829 1448">
     <span class='ocr_line' id='line_1_10' title="bbox 146 1037 827 1084; baseline -0.003 -9"><span class='ocrx_word' id='word_1_62' title='bbox 146 1038 341 1084; x_wconf 70' lang='lat' dir='ltr'><strong>tet—Regii</strong></span> <span class='ocrx_word' id='word_1_63' title='bbox 351 1037 461 1073; x_wconf 86' lang='lat' dir='ltr'><strong>nostri</strong></span> <span class='ocrx_word' id='word_1_64' title='bbox 471 1064 480 1081; x_wconf 94' lang='lat'>,</span> <span class='ocrx_word' id='word_1_65' title='bbox 497 1039 620 1083; x_wconf 78' lang='lat' dir='ltr'><strong>Lanae‚·</strong></span> <span class='ocrx_word' id='word_1_66' title='bbox 637 1045 671 1073; x_wconf 92' lang='lat' dir='ltr'><strong>at</strong></span> <span class='ocrx_word' id='word_1_67' title='bbox 683 1038 746 1073; x_wconf 89' lang='lat' dir='ltr'><strong>ista</strong></span> <span class='ocrx_word' id='word_1_68' title='bbox 758 1038 827 1073; x_wconf 88' lang='lat' dir='ltr'><strong>lec-</strong></span> 
     </span>
     <span class='ocr_line' id='line_1_11' title="bbox 146 1089 826 1136; baseline -0.003 -10"><span class='ocrx_word' id='word_1_69' title='bbox 146 1090 197 1126; x_wconf 83' lang='lat' dir='ltr'><strong>tio</strong></span> <span class='ocrx_word' id='word_1_70' title='bbox 211 1089 319 1136; x_wconf 83' lang='lat' dir='ltr'><strong>glossa</strong></span> <span class='ocrx_word' id='word_1_71' title='bbox 339 1089 500 1130; x_wconf 63' lang='lat' dir='ltr'><strong>videtum</strong></span> <span class='ocrx_word' id='word_1_72' title='bbox 522 1089 715 1135; x_wconf 79' lang='lat' dir='ltr'><strong>elegantior</strong></span> <span class='ocrx_word' id='word_1_73' title='bbox 731 1096 826 1124; x_wconf 89' lang='lat' dir='ltr'><strong>certe</strong></span> 
     </span>
     <span class='ocr_line' id='line_1_12' title="bbox 147 1141 828 1186; baseline -0.006 -7"><span class='ocrx_word' id='word_1_74' title='bbox 147 1144 301 1178; x_wconf 75' lang='lat' dir='ltr'><strong>Pbaebes.</strong></span> <span class='ocrx_word' id='word_1_75' title='bbox 318 1141 384 1177; x_wconf 85' lang='lat' dir='ltr'><strong>Ed.</strong></span> <span class='ocrx_word' id='word_1_76' title='bbox 406 1161 451 1168; x_wconf 94' lang='lat'><strong>—</strong></span> <span class='ocrx_word' id='word_1_77' title='bbox 469 1144 519 1176; x_wconf 83' lang='lat' dir='ltr'><strong>Et</strong></span> <span class='ocrx_word' id='word_1_78' title='bbox 528 1144 699 1186; x_wconf 80' lang='lat' dir='ltr'><strong>pendebat</strong></span> <span class='ocrx_word' id='word_1_79' title='bbox 716 1144 828 1176; x_wconf 83' lang='lat' dir='ltr'><strong>adhuc</strong></span> 
     </span>
     <span class='ocr_line' id='line_1_13' title="bbox 147 1193 827 1240; baseline -0.004 -10"><span class='ocrx_word' id='word_1_80' title='bbox 147 1202 211 1231; x_wconf 86' lang='lat' dir='ltr'><strong>etc.</strong></span> <span class='ocrx_word' id='word_1_81' title='bbox 221 1207 362 1240; x_wconf 63' lang='lat' dir='ltr'><strong>equum</strong></span> <span class='ocrx_word' id='word_1_82' title='bbox 372 1194 529 1228; x_wconf 85' lang='lat' dir='ltr'><strong>Martem</strong></span> <span class='ocrx_word' id='word_1_83' title='bbox 538 1193 664 1239; x_wconf 86' lang='lat' dir='ltr'><strong>duplici</strong></span> <span class='ocrx_word' id='word_1_84' title='bbox 675 1194 827 1239; x_wconf 80' lang='lat' dir='ltr'><strong>imagine</strong></span> 
     </span>
     <span class='ocr_line' id='line_1_14' title="bbox 146 1245 827 1295; baseline -0.004 -13"><span class='ocrx_word' id='word_1_85' title='bbox 146 1254 302 1295; x_wconf 73' lang='lat' dir='ltr'><strong>exornat.</strong></span> <span class='ocrx_word' id='word_1_86' title='bbox 314 1249 463 1282; x_wconf 74' lang='lat' dir='ltr'><strong>Pendere</strong></span> <span class='ocrx_word' id='word_1_87' title='bbox 471 1247 650 1292; x_wconf 83' lang='lat' dir='ltr'><strong>eleganter</strong></span> <span class='ocrx_word' id='word_1_88' title='bbox 664 1245 827 1280; x_wconf 82' lang='lat' dir='ltr'><strong>dicuntur</strong></span> 
     </span>
     <span class='ocr_line' id='line_1_15' title="bbox 147 1298 828 1345; baseline -0.003 -11"><span class='ocrx_word' id='word_1_89' title='bbox 147 1299 208 1345; x_wconf 91' lang='lat' dir='ltr'><strong>qui</strong></span> <span class='ocrx_word' id='word_1_90' title='bbox 223 1299 404 1342; x_wconf 88' lang='lat' dir='ltr'><strong>dubitant,</strong></span> <span class='ocrx_word' id='word_1_91' title='bbox 422 1299 459 1333; x_wconf 92' lang='lat' dir='ltr'><strong>in</strong></span> <span class='ocrx_word' id='word_1_92' title='bbox 478 1305 595 1333; x_wconf 85' lang='lat' dir='ltr'><strong>utram</strong></span> <span class='ocrx_word' id='word_1_93' title='bbox 611 1305 747 1344; x_wconf 86' lang='lat' dir='ltr'><strong>partem</strong></span> <span class='ocrx_word' id='word_1_94' title='bbox 764 1298 828 1332; x_wconf 91' lang='lat' dir='ltr'><strong>in—</strong></span> 
     </span>
     <span class='ocr_line' id='line_1_16' title="bbox 145 1350 829 1397; baseline -0.004 -10"><span class='ocrx_word' id='word_1_95' title='bbox 145 1352 290 1388; x_wconf 80' lang='lat' dir='ltr'><strong>dinent.</strong></span> <span class='ocrx_word' id='word_1_96' title='bbox 303 1352 473 1387; x_wconf 87' lang='lat' dir='ltr'><strong>Nostrum</strong></span> <span class='ocrx_word' id='word_1_97' title='bbox 485 1351 650 1397; x_wconf 77' lang='lat' dir='ltr'><strong>expressit</strong></span> <span class='ocrx_word' id='word_1_98' title='bbox 663 1350 829 1385; x_wconf 87' lang='lat' dir='ltr'><strong>Claudia-</strong></span> 
     </span>
     <span class='ocr_line' id='line_1_17' title="bbox 148 1404 827 1448; baseline -0.003 -9"><span class='ocrx_word' id='word_1_99' title='bbox 148 1417 215 1439; x_wconf 82' lang='lat' dir='ltr'><strong>nus</strong></span> <span class='ocrx_word' id='word_1_100' title='bbox 229 1430 238 1448; x_wconf 90' lang='lat'><em>,</em></span> <span class='ocrx_word' id='word_1_101' title='bbox 258 1404 275 1439; x_wconf 91' lang='lat' dir='ltr'>I</span> <span class='ocrx_word' id='word_1_102' title='bbox 287 1430 297 1448; x_wconf 93' lang='lat'>,</span> <span class='ocrx_word' id='word_1_103' title='bbox 323 1417 359 1438; x_wconf 89' lang='grc' dir='ltr'><strong>ιι</strong></span> <span class='ocrx_word' id='word_1_104' title='bbox 378 1417 387 1439; x_wconf 88' lang='lat'>:</span> <span class='ocrx_word' id='word_1_105' title='bbox 404 1405 473 1438; x_wconf 74' lang='lat' dir='ltr'><strong>Im</strong></span> <span class='ocrx_word' id='word_1_106' title='bbox 498 1416 598 1448; x_wconf 81' lang='lat' dir='ltr'><strong>neque</strong></span> <span class='ocrx_word' id='word_1_107' title='bbox 611 1416 675 1447; x_wconf 83' lang='lat' dir='ltr'><strong>per</strong></span> <span class='ocrx_word' id='word_1_108' title='bbox 692 1404 827 1437; x_wconf 76' lang='lat' dir='ltr'><strong>dubium</strong></span> 
     </span>
    </p>
   </div>
   <div class='ocr_carea' id='block_1_4' title="bbox 86 1456 829 1501">
    <p class='ocr_par' dir='ltr' id='par_1_9' title="bbox 86 1456 829 1501">
     <span class='ocr_line' id='line_1_18' title="bbox 86 1456 829 1501; baseline -0.005 -8"><span class='ocrx_word' id='word_1_109' title='bbox 86 1467 91 1470; x_wconf 86' lang='grc'>·</span> <span class='ocrx_word' id='word_1_110' title='bbox 140 1458 266 1501; x_wconf 77' lang='lat' dir='ltr'><strong>pendet</strong></span> <span class='ocrx_word' id='word_1_111' title='bbox 277 1459 424 1492; x_wconf 81' lang='lat' dir='ltr'><strong>Fortuna</strong></span> <span class='ocrx_word' id='word_1_112' title='bbox 431 1456 585 1501; x_wconf 69' lang='lat' dir='ltr'><strong>savorem</strong></span> <span class='ocrx_word' id='word_1_113' title='bbox 601 1461 664 1490; x_wconf 85' lang='lat' dir='ltr'><strong>etc.</strong></span> <span class='ocrx_word' id='word_1_114' title='bbox 681 1473 725 1481; x_wconf 91' lang='lat'><strong>-—</strong></span> <span class='ocrx_word' id='word_1_115' title='bbox 747 1457 829 1489; x_wconf 83' lang='lat' dir='ltr'><strong>Vic-</strong></span> 
     </span>
    </p>
   </div>
   <div class='ocr_carea' id='block_1_5' title="bbox 144 1507 830 2815">
    <p class='ocr_par' dir='ltr' id='par_1_10' title="bbox 144 1507 828 1870">
     <span class='ocr_line' id='line_1_19' title="bbox 145 1507 828 1555; baseline -0.004 -10"><span class='ocrx_word' id='word_1_116' title='bbox 145 1513 235 1545; x_wconf 83' lang='lat' dir='ltr'><strong>ton‘a</strong></span> <span class='ocrx_word' id='word_1_117' title='bbox 244 1509 321 1544; x_wconf 86' lang='lat' dir='ltr'><strong>Dea</strong></span> <span class='ocrx_word' id='word_1_118' title='bbox 332 1535 341 1552; x_wconf 94' lang='lat'>,</span> <span class='ocrx_word' id='word_1_119' title='bbox 359 1521 435 1554; x_wconf 82' lang='lat' dir='ltr'><strong>quae</strong></span> <span class='ocrx_word' id='word_1_120' title='bbox 445 1507 587 1555; x_wconf 83' lang='lat' dir='ltr'><strong>virginis</strong></span> <span class='ocrx_word' id='word_1_121' title='bbox 598 1508 694 1542; x_wconf 86' lang='lat' dir='ltr'><strong>alatae</strong></span> <span class='ocrx_word' id='word_1_122' title='bbox 706 1507 828 1542; x_wconf 90' lang='lat' dir='ltr'><strong>habitu</strong></span> 
     </span>
     <span class='ocr_line' id='line_1_20' title="bbox 146 1560 828 1608; baseline -0.003 -12"><span class='ocrx_word' id='word_1_123' title='bbox 146 1561 366 1608; x_wconf 81' lang='lat' dir='ltr'><strong>pingebatur,</strong></span> <span class='ocrx_word' id='word_1_124' title='bbox 381 1573 477 1595; x_wconf 89' lang='lat' dir='ltr'><strong>nunc</strong></span> <span class='ocrx_word' id='word_1_125' title='bbox 487 1560 623 1595; x_wconf 82' lang='lat' dir='ltr'><strong>volabat</strong></span> <span class='ocrx_word' id='word_1_126' title='bbox 631 1562 743 1594; x_wconf 75' lang='lat' dir='ltr'><strong>dubiis</strong></span> <span class='ocrx_word' id='word_1_127' title='bbox 747 1572 828 1604; x_wconf 80' lang='lat' dir='ltr'><strong>pen-</strong></span> 
     </span>
     <span class='ocr_line' id='line_1_21' title="bbox 145 1613 825 1661; baseline -0.004 -10"><span class='ocrx_word' id='word_1_128' title='bbox 145 1619 219 1657; x_wconf 72' lang='lat' dir='ltr'><strong>m,</strong></span> <span class='ocrx_word' id='word_1_129' title='bbox 233 1615 400 1661; x_wconf 85' lang='lat' dir='ltr'><strong>exquisite</strong></span> <span class='ocrx_word' id='word_1_130' title='bbox 410 1641 420 1658; x_wconf 94' lang='lat'>,</span> <span class='ocrx_word' id='word_1_131' title='bbox 441 1614 521 1660; x_wconf 90' lang='lat' dir='ltr'><strong>quia</strong></span> <span class='ocrx_word' id='word_1_132' title='bbox 532 1614 603 1660; x_wconf 89' lang='lat' dir='ltr'><strong>ipsa</strong></span> <span class='ocrx_word' id='word_1_133' title='bbox 614 1621 688 1649; x_wconf 91' lang='lat' dir='ltr'><strong>erat</strong></span> <span class='ocrx_word' id='word_1_134' title='bbox 700 1613 803 1648; x_wconf 87' lang='lat' dir='ltr'><strong>dubia</strong></span> <span class='ocrx_word' id='word_1_135' title='bbox 815 1641 825 1658; x_wconf 88' lang='lat'>,</span> 
     </span>
     <span class='ocr_line' id='line_1_22' title="bbox 146 1666 824 1716; baseline -0.007 -11"><span class='ocrx_word' id='word_1_136' title='bbox 146 1682 217 1716; x_wconf 89' lang='lat' dir='ltr'><strong>quo</strong></span> <span class='ocrx_word' id='word_1_137' title='bbox 231 1668 425 1704; x_wconf 84' lang='lat' dir='ltr'><strong>inclinaret.</strong></span> <span class='ocrx_word' id='word_1_138' title='bbox 444 1666 637 1712; x_wconf 87' lang='lat' dir='ltr'><strong>Compares</strong></span> <span class='ocrx_word' id='word_1_139' title='bbox 649 1680 668 1701; x_wconf 93' lang='lat' dir='ltr'><strong>e</strong></span> <span class='ocrx_word' id='word_1_140' title='bbox 683 1666 770 1701; x_wconf 87' lang='lat' dir='ltr'><strong>libro</strong></span> <span class='ocrx_word' id='word_1_141' title='bbox 787 1667 804 1701; x_wconf 95' lang='lat' dir='ltr'>I</span> <span class='ocrx_word' id='word_1_142' title='bbox 815 1692 824 1710; x_wconf 92' lang='lat'>,</span> 
     </span>
     <span class='ocr_line' id='line_1_23' title="bbox 147 1720 826 1766; baseline -0.009 -8"><span class='ocrx_word' id='word_1_143' title='bbox 147 1722 213 1758; x_wconf 75' lang='lat'><strong>506</strong></span> <span class='ocrx_word' id='word_1_144' title='bbox 224 1748 234 1766; x_wconf 87' lang='lat'>,</span> <span class='ocrx_word' id='word_1_145' title='bbox 251 1728 287 1757; x_wconf 88' lang='lat' dir='ltr'><strong>et</strong></span> <span class='ocrx_word' id='word_1_146' title='bbox 303 1721 349 1762; x_wconf 87' lang='lat' dir='ltr'><strong>V,</strong></span> <span class='ocrx_word' id='word_1_147' title='bbox 367 1720 433 1755; x_wconf 82' lang='lat'><strong>605</strong></span> <span class='ocrx_word' id='word_1_148' title='bbox 447 1746 457 1764; x_wconf 90' lang='lat'>,</span> <span class='ocrx_word' id='word_1_149' title='bbox 474 1721 674 1763; x_wconf 78' lang='lat' dir='ltr'><strong>trepidantes</strong></span> <span class='ocrx_word' id='word_1_150' title='bbox 683 1731 826 1763; x_wconf 80' lang='lat' dir='ltr'><strong>pennas.</strong></span> 
     </span>
     <span class='ocr_line' id='line_1_24' title="bbox 145 1770 826 1817; baseline -0.007 -8"><span class='ocrx_word' id='word_1_151' title='bbox 145 1773 263 1809; x_wconf 85' lang='lat' dir='ltr'><strong>Tibul.</strong></span> <span class='ocrx_word' id='word_1_152' title='bbox 281 1772 339 1816; x_wconf 90' lang='grc' dir='ltr'><strong>ΙΙ,</strong></span> <span class='ocrx_word' id='word_1_153' title='bbox 358 1783 396 1817; x_wconf 85' lang='lat' dir='ltr'><strong>v,</strong></span> <span class='ocrx_word' id='word_1_154' title='bbox 416 1773 458 1816; x_wconf 75' lang='grc'><strong>45</strong></span> <span class='ocrx_word' id='word_1_155' title='bbox 473 1770 718 1816; x_wconf 82' lang='lat' dir='ltr'><strong>:supersessas</strong></span> <span class='ocrx_word' id='word_1_156' title='bbox 730 1773 826 1805; x_wconf 84' lang='lat' dir='ltr'><strong>voli—</strong></span> 
     </span>
     <span class='ocr_line' id='line_1_25' title="bbox 144 1827 509 1870; baseline -0.008 -9"><span class='ocrx_word' id='word_1_157' title='bbox 144 1830 199 1861; x_wconf 79' lang='lat' dir='ltr'><strong>tat</strong></span> <span class='ocrx_word' id='word_1_158' title='bbox 212 1827 363 1862; x_wconf 77' lang='lat' dir='ltr'><strong>Victon’a</strong></span> <span class='ocrx_word' id='word_1_159' title='bbox 372 1837 509 1870; x_wconf 76' lang='lat' dir='ltr'><strong>puppes.</strong></span> 
     </span>
    </p>

    <p class='ocr_par' dir='ltr' id='par_1_11' title="bbox 145 1875 830 2815">
     <span class='ocr_line' id='line_1_26' title="bbox 194 1875 827 1922; baseline -0.006 -9"><span class='ocrx_word' id='word_1_160' title='bbox 194 1879 245 1922; x_wconf 75' lang='lat'><strong>14.</strong></span> <span class='ocrx_word' id='word_1_161' title='bbox 265 1879 376 1922; x_wconf 70' lang='lat' dir='ltr'><strong>Regia</strong></span> <span class='ocrx_word' id='word_1_162' title='bbox 388 1880 488 1912; x_wconf 73' lang='lat' dir='ltr'><strong>turris</strong></span> <span class='ocrx_word' id='word_1_163' title='bbox 499 1903 507 1911; x_wconf 87' lang='lat'><strong>.</strong></span> <span class='ocrx_word' id='word_1_164' title='bbox 519 1903 526 1910; x_wconf 93' lang='lat'><strong>.</strong></span> <span class='ocrx_word' id='word_1_165' title='bbox 539 1901 548 1908; x_wconf 89' lang='lat'><strong>.</strong></span> <span class='ocrx_word' id='word_1_166' title='bbox 561 1889 647 1910; x_wconf 69' lang='lat' dir='ltr'><strong>sato</strong></span> <span class='ocrx_word' id='word_1_167' title='bbox 662 1882 725 1910; x_wconf 84' lang='lat' dir='ltr'><strong>etc.</strong></span> <span class='ocrx_word' id='word_1_168' title='bbox 742 1875 827 1909; x_wconf 87' lang='lat' dir='ltr'><strong>Me·-</strong></span> 
     </span>
     <span class='ocr_line' id='line_1_27' title="bbox 145 1928 827 1975; baseline -0.006 -10"><span class='ocrx_word' id='word_1_169' title='bbox 145 1929 324 1965; x_wconf 81' lang='lat' dir='ltr'><strong>morabilis</strong></span> <span class='ocrx_word' id='word_1_170' title='bbox 351 1929 456 1975; x_wconf 81' lang='lat' dir='ltr'><strong>hujus</strong></span> <span class='ocrx_word' id='word_1_171' title='bbox 479 1931 564 1963; x_wconf 76' lang='lat' dir='ltr'><strong>saxi</strong></span> <span class='ocrx_word' id='word_1_172' title='bbox 586 1935 622 1963; x_wconf 89' lang='lat' dir='ltr'><strong>et</strong></span> <span class='ocrx_word' id='word_1_173' title='bbox 647 1928 702 1962; x_wconf 91' lang='lat' dir='ltr'><strong>alii</strong></span> <span class='ocrx_word' id='word_1_174' title='bbox 722 1940 827 1962; x_wconf 89' lang='lat' dir='ltr'><strong>men-</strong></span> 
     </span>
     <span class='ocr_line' id='line_1_28' title="bbox 147 1979 827 2024; baseline -0.004 -8"><span class='ocrx_word' id='word_1_175' title='bbox 147 1982 284 2017; x_wconf 84' lang='lat' dir='ltr'><strong>tionem</strong></span> <span class='ocrx_word' id='word_1_176' title='bbox 313 1981 446 2016; x_wconf 84' lang='lat' dir='ltr'><strong>faciunt</strong></span> <span class='ocrx_word' id='word_1_177' title='bbox 460 2007 470 2024; x_wconf 91' lang='lat'>,</span> <span class='ocrx_word' id='word_1_178' title='bbox 494 1988 529 2016; x_wconf 88' lang='lat' dir='ltr'><strong>et</strong></span> <span class='ocrx_word' id='word_1_179' title='bbox 556 1979 741 2015; x_wconf 85' lang='lat' dir='ltr'><strong>commode</strong></span> <span class='ocrx_word' id='word_1_180' title='bbox 760 1979 827 2014; x_wconf 83' lang='lat' dir='ltr'><strong>hoc</strong></span> 
     </span>
     <span class='ocr_line' id='line_1_29' title="bbox 145 2034 826 2082; baseline -0.006 -11"><span class='ocrx_word' id='word_1_181' title='bbox 145 2036 223 2071; x_wconf 88' lang='lat' dir='ltr'><strong>loco</strong></span> <span class='ocrx_word' id='word_1_182' title='bbox 240 2035 370 2070; x_wconf 88' lang='lat' dir='ltr'><strong>intexta</strong></span> <span class='ocrx_word' id='word_1_183' title='bbox 386 2041 448 2070; x_wconf 83' lang='lat' dir='ltr'><strong>est.</strong></span> <span class='ocrx_word' id='word_1_184' title='bbox 466 2034 629 2082; x_wconf 88' lang='lat' dir='ltr'><strong>Heynius</strong></span> <span class='ocrx_word' id='word_1_185' title='bbox 640 2061 650 2078; x_wconf 93' lang='lat'>‚</span> <span class='ocrx_word' id='word_1_186' title='bbox 673 2034 715 2068; x_wconf 87' lang='lat' dir='ltr'><strong>ad</strong></span> <span class='ocrx_word' id='word_1_187' title='bbox 733 2034 826 2068; x_wconf 91' lang='lat' dir='ltr'><strong>Vir-</strong></span> 
     </span>
     <span class='ocr_line' id='line_1_30' title="bbox 147 2085 826 2134; baseline -0.003 -11"><span class='ocrx_word' id='word_1_188' title='bbox 147 2087 217 2134; x_wconf 74' lang='lat' dir='ltr'><strong>gilii</strong></span> <span class='ocrx_word' id='word_1_189' title='bbox 244 2087 364 2131; x_wconf 89' lang='lat' dir='ltr'><strong>Cirin,</strong></span> <span class='ocrx_word' id='word_1_190' title='bbox 387 2088 471 2130; x_wconf 82' lang='lat'>¹05,</span> <span class='ocrx_word' id='word_1_191' title='bbox 497 2093 616 2132; x_wconf 84' lang='lat' dir='ltr'><strong>putat,</strong></span> <span class='ocrx_word' id='word_1_192' title='bbox 641 2100 682 2121; x_wconf 84' lang='lat' dir='ltr'><strong>ex</strong></span> <span class='ocrx_word' id='word_1_193' title='bbox 706 2085 826 2121; x_wconf 85' lang='lat' dir='ltr'><strong>Ovidii</strong></span> 
     </span>
     <span class='ocr_line' id='line_1_31' title="bbox 147 2139 826 2174; baseline -0.003 0"><span class='ocrx_word' id='word_1_194' title='bbox 147 2146 267 2174; x_wconf 84' lang='lat' dir='ltr'><strong>mente</strong></span> <span class='ocrx_word' id='word_1_195' title='bbox 297 2143 412 2174; x_wconf 81' lang='lat' dir='ltr'><strong>turn&#39;m</strong></span> <span class='ocrx_word' id='word_1_196' title='bbox 445 2139 591 2174; x_wconf 86' lang='lat' dir='ltr'><strong>edidisse</strong></span> <span class='ocrx_word' id='word_1_197' title='bbox 626 2139 726 2173; x_wconf 89' lang='lat' dir='ltr'><strong>illum</strong></span> <span class='ocrx_word' id='word_1_198' title='bbox 761 2151 826 2172; x_wconf 88' lang='lat' dir='ltr'><strong>so-</strong></span> 
     </span>
     <span class='ocr_line' id='line_1_32' title="bbox 147 2190 827 2235; baseline 0 -11"><span class='ocrx_word' id='word_1_199' title='bbox 147 2203 226 2224; x_wconf 71' lang='lat' dir='ltr'><strong>num</strong></span> <span class='ocrx_word' id='word_1_200' title='bbox 243 2203 254 2224; x_wconf 88' lang='lat'><strong>.·</strong></span> <span class='ocrx_word' id='word_1_201' title='bbox 270 2190 365 2235; x_wconf 83' lang='lat' dir='ltr'><strong>quod</strong></span> <span class='ocrx_word' id='word_1_202' title='bbox 391 2203 465 2225; x_wconf 89' lang='lat' dir='ltr'><strong>non</strong></span> <span class='ocrx_word' id='word_1_203' title='bbox 486 2197 547 2226; x_wconf 87' lang='lat' dir='ltr'><strong>est.</strong></span> <span class='ocrx_word' id='word_1_204' title='bbox 570 2190 709 2226; x_wconf 85' lang='lat' dir='ltr'><strong>Diserte</strong></span> <span class='ocrx_word' id='word_1_205' title='bbox 730 2190 827 2225; x_wconf 87' lang='lat' dir='ltr'><strong>enim</strong></span> 
     </span>
     <span class='ocr_line' id='line_1_33' title="bbox 148 2243 824 2290; baseline 0.001 -13"><span class='ocrx_word' id='word_1_206' title='bbox 148 2254 168 2277; x_wconf 77' lang='lat' dir='ltr'><strong>a</strong></span> <span class='ocrx_word' id='word_1_207' title='bbox 183 2244 357 2277; x_wconf 78' lang='lat' dir='ltr'><strong>vocalibus</strong></span> <span class='ocrx_word' id='word_1_208' title='bbox 369 2243 478 2278; x_wconf 81' lang='lat' dir='ltr'><strong>muris</strong></span> <span class='ocrx_word' id='word_1_209' title='bbox 492 2247 581 2288; x_wconf 74' lang='lat' dir='ltr'><strong>regia</strong></span> <span class='ocrx_word' id='word_1_210' title='bbox 591 2271 599 2285; x_wconf 89' lang='lat'><strong>,</strong></span> <span class='ocrx_word' id='word_1_211' title='bbox 629 2257 648 2278; x_wconf 88' lang='lat' dir='ltr'><strong>a</strong></span> <span class='ocrx_word' id='word_1_212' title='bbox 665 2257 745 2290; x_wconf 85' lang='lat' dir='ltr'><strong>rege</strong></span> <span class='ocrx_word' id='word_1_213' title='bbox 764 2257 824 2278; x_wconf 88' lang='lat' dir='ltr'><strong>ex-</strong></span> 
     </span>
     <span class='ocr_line' id='line_1_34' title="bbox 147 2294 826 2342; baseline 0.001 -12"><span class='ocrx_word' id='word_1_214' title='bbox 147 2301 297 2338; x_wconf 82' lang='lat' dir='ltr'><strong>structa,</strong></span> <span class='ocrx_word' id='word_1_215' title='bbox 322 2297 422 2328; x_wconf 81' lang='lat' dir='ltr'><strong>turris</strong></span> <span class='ocrx_word' id='word_1_216' title='bbox 445 2294 679 2342; x_wconf 85' lang='lat' dir='ltr'><strong>distinguitur.</strong></span> <span class='ocrx_word' id='word_1_217' title='bbox 706 2299 826 2331; x_wconf 83' lang='lat' dir='ltr'><strong>Voca-</strong></span> 
     </span>
     <span class='ocr_line' id='line_1_35' title="bbox 148 2347 827 2395; baseline 0 -12"><span class='ocrx_word' id='word_1_218' title='bbox 148 2351 195 2383; x_wconf 79' lang='lat' dir='ltr'><strong>lis</strong></span> <span class='ocrx_word' id='word_1_219' title='bbox 205 2375 214 2389; x_wconf 85' lang='lat'><strong>,</strong></span> <span class='ocrx_word' id='word_1_220' title='bbox 230 2359 358 2383; x_wconf 89' lang='lat' dir='ltr'><strong>sonum</strong></span> <span class='ocrx_word' id='word_1_221' title='bbox 368 2347 476 2382; x_wconf 88' lang='lat' dir='ltr'><strong>edens</strong></span> <span class='ocrx_word' id='word_1_222' title='bbox 486 2375 495 2390; x_wconf 89' lang='lat'>‚</span> <span class='ocrx_word' id='word_1_223' title='bbox 511 2361 688 2384; x_wconf 83' lang='lat' dir='ltr'><strong>resonans.</strong></span> <span class='ocrx_word' id='word_1_224' title='bbox 700 2349 827 2395; x_wconf 85' lang='lat' dir='ltr'><strong>Apollo</strong></span> 
     </span>
     <span class='ocr_line' id='line_1_36' title="bbox 149 2401 827 2447; baseline -0.001 -9"><span class='ocrx_word' id='word_1_225' title='bbox 149 2401 246 2438; x_wconf 87' lang='lat' dir='ltr'><strong>enim</strong></span> <span class='ocrx_word' id='word_1_226' title='bbox 272 2413 383 2447; x_wconf 88' lang='lat' dir='ltr'><strong>quum</strong></span> <span class='ocrx_word' id='word_1_227' title='bbox 406 2401 597 2445; x_wconf 81' lang='lat' dir='ltr'><strong>Alcathoo,</strong></span> <span class='ocrx_word' id='word_1_228' title='bbox 615 2415 737 2437; x_wconf 89' lang='lat' dir='ltr'><strong>muros</strong></span> <span class='ocrx_word' id='word_1_229' title='bbox 760 2416 827 2438; x_wconf 88' lang='lat' dir='ltr'><strong>ex-</strong></span> 
     </span>
     <span class='ocr_line' id='line_1_37' title="bbox 147 2455 826 2503; baseline 0 -13"><span class='ocrx_word' id='word_1_230' title='bbox 147 2455 298 2491; x_wconf 81' lang='lat' dir='ltr'><strong>struenti</strong></span> <span class='ocrx_word' id='word_1_231' title='bbox 311 2481 321 2499; x_wconf 83' lang='lat'>‚</span> <span class='ocrx_word' id='word_1_232' title='bbox 348 2468 492 2502; x_wconf 87' lang='lat' dir='ltr'><strong>operam</strong></span> <span class='ocrx_word' id='word_1_233' title='bbox 519 2462 662 2490; x_wconf 87' lang='lat' dir='ltr'><strong>navaret</strong></span> <span class='ocrx_word' id='word_1_234' title='bbox 678 2483 687 2500; x_wconf 87' lang='lat'><strong><em>‚</em></strong></span> <span class='ocrx_word' id='word_1_235' title='bbox 715 2456 826 2503; x_wconf 88' lang='lat' dir='ltr'><strong>lyram</strong></span> 
     </span>
     <span class='ocr_line' id='line_1_38' title="bbox 150 2506 827 2553; baseline -0.001 -11"><span class='ocrx_word' id='word_1_236' title='bbox 150 2506 310 2553; x_wconf 79' lang='lat' dir='ltr'><strong>deposuit</strong></span> <span class='ocrx_word' id='word_1_237' title='bbox 329 2519 337 2542; x_wconf 70' lang='grc' dir='ltr'><strong><em>ε</em></strong></span> <span class='ocrx_word' id='word_1_238' title='bbox 353 2520 456 2542; x_wconf 83' lang='lat' dir='ltr'><strong>sonas</strong></span> <span class='ocrx_word' id='word_1_239' title='bbox 473 2515 590 2542; x_wconf 85' lang='lat' dir='ltr'><strong>autem</strong></span> <span class='ocrx_word' id='word_1_240' title='bbox 615 2508 689 2550; x_wconf 80' lang='lat' dir='ltr'><strong>ejus</strong></span> <span class='ocrx_word' id='word_1_241' title='bbox 711 2507 746 2541; x_wconf 91' lang='lat' dir='ltr'><strong>in</strong></span> <span class='ocrx_word' id='word_1_242' title='bbox 770 2507 827 2541; x_wconf 88' lang='lat' dir='ltr'><strong>la·</strong></span> 
     </span>
     <span class='ocr_line' id='line_1_39' title="bbox 150 2557 829 2604; baseline 0.003 -12"><span class='ocrx_word' id='word_1_243' title='bbox 150 2557 248 2604; x_wconf 86' lang='lat' dir='ltr'><strong>pides</strong></span> <span class='ocrx_word' id='word_1_244' title='bbox 264 2558 436 2604; x_wconf 80' lang='lat' dir='ltr'><strong>subjectos</strong></span> <span class='ocrx_word' id='word_1_245' title='bbox 455 2559 613 2601; x_wconf 82' lang='lat' dir='ltr'><strong>transiit,</strong></span> <span class='ocrx_word' id='word_1_246' title='bbox 632 2565 691 2602; x_wconf 88' lang='lat' dir='ltr'><strong>ut,</strong></span> <span class='ocrx_word' id='word_1_247' title='bbox 709 2559 735 2593; x_wconf 90' lang='lat' dir='ltr'><strong>si</strong></span> <span class='ocrx_word' id='word_1_248' title='bbox 754 2559 829 2604; x_wconf 89' lang='lat' dir='ltr'><strong>quis</strong></span> 
     </span>
     <span class='ocr_line' id='line_1_40' title="bbox 150 2609 827 2656; baseline 0.001 -12"><span class='ocrx_word' id='word_1_249' title='bbox 150 2609 263 2656; x_wconf 88' lang='lat' dir='ltr'><strong>lapide</strong></span> <span class='ocrx_word' id='word_1_250' title='bbox 276 2623 335 2646; x_wconf 68' lang='lat' dir='ltr'><strong>eos</strong></span> <span class='ocrx_word' id='word_1_251' title='bbox 346 2618 543 2656; x_wconf 86' lang='lat' dir='ltr'><strong>percuteret</strong></span> <span class='ocrx_word' id='word_1_252' title='bbox 556 2638 564 2654; x_wconf 92' lang='lat'>,</span> <span class='ocrx_word' id='word_1_253' title='bbox 581 2610 747 2645; x_wconf 87' lang='lat' dir='ltr'><strong>eumdem</strong></span> <span class='ocrx_word' id='word_1_254' title='bbox 759 2611 806 2645; x_wconf 90' lang='lat' dir='ltr'><strong>illi</strong></span> <span class='ocrx_word' id='word_1_255' title='bbox 818 2638 827 2656; x_wconf 85' lang='lat'>‚</span> 
     </span>
     <span class='ocr_line' id='line_1_41' title="bbox 153 2662 830 2710; baseline 0.003 -13"><span class='ocrx_word' id='word_1_256' title='bbox 153 2675 259 2708; x_wconf 90' lang='lat' dir='ltr'><strong>quem</strong></span> <span class='ocrx_word' id='word_1_257' title='bbox 274 2662 361 2698; x_wconf 79' lang='lat' dir='ltr'><strong>fides</strong></span> <span class='ocrx_word' id='word_1_258' title='bbox 377 2664 501 2710; x_wconf 84' lang='lat' dir='ltr'><strong>pulsae,</strong></span> <span class='ocrx_word' id='word_1_259' title='bbox 522 2677 651 2699; x_wconf 89' lang='lat' dir='ltr'><strong>sonum</strong></span> <span class='ocrx_word' id='word_1_260' title='bbox 672 2664 830 2699; x_wconf 85' lang='lat' dir='ltr'><strong>ederent.</strong></span> 
     </span>
     <span class='ocr_line' id='line_1_42' title="bbox 153 2714 829 2762; baseline 0 -12"><span class='ocrx_word' id='word_1_261' title='bbox 153 2714 288 2762; x_wconf 84' lang='lat' dir='ltr'><strong>Theog.</strong></span> <span class='ocrx_word' id='word_1_262' title='bbox 299 2730 337 2762; x_wconf 87' lang='lat'><strong>77</strong></span> <span class='ocrx_word' id='word_1_263' title='bbox 346 2730 357 2750; x_wconf 85' lang='lat'>1</span> <span class='ocrx_word' id='word_1_264' title='bbox 371 2731 380 2758; x_wconf 84' lang='lat'>;</span> <span class='ocrx_word' id='word_1_265' title='bbox 395 2717 581 2752; x_wconf 84' lang='lat' dir='ltr'><strong>Pausanias</strong></span> <span class='ocrx_word' id='word_1_266' title='bbox 592 2744 601 2761; x_wconf 87' lang='lat'><strong><em>,</em></strong></span> <span class='ocrx_word' id='word_1_267' title='bbox 617 2717 689 2751; x_wconf 88' lang='lat' dir='ltr'><strong>Att.</strong></span> <span class='ocrx_word' id='word_1_268' title='bbox 700 2730 733 2762; x_wconf 93' lang='lat' dir='ltr'><strong>p.</strong></span> <span class='ocrx_word' id='word_1_269' title='bbox 746 2729 809 2751; x_wconf 88' lang='lat'><strong>100</strong></span> <span class='ocrx_word' id='word_1_270' title='bbox 819 2731 829 2760; x_wconf 90' lang='lat'>;</span> 
     </span>
     <span class='ocr_line' id='line_1_43' title="bbox 154 2767 830 2815; baseline 0.004 -13"><span class='ocrx_word' id='word_1_271' title='bbox 154 2767 342 2814; x_wconf 79' lang='lat' dir='ltr'><strong>Virgilius,</strong></span> <span class='ocrx_word' id='word_1_272' title='bbox 362 2768 434 2804; x_wconf 87' lang='lat' dir='ltr'><strong>Cir.</strong></span> <span class='ocrx_word' id='word_1_273' title='bbox 456 2774 537 2813; x_wconf 71' lang='lat'><strong>1053</strong></span> <span class='ocrx_word' id='word_1_274' title='bbox 555 2770 674 2815; x_wconf 83' lang='lat' dir='ltr'><strong>Epigr.</strong></span> <span class='ocrx_word' id='word_1_275' title='bbox 690 2770 726 2804; x_wconf 88' lang='lat' dir='ltr'><strong>in</strong></span> <span class='ocrx_word' id='word_1_276' title='bbox 745 2770 830 2805; x_wconf 85' lang='lat' dir='ltr'><strong>An-</strong></span> 
     </span>
    </p>
   </div>
   <div class='ocr_carea' id='block_1_6' title="bbox 885 1035 1583 2818">
    <p class='ocr_par' dir='ltr' id='par_1_12' title="bbox 894 1035 1579 1345">
     <span class='ocr_line' id='line_1_44' title="bbox 894 1035 1577 1083; baseline -0.003 -10"><span class='ocrx_word' id='word_1_277' title='bbox 894 1037 978 1073; x_wconf 80' lang='lat' dir='ltr'><strong>thol.</strong></span> <span class='ocrx_word' id='word_1_278' title='bbox 998 1037 1065 1080; x_wconf 89' lang='lat' dir='ltr'><strong>IV,</strong></span> <span class='ocrx_word' id='word_1_279' title='bbox 1084 1051 1116 1083; x_wconf 88' lang='lat' dir='ltr'><strong>p.</strong></span> <span class='ocrx_word' id='word_1_280' title='bbox 1136 1038 1212 1073; x_wconf 84' lang='lat'><strong>351.</strong></span> <span class='ocrx_word' id='word_1_281' title='bbox 1228 1056 1272 1064; x_wconf 91' lang='lat'><strong>-—</strong></span> <span class='ocrx_word' id='word_1_282' title='bbox 1290 1038 1430 1079; x_wconf 76' lang='lat' dir='ltr'><strong>zcto1·a;</strong></span> <span class='ocrx_word' id='word_1_283' title='bbox 1456 1035 1577 1071; x_wconf 86' lang='lat' dir='ltr'><strong>Codex</strong></span> 
     </span>
     <span class='ocr_line' id='line_1_45' title="bbox 896 1087 1576 1133; baseline -0.003 -10"><span class='ocrx_word' id='word_1_284' title='bbox 896 1089 1027 1133; x_wconf 85' lang='lat' dir='ltr'><strong>Regius</strong></span> <span class='ocrx_word' id='word_1_285' title='bbox 1045 1089 1078 1122; x_wconf 93' lang='lat' dir='ltr'><strong>A</strong></span> <span class='ocrx_word' id='word_1_286' title='bbox 1092 1115 1102 1132; x_wconf 86' lang='lat'>,</span> <span class='ocrx_word' id='word_1_287' title='bbox 1119 1090 1265 1130; x_wconf 79' lang='lat' dir='ltr'><strong>Latoia;</strong></span> <span class='ocrx_word' id='word_1_288' title='bbox 1287 1087 1408 1123; x_wconf 88' lang='lat' dir='ltr'><strong>Codex</strong></span> <span class='ocrx_word' id='word_1_289' title='bbox 1424 1088 1454 1122; x_wconf 93' lang='grc' dir='ltr'>Β</span> <span class='ocrx_word' id='word_1_290' title='bbox 1468 1115 1478 1131; x_wconf 84' lang='grc'><em>,</em></span> <span class='ocrx_word' id='word_1_291' title='bbox 1503 1090 1576 1122; x_wconf 87' lang='lat' dir='ltr'><strong>La-</strong></span> 
     </span>
     <span class='ocr_line' id='line_1_46' title="bbox 894 1139 1576 1185; baseline 0.001 -11"><span class='ocrx_word' id='word_1_292' title='bbox 894 1144 1009 1183; x_wconf 78' lang='lat' dir='ltr'><strong>tont&#39;a‚·</strong></span> <span class='ocrx_word' id='word_1_293' title='bbox 1028 1147 1175 1185; x_wconf 88' lang='lat' dir='ltr'><strong>utraque</strong></span> <span class='ocrx_word' id='word_1_294' title='bbox 1187 1147 1390 1175; x_wconf 90' lang='lat' dir='ltr'><strong>nostrorum</strong></span> <span class='ocrx_word' id='word_1_295' title='bbox 1403 1139 1576 1175; x_wconf 89' lang='lat' dir='ltr'><strong>Codicum</strong></span> 
     </span>
     <span class='ocr_line' id='line_1_47' title="bbox 895 1192 1579 1239; baseline 0.003 -13"><span class='ocrx_word' id='word_1_296' title='bbox 895 1192 998 1227; x_wconf 84' lang='lat' dir='ltr'><strong>lectio</strong></span> <span class='ocrx_word' id='word_1_297' title='bbox 1010 1192 1210 1238; x_wconf 88' lang='lat' dir='ltr'><strong>Apollinem</strong></span> <span class='ocrx_word' id='word_1_298' title='bbox 1220 1193 1377 1228; x_wconf 85' lang='lat' dir='ltr'><strong>indicans</strong></span> <span class='ocrx_word' id='word_1_299' title='bbox 1386 1221 1396 1238; x_wconf 82' lang='grc'>,</span> <span class='ocrx_word' id='word_1_300' title='bbox 1413 1201 1579 1239; x_wconf 82' lang='lat' dir='ltr'><strong>praestan—</strong></span> 
     </span>
     <span class='ocr_line' id='line_1_48' title="bbox 894 1246 1579 1293; baseline 0.001 -13"><span class='ocrx_word' id='word_1_301' title='bbox 894 1246 964 1280; x_wconf 88' lang='lat' dir='ltr'><strong>tior</strong></span> <span class='ocrx_word' id='word_1_302' title='bbox 979 1246 1118 1281; x_wconf 89' lang='lat' dir='ltr'><strong>videtur</strong></span> <span class='ocrx_word' id='word_1_303' title='bbox 1134 1247 1296 1293; x_wconf 86' lang='lat' dir='ltr'><strong>quidem;</strong></span> <span class='ocrx_word' id='word_1_304' title='bbox 1317 1254 1352 1289; x_wconf 56' lang='lat' dir='ltr'><strong>et</strong></span> <span class='ocrx_word' id='word_1_305' title='bbox 1364 1247 1487 1283; x_wconf 87' lang='lat' dir='ltr'><strong>melius</strong></span> <span class='ocrx_word' id='word_1_306' title='bbox 1503 1247 1579 1282; x_wconf 95' lang='lat' dir='ltr'><strong>Co-</strong></span> 
     </span>
     <span class='ocr_line' id='line_1_49' title="bbox 895 1297 1506 1345; baseline 0.002 -13"><span class='ocrx_word' id='word_1_307' title='bbox 895 1297 979 1333; x_wconf 87' lang='lat' dir='ltr'><strong>dicis</strong></span> <span class='ocrx_word' id='word_1_308' title='bbox 990 1299 1020 1333; x_wconf 94' lang='lat' dir='ltr'><strong>B</strong></span> <span class='ocrx_word' id='word_1_309' title='bbox 1039 1299 1225 1334; x_wconf 86' lang='lat' dir='ltr'><strong>lectionem</strong></span> <span class='ocrx_word' id='word_1_310' title='bbox 1240 1297 1422 1345; x_wconf 87' lang='lat' dir='ltr'><strong>acceperis&#39;.</strong></span> <span class='ocrx_word' id='word_1_311' title='bbox 1439 1301 1506 1333; x_wconf 87' lang='lat' dir='ltr'><strong>Ed.</strong></span> 
     </span>
    </p>

    <p class='ocr_par' dir='ltr' id='par_1_13' title="bbox 892 1351 1583 2019">
     <span class='ocr_line' id='line_1_50' title="bbox 943 1351 1578 1397; baseline 0 -12"><span class='ocrx_word' id='word_1_312' title='bbox 943 1351 991 1386; x_wconf 81' lang='lat'><strong>16.</strong></span> <span class='ocrx_word' id='word_1_313' title='bbox 1002 1351 1127 1386; x_wconf 71' lang='lat' dir='ltr'><strong>Saxum</strong></span> <span class='ocrx_word' id='word_1_314' title='bbox 1140 1364 1252 1386; x_wconf 89' lang='lat' dir='ltr'><strong>unum</strong></span> <span class='ocrx_word' id='word_1_315' title='bbox 1265 1352 1370 1386; x_wconf 88' lang='lat' dir='ltr'><strong>etiam</strong></span> <span class='ocrx_word' id='word_1_316' title='bbox 1383 1351 1474 1397; x_wconf 87' lang='lat' dir='ltr'><strong>apud</strong></span> <span class='ocrx_word' id='word_1_317' title='bbox 1486 1352 1578 1386; x_wconf 85' lang='lat' dir='ltr'><strong>Pau-</strong></span> 
     </span>
     <span class='ocr_line' id='line_1_51' title="bbox 893 1402 1575 1449; baseline 0.001 -12"><span class='ocrx_word' id='word_1_318' title='bbox 893 1402 1025 1437; x_wconf 84' lang='lat' dir='ltr'><strong>saniam</strong></span> <span class='ocrx_word' id='word_1_319' title='bbox 1037 1428 1046 1446; x_wconf 90' lang='lat'>,</span> <span class='ocrx_word' id='word_1_320' title='bbox 1066 1416 1267 1449; x_wconf 84' lang='lat' dir='ltr'><strong>quanquam</strong></span> <span class='ocrx_word' id='word_1_321' title='bbox 1285 1403 1440 1438; x_wconf 86' lang='lat' dir='ltr'><strong>hocloco</strong></span> <span class='ocrx_word' id='word_1_322' title='bbox 1456 1404 1575 1449; x_wconf 86' lang='lat' dir='ltr'><strong>singu-</strong></span> 
     </span>
     <span class='ocr_line' id='line_1_52' title="bbox 892 1455 1572 1502; baseline -0.001 -10"><span class='ocrx_word' id='word_1_323' title='bbox 892 1455 964 1492; x_wconf 75' lang='lat' dir='ltr'><strong>lare</strong></span> <span class='ocrx_word' id='word_1_324' title='bbox 989 1469 1060 1491; x_wconf 89' lang='lat' dir='ltr'><strong>esse</strong></span> <span class='ocrx_word' id='word_1_325' title='bbox 1081 1463 1194 1502; x_wconf 88' lang='lat' dir='ltr'><strong>potest</strong></span> <span class='ocrx_word' id='word_1_326' title='bbox 1210 1469 1274 1502; x_wconf 90' lang='lat' dir='ltr'><strong>pro</strong></span> <span class='ocrx_word' id='word_1_327' title='bbox 1290 1456 1423 1502; x_wconf 86' lang='lat' dir='ltr'><strong>plurali.</strong></span> <span class='ocrx_word' id='word_1_328' title='bbox 1452 1457 1572 1491; x_wconf 87' lang='lat' dir='ltr'><strong>Bent-</strong></span> 
     </span>
     <span class='ocr_line' id='line_1_53' title="bbox 893 1507 1575 1554; baseline 0.001 -12"><span class='ocrx_word' id='word_1_329' title='bbox 893 1507 999 1552; x_wconf 87' lang='lat' dir='ltr'><strong>leius,</strong></span> <span class='ocrx_word' id='word_1_330' title='bbox 1022 1508 1064 1543; x_wconf 90' lang='lat' dir='ltr'><strong>ad</strong></span> <span class='ocrx_word' id='word_1_331' title='bbox 1088 1509 1277 1544; x_wconf 84' lang='lat' dir='ltr'><strong>Horatium</strong></span> <span class='ocrx_word' id='word_1_332' title='bbox 1292 1537 1301 1552; x_wconf 90' lang='lat'><em>‚</em></span> <span class='ocrx_word' id='word_1_333' title='bbox 1321 1509 1398 1553; x_wconf 93' lang='lat'>111,</span> <span class='ocrx_word' id='word_1_334' title='bbox 1422 1508 1493 1544; x_wconf 88' lang='lat' dir='ltr'><strong>Od.</strong></span> <span class='ocrx_word' id='word_1_335' title='bbox 1521 1520 1575 1554; x_wconf 90' lang='lat'><strong>11,</strong></span> 
     </span>
     <span class='ocr_line' id='line_1_54' title="bbox 898 1561 1576 1606; baseline 0.001 -11"><span class='ocrx_word' id='word_1_336' title='bbox 898 1561 958 1605; x_wconf 83' lang='lat'><strong>18,</strong></span> <span class='ocrx_word' id='word_1_337' title='bbox 975 1569 1100 1597; x_wconf 90' lang='lat' dir='ltr'><strong>monet</strong></span> <span class='ocrx_word' id='word_1_338' title='bbox 1112 1589 1121 1606; x_wconf 94' lang='lat'><em>‚</em></span> <span class='ocrx_word' id='word_1_339' title='bbox 1141 1575 1215 1597; x_wconf 91' lang='lat' dir='ltr'><strong>non</strong></span> <span class='ocrx_word' id='word_1_340' title='bbox 1234 1563 1299 1598; x_wconf 88' lang='lat' dir='ltr'><strong>nisi</strong></span> <span class='ocrx_word' id='word_1_341' title='bbox 1321 1563 1372 1598; x_wconf 88' lang='lat' dir='ltr'><strong>bis</strong></span> <span class='ocrx_word' id='word_1_342' title='bbox 1389 1576 1408 1597; x_wconf 90' lang='lat' dir='ltr'><strong>a</strong></span> <span class='ocrx_word' id='word_1_343' title='bbox 1425 1563 1576 1606; x_wconf 85' lang='lat' dir='ltr'><strong>Nostro,</strong></span> 
     </span>
     <span class='ocr_line' id='line_1_55' title="bbox 893 1612 1577 1661; baseline 0.003 -14"><span class='ocrx_word' id='word_1_344' title='bbox 893 1612 949 1648; x_wconf 87' lang='lat' dir='ltr'><strong>hic</strong></span> <span class='ocrx_word' id='word_1_345' title='bbox 962 1621 998 1649; x_wconf 92' lang='lat' dir='ltr'><strong>et</strong></span> <span class='ocrx_word' id='word_1_346' title='bbox 1008 1614 1113 1650; x_wconf 86' lang='lat' dir='ltr'><strong>Trist.</strong></span> <span class='ocrx_word' id='word_1_347' title='bbox 1127 1615 1181 1650; x_wconf 89' lang='grc' dir='ltr'><strong>ΙΙΙ</strong></span> <span class='ocrx_word' id='word_1_348' title='bbox 1193 1641 1203 1658; x_wconf 85' lang='grc'>,</span> <span class='ocrx_word' id='word_1_349' title='bbox 1222 1618 1242 1659; x_wconf 76' lang='grc'><em>4</em></span> <span class='ocrx_word' id='word_1_350' title='bbox 1251 1642 1261 1659; x_wconf 86' lang='grc'>,</span> <span class='ocrx_word' id='word_1_351' title='bbox 1285 1623 1491 1661; x_wconf 86' lang='lat' dir='ltr'><strong>usurpatum</strong></span> <span class='ocrx_word' id='word_1_352' title='bbox 1504 1628 1577 1650; x_wconf 86' lang='lat' dir='ltr'><strong>esse</strong></span> 
     </span>
     <span class='ocr_line' id='line_1_56' title="bbox 893 1667 1578 1714; baseline 0.003 -14"><span class='ocrx_word' id='word_1_353' title='bbox 893 1679 1093 1711; x_wconf 86' lang='lat' dir='ltr'><strong>pronomen</strong></span> <span class='ocrx_word' id='word_1_354' title='bbox 1109 1668 1194 1711; x_wconf 79' lang='lat' dir='ltr'><strong>ejus,</strong></span> <span class='ocrx_word' id='word_1_355' title='bbox 1212 1667 1317 1713; x_wconf 88' lang='lat' dir='ltr'><strong>idque</strong></span> <span class='ocrx_word' id='word_1_356' title='bbox 1330 1668 1444 1714; x_wconf 89' lang='lat' dir='ltr'><strong>epicos</strong></span> <span class='ocrx_word' id='word_1_357' title='bbox 1458 1675 1578 1713; x_wconf 87' lang='lat' dir='ltr'><strong>poetas</strong></span> 
     </span>
     <span class='ocr_line' id='line_1_57' title="bbox 893 1719 1576 1765; baseline 0.001 -12"><span class='ocrx_word' id='word_1_358' title='bbox 893 1727 1064 1765; x_wconf 90' lang='lat' dir='ltr'><strong>perpetuo</strong></span> <span class='ocrx_word' id='word_1_359' title='bbox 1096 1719 1259 1755; x_wconf 89' lang='lat' dir='ltr'><strong>multasse</strong></span> <span class='ocrx_word' id='word_1_360' title='bbox 1295 1721 1422 1755; x_wconf 85' lang='lat' dir='ltr'><strong>exsilio.</strong></span> <span class='ocrx_word' id='word_1_361' title='bbox 1458 1720 1576 1755; x_wconf 85' lang='lat' dir='ltr'><strong>Etiam</strong></span> 
     </span>
     <span class='ocr_line' id='line_1_58' title="bbox 892 1772 1579 1820; baseline 0.004 -14"><span class='ocrx_word' id='word_1_362' title='bbox 892 1772 1120 1808; x_wconf 89' lang='lat' dir='ltr'><strong>Burmannus</strong></span> <span class='ocrx_word' id='word_1_363' title='bbox 1138 1781 1330 1819; x_wconf 86' lang='lat' dir='ltr'><strong>poetastros</strong></span> <span class='ocrx_word' id='word_1_364' title='bbox 1348 1775 1392 1809; x_wconf 90' lang='lat' dir='ltr'><strong>ob</strong></span> <span class='ocrx_word' id='word_1_365' title='bbox 1407 1775 1579 1820; x_wconf 84' lang='lat' dir='ltr'><strong>frequen-</strong></span> 
     </span>
     <span class='ocr_line' id='line_1_59' title="bbox 892 1824 1575 1871; baseline 0.001 -12"><span class='ocrx_word' id='word_1_366' title='bbox 892 1831 966 1859; x_wconf 87' lang='lat' dir='ltr'><strong>tem</strong></span> <span class='ocrx_word' id='word_1_367' title='bbox 982 1824 1086 1870; x_wconf 86' lang='lat' dir='ltr'><strong>hujus</strong></span> <span class='ocrx_word' id='word_1_368' title='bbox 1108 1827 1328 1871; x_wconf 88' lang='lat' dir='ltr'><strong>pronominis</strong></span> <span class='ocrx_word' id='word_1_369' title='bbox 1352 1839 1454 1861; x_wconf 88' lang='lat' dir='ltr'><strong>usum</strong></span> <span class='ocrx_word' id='word_1_370' title='bbox 1475 1826 1575 1860; x_wconf 85' lang='lat' dir='ltr'><strong>vitu—</strong></span> 
     </span>
     <span class='ocr_line' id='line_1_60' title="bbox 892 1878 1576 1925; baseline 0.001 -14"><span class='ocrx_word' id='word_1_371' title='bbox 892 1879 1213 1922; x_wconf 71' lang='lat' dir='ltr'><strong>perat.—E.2·1&#39;guo‚</strong></span> <span class='ocrx_word' id='word_1_372' title='bbox 1234 1878 1288 1913; x_wconf 86' lang='lat' dir='ltr'><strong>vel</strong></span> <span class='ocrx_word' id='word_1_373' title='bbox 1307 1879 1387 1923; x_wconf 86' lang='lat' dir='ltr'><strong>quia</strong></span> <span class='ocrx_word' id='word_1_374' title='bbox 1402 1879 1500 1925; x_wconf 83' lang='lat' dir='ltr'><strong>virgo</strong></span> <span class='ocrx_word' id='word_1_375' title='bbox 1517 1892 1576 1912; x_wconf 89' lang='lat' dir='ltr'><strong>re-</strong></span> 
     </span>
     <span class='ocr_line' id='line_1_61' title="bbox 893 1929 1575 1978; baseline 0.003 -14"><span class='ocrx_word' id='word_1_376' title='bbox 893 1930 946 1976; x_wconf 83' lang='lat' dir='ltr'><strong>gia</strong></span> <span class='ocrx_word' id='word_1_377' title='bbox 957 1929 1100 1965; x_wconf 85' lang='lat' dir='ltr'><strong>ludebat</strong></span> <span class='ocrx_word' id='word_1_378' title='bbox 1111 1957 1120 1975; x_wconf 87' lang='lat'>‚</span> <span class='ocrx_word' id='word_1_379' title='bbox 1133 1931 1188 1966; x_wconf 87' lang='lat' dir='ltr'><strong>vel</strong></span> <span class='ocrx_word' id='word_1_380' title='bbox 1202 1931 1282 1977; x_wconf 84' lang='lat' dir='ltr'><strong>quia</strong></span> <span class='ocrx_word' id='word_1_381' title='bbox 1295 1932 1352 1967; x_wconf 88' lang='lat' dir='ltr'><strong>tali</strong></span> <span class='ocrx_word' id='word_1_382' title='bbox 1365 1931 1480 1978; x_wconf 86' lang='lat' dir='ltr'><strong>lapillo</strong></span> <span class='ocrx_word' id='word_1_383' title='bbox 1488 1945 1575 1978; x_wconf 88' lang='lat' dir='ltr'><strong>opus</strong></span> 
     </span>
     <span class='ocr_line' id='line_1_62' title="bbox 893 1989 1583 2019; baseline 0.001 -1"><span class='ocrx_word' id='word_1_384' title='bbox 893 1989 977 2018; x_wconf 89' lang='lat' dir='ltr'><strong>erat.</strong></span> <span class='ocrx_word' id='word_1_385' title='bbox 1581 2016 1583 2019; x_wconf 80' lang='grc'>,</span> 
     </span>
    </p>

    <p class='ocr_par' dir='ltr' id='par_1_14' title="bbox 885 2037 1578 2818">
     <span class='ocr_line' id='line_1_63' title="bbox 939 2037 1575 2084; baseline 0.005 -15"><span class='ocrx_word' id='word_1_386' title='bbox 939 2049 952 2070; x_wconf 95' lang='lat'>1</span> <span class='ocrx_word' id='word_1_387' title='bbox 958 2050 989 2084; x_wconf 87' lang='lat'><strong>9.</strong></span> <span class='ocrx_word' id='word_1_388' title='bbox 1004 2037 1102 2071; x_wconf 85' lang='lat' dir='ltr'><strong>Bello</strong></span> <span class='ocrx_word' id='word_1_389' title='bbox 1110 2050 1234 2082; x_wconf 79' lang='lat' dir='ltr'><strong>quoqne</strong></span> <span class='ocrx_word' id='word_1_390' title='bbox 1245 2050 1329 2081; x_wconf 77' lang='lat' dir='ltr'><strong>saepe</strong></span> <span class='ocrx_word' id='word_1_391' title='bbox 1338 2039 1476 2071; x_wconf 80' lang='lat' dir='ltr'><strong>solebat.</strong></span> <span class='ocrx_word' id='word_1_392' title='bbox 1492 2037 1575 2072; x_wconf 87' lang='lat' dir='ltr'><strong>Me-</strong></span> 
     </span>
     <span class='ocr_line' id='line_1_64' title="bbox 892 2086 1576 2133; baseline 0.001 -12"><span class='ocrx_word' id='word_1_393' title='bbox 892 2086 1009 2123; x_wconf 92' lang='lat' dir='ltr'><strong>diceus</strong></span> <span class='ocrx_word' id='word_1_394' title='bbox 1023 2094 1058 2123; x_wconf 78' lang='lat' dir='ltr'><strong>et</strong></span> <span class='ocrx_word' id='word_1_395' title='bbox 1074 2088 1343 2133; x_wconf 84' lang='lat' dir='ltr'><strong>Neapolitanus,</strong></span> <span class='ocrx_word' id='word_1_396' title='bbox 1364 2090 1483 2122; x_wconf 80' lang='lat' dir='ltr'><strong>bellum</strong></span> <span class='ocrx_word' id='word_1_397' title='bbox 1493 2101 1576 2133; x_wconf 82' lang='lat' dir='ltr'><strong>quo-</strong></span> 
     </span>
     <span class='ocr_line' id='line_1_65' title="bbox 891 2142 1571 2184; baseline 0.003 -10"><span class='ocrx_word' id='word_1_398' title='bbox 891 2153 952 2184; x_wconf 82' lang='lat' dir='ltr'><strong>que</strong></span> <span class='ocrx_word' id='word_1_399' title='bbox 974 2147 1061 2176; x_wconf 81' lang='lat' dir='ltr'><strong>turre</strong></span> <span class='ocrx_word' id='word_1_400' title='bbox 1082 2144 1221 2176; x_wconf 83' lang='lat' dir='ltr'><strong>solebat.</strong></span> <span class='ocrx_word' id='word_1_401' title='bbox 1250 2142 1296 2176; x_wconf 83' lang='lat' dir='ltr'><strong>Et</strong></span> <span class='ocrx_word' id='word_1_402' title='bbox 1321 2144 1441 2176; x_wconf 81' lang='lat' dir='ltr'><strong>bellum</strong></span> <span class='ocrx_word' id='word_1_403' title='bbox 1466 2142 1571 2176; x_wconf 90' lang='lat' dir='ltr'><strong>etiam</strong></span> 
     </span>
     <span class='ocr_line' id='line_1_66' title="bbox 892 2193 1574 2240; baseline 0.001 -13"><span class='ocrx_word' id='word_1_404' title='bbox 892 2193 1047 2228; x_wconf 89' lang='lat' dir='ltr'><strong>Urbinas</strong></span> <span class='ocrx_word' id='word_1_405' title='bbox 1061 2201 1096 2228; x_wconf 89' lang='lat' dir='ltr'><strong>et</strong></span> <span class='ocrx_word' id='word_1_406' title='bbox 1109 2193 1412 2240; x_wconf 84' lang='lat' dir='ltr'><strong>Berneggerianus</strong></span> <span class='ocrx_word' id='word_1_407' title='bbox 1426 2206 1446 2228; x_wconf 88' lang='lat' dir='ltr'><strong>a</strong></span> <span class='ocrx_word' id='word_1_408' title='bbox 1465 2207 1574 2228; x_wconf 89' lang='lat' dir='ltr'><strong>manu</strong></span> 
     </span>
     <span class='ocr_line' id='line_1_67' title="bbox 891 2246 1573 2291; baseline 0.001 -12"><span class='ocrx_word' id='word_1_409' title='bbox 891 2246 1022 2291; x_wconf 88' lang='lat' dir='ltr'><strong>prima;</strong></span> <span class='ocrx_word' id='word_1_410' title='bbox 1039 2254 1115 2281; x_wconf 91' lang='lat' dir='ltr'><strong>tum</strong></span> <span class='ocrx_word' id='word_1_411' title='bbox 1129 2246 1183 2280; x_wconf 81' lang='lat' dir='ltr'><strong>ille</strong></span> <span class='ocrx_word' id='word_1_412' title='bbox 1197 2258 1277 2280; x_wconf 86' lang='lat' dir='ltr'><strong>mox</strong></span> <span class='ocrx_word' id='word_1_413' title='bbox 1289 2272 1298 2290; x_wconf 83' lang='lat'>,</span> <span class='ocrx_word' id='word_1_414' title='bbox 1315 2259 1394 2291; x_wconf 79' lang='lat' dir='ltr'><strong>eque</strong></span> <span class='ocrx_word' id='word_1_415' title='bbox 1408 2249 1480 2280; x_wconf 81' lang='lat' dir='ltr'><strong>illa.</strong></span> <span class='ocrx_word' id='word_1_416' title='bbox 1505 2247 1573 2280; x_wconf 81' lang='lat' dir='ltr'><strong>Hae</strong></span> 
     </span>
     <span class='ocr_line' id='line_1_68' title="bbox 891 2298 1574 2345; baseline 0 -12"><span class='ocrx_word' id='word_1_417' title='bbox 891 2300 1075 2335; x_wconf 86' lang='lat' dir='ltr'><strong>varietates</strong></span> <span class='ocrx_word' id='word_1_418' title='bbox 1096 2300 1244 2335; x_wconf 84' lang='lat' dir='ltr'><strong>Heinsio</strong></span> <span class='ocrx_word' id='word_1_419' title='bbox 1270 2300 1474 2345; x_wconf 90' lang='lat' dir='ltr'><strong>probantur.</strong></span> <span class='ocrx_word' id='word_1_420' title='bbox 1502 2298 1574 2334; x_wconf 85' lang='lat' dir='ltr'><strong>Sed</strong></span> 
     </span>
     <span class='ocr_line' id='line_1_69' title="bbox 891 2352 1573 2397; baseline -0.001 -11"><span class='ocrx_word' id='word_1_421' title='bbox 891 2359 977 2386; x_wconf 83' lang='lat' dir='ltr'><strong>turre</strong></span> <span class='ocrx_word' id='word_1_422' title='bbox 1001 2352 1152 2387; x_wconf 89' lang='lat' dir='ltr'><strong>otiosum</strong></span> <span class='ocrx_word' id='word_1_423' title='bbox 1170 2358 1239 2396; x_wconf 88' lang='lat' dir='ltr'><strong>est,</strong></span> <span class='ocrx_word' id='word_1_424' title='bbox 1265 2365 1374 2397; x_wconf 86' lang='lat' dir='ltr'><strong>quum</strong></span> <span class='ocrx_word' id='word_1_425' title='bbox 1401 2365 1487 2395; x_wconf 78' lang='lat' dir='ltr'><strong>soepe</strong></span> <span class='ocrx_word' id='word_1_426' title='bbox 1509 2364 1573 2386; x_wconf 84' lang='lat' dir='ltr'><strong>se-</strong></span> 
     </span>
     <span class='ocr_line' id='line_1_70' title="bbox 893 2401 1573 2450; baseline -0.001 -12"><span class='ocrx_word' id='word_1_427' title='bbox 893 2404 1035 2449; x_wconf 87' lang='lat' dir='ltr'><strong>quentia</strong></span> <span class='ocrx_word' id='word_1_428' title='bbox 1060 2404 1234 2450; x_wconf 83' lang='lat' dir='ltr'><strong>postulare</strong></span> <span class='ocrx_word' id='word_1_429' title='bbox 1260 2404 1457 2438; x_wconf 73' lang='lat' dir='ltr'><strong>videantur.</strong></span> <span class='ocrx_word' id='word_1_430' title='bbox 1476 2401 1573 2437; x_wconf 87' lang='lat' dir='ltr'><strong>Tum</strong></span> 
     </span>
     <span class='ocr_line' id='line_1_71' title="bbox 892 2454 1573 2500; baseline -0.001 -11"><span class='ocrx_word' id='word_1_431' title='bbox 892 2458 978 2490; x_wconf 86' lang='lat' dir='ltr'><strong>bello</strong></span> <span class='ocrx_word' id='word_1_432' title='bbox 992 2463 1026 2490; x_wconf 91' lang='lat' dir='ltr'><strong>et</strong></span> <span class='ocrx_word' id='word_1_433' title='bbox 1040 2469 1137 2500; x_wconf 77' lang='lat' dir='ltr'><strong>quum</strong></span> <span class='ocrx_word' id='word_1_434' title='bbox 1147 2469 1221 2500; x_wconf 69' lang='lat' dir='ltr'><strong>pax</strong></span> <span class='ocrx_word' id='word_1_435' title='bbox 1233 2461 1320 2490; x_wconf 82' lang='lat' dir='ltr'><strong>esse!</strong></span> <span class='ocrx_word' id='word_1_436' title='bbox 1336 2456 1424 2489; x_wconf 87' lang='lat' dir='ltr'><strong>bene</strong></span> <span class='ocrx_word' id='word_1_437' title='bbox 1438 2454 1499 2490; x_wconf 86' lang='lat' dir='ltr'><strong>sibi</strong></span> <span class='ocrx_word' id='word_1_438' title='bbox 1514 2468 1573 2489; x_wconf 86' lang='lat' dir='ltr'><strong>re·-</strong></span> 
     </span>
     <span class='ocr_line' id='line_1_72' title="bbox 891 2507 1574 2553; baseline -0.001 -10"><span class='ocrx_word' id='word_1_439' title='bbox 891 2507 1077 2553; x_wconf 85' lang='lat' dir='ltr'><strong>spondent.</strong></span> <span class='ocrx_word' id='word_1_440' title='bbox 1087 2509 1314 2543; x_wconf 87' lang='lat' dir='ltr'><strong>Burmannus</strong></span> <span class='ocrx_word' id='word_1_441' title='bbox 1328 2514 1493 2553; x_wconf 84' lang='lat' dir='ltr'><strong>praeterea</strong></span> <span class='ocrx_word' id='word_1_442' title='bbox 1506 2521 1574 2553; x_wconf 90' lang='lat' dir='ltr'><strong>pu-</strong></span> 
     </span>
     <span class='ocr_line' id='line_1_73' title="bbox 894 2561 1573 2606; baseline -0.001 -10"><span class='ocrx_word' id='word_1_443' title='bbox 894 2569 962 2605; x_wconf 90' lang='lat' dir='ltr'><strong>tat,</strong></span> <span class='ocrx_word' id='word_1_444' title='bbox 981 2574 1148 2596; x_wconf 85' lang='lat' dir='ltr'><strong>numeros</strong></span> <span class='ocrx_word' id='word_1_445' title='bbox 1160 2563 1232 2595; x_wconf 88' lang='lat' dir='ltr'><strong>sorc</strong></span> <span class='ocrx_word' id='word_1_446' title='bbox 1246 2561 1361 2596; x_wconf 89' lang='lat' dir='ltr'><strong>minus</strong></span> <span class='ocrx_word' id='word_1_447' title='bbox 1373 2561 1553 2606; x_wconf 76' lang='lat' dir='ltr'><strong>languidos</strong></span> <span class='ocrx_word' id='word_1_448' title='bbox 1563 2589 1573 2605; x_wconf 88' lang='lat'><strong><em>‚</em></strong></span> 
     </span>
     <span class='ocr_line' id='line_1_74' title="bbox 894 2614 1574 2661; baseline 0.001 -13"><span class='ocrx_word' id='word_1_449' title='bbox 894 2616 919 2649; x_wconf 89' lang='lat' dir='ltr'><strong>si</strong></span> <span class='ocrx_word' id='word_1_450' title='bbox 930 2628 1009 2649; x_wconf 80' lang='lat' dir='ltr'><strong>cum</strong></span> <span class='ocrx_word' id='word_1_451' title='bbox 1024 2614 1183 2648; x_wconf 85' lang='lat' dir='ltr'><strong>Leidensi</strong></span> <span class='ocrx_word' id='word_1_452' title='bbox 1197 2615 1299 2661; x_wconf 81' lang='lat' dir='ltr'><strong>legas,</strong></span> <span class='ocrx_word' id='word_1_453' title='bbox 1314 2628 1490 2660; x_wconf 76' lang='lat' dir='ltr'><strong>quumpax</strong></span> <span class='ocrx_word' id='word_1_454' title='bbox 1500 2622 1574 2649; x_wconf 86' lang='lat' dir='ltr'><strong>lala</strong></span> 
     </span>
     <span class='ocr_line' id='line_1_75' title="bbox 885 2667 1575 2712; baseline 0.001 -11"><span class='ocrx_word' id='word_1_455' title='bbox 885 2667 986 2711; x_wconf 85' lang='lat' dir='ltr'><strong>foret.</strong></span> <span class='ocrx_word' id='word_1_456' title='bbox 1002 2667 1101 2712; x_wconf 80' lang='lat' dir='ltr'><strong>Regii</strong></span> <span class='ocrx_word' id='word_1_457' title='bbox 1122 2668 1230 2702; x_wconf 82' lang='lat' dir='ltr'><strong>nostri</strong></span> <span class='ocrx_word' id='word_1_458' title='bbox 1257 2668 1342 2703; x_wconf 85' lang='lat' dir='ltr'><strong>nihil</strong></span> <span class='ocrx_word' id='word_1_459' title='bbox 1366 2675 1514 2702; x_wconf 80' lang='lat' dir='ltr'><strong>mutant.</strong></span> <span class='ocrx_word' id='word_1_460' title='bbox 1532 2687 1575 2693; x_wconf 89' lang='lat'><strong>—-</strong></span> 
     </span>
     <span class='ocr_line' id='line_1_76' title="bbox 895 2720 1574 2766; baseline 0.001 -14"><span class='ocrx_word' id='word_1_461' title='bbox 895 2720 993 2753; x_wconf 84' lang='lat' dir='ltr'><strong>Bello</strong></span> <span class='ocrx_word' id='word_1_462' title='bbox 1010 2747 1018 2761; x_wconf 89' lang='lat'><strong><em>,</em></strong></span> <span class='ocrx_word' id='word_1_463' title='bbox 1050 2727 1208 2765; x_wconf 89' lang='lat' dir='ltr'><strong>tempore</strong></span> <span class='ocrx_word' id='word_1_464' title='bbox 1242 2721 1321 2755; x_wconf 86' lang='lat' dir='ltr'><strong>belli</strong></span> <span class='ocrx_word' id='word_1_465' title='bbox 1339 2747 1347 2764; x_wconf 91' lang='lat'><em>,</em></span> <span class='ocrx_word' id='word_1_466' title='bbox 1379 2728 1416 2755; x_wconf 88' lang='lat' dir='ltr'><strong>ut</strong></span> <span class='ocrx_word' id='word_1_467' title='bbox 1450 2721 1574 2766; x_wconf 83' lang='lat' dir='ltr'><strong>passim</strong></span> 
     </span>
     <span class='ocr_line' id='line_1_77' title="bbox 895 2772 1578 2818; baseline 0 -13"><span class='ocrx_word' id='word_1_468' title='bbox 895 2773 1001 2813; x_wconf 70' lang='lat' dir='ltr'><strong>ludis,</strong></span> <span class='ocrx_word' id='word_1_469' title='bbox 1025 2774 1202 2818; x_wconf 71' lang='lat' dir='ltr'><strong>sacrfiu&#39;is·</strong></span> <span class='ocrx_word' id='word_1_470' title='bbox 1219 2779 1282 2808; x_wconf 86' lang='lat' dir='ltr'><strong>etc.</strong></span> <span class='ocrx_word' id='word_1_471' title='bbox 1296 2799 1305 2816; x_wconf 84' lang='lat'><strong><em>,</em></strong></span> <span class='ocrx_word' id='word_1_472' title='bbox 1333 2772 1366 2806; x_wconf 84' lang='lat' dir='ltr'><strong>id</strong></span> <span class='ocrx_word' id='word_1_473' title='bbox 1382 2779 1456 2817; x_wconf 89' lang='lat' dir='ltr'><strong>est,</strong></span> <span class='ocrx_word' id='word_1_474' title='bbox 1485 2779 1578 2806; x_wconf 78' lang='lat' dir='ltr'><strong>tein—</strong></span> 
     </span>
    </p>
   </div>
  </div>
 </body>
</html>
