1820 3106
259 246 346 290 530

614 245 665 288 P.
717 244 956 290 OVIDII
993 243 1298 290 NASONIS

256 341 439 389 Dixerat
462 339 636 396 AEneae,
660 355 797 404 quum
818 357 887 386 res
911 337 1102 403 Trojana
1124 337 1293 387 labaret
1312 356 1324 386 ε

262 439 285 459 «
313 419 424 464 Nate
446 416 561 471 Dea,
588 414 626 463 si
649 425 757 462 nota
775 413 879 462 satis
898 415 1106 480 praesagia
1126 426 1289 464 nostrae

261 517 283 537 »
311 493 480 542 Mentis
501 493 661 549 habes;
685 511 778 540 non
801 503 894 540 tota
915 492 1065 550 cadet,
1091 505 1134 541 te
1157 493 1321 560 sospite
1336 529 1348 550 ‚
1370 492 1517 557 Troja-

1608 504 1675 551 440

259 594 283 614 »
310 571 505 619 Flamma
527 570 610 618 tibi
631 568 881 636 ferrumque
903 569 1074 618 dabunt
1098 570 1180 619 iter
1198 590 1208 618 ε
1228 570 1341 627 ibis,
1366 581 1411 618 et
1430 587 1519 617 una

260 671 284 692 »
311 649 521 710 Pergama
542 659 667 714 rapta
691 648 804 696 feres
820 685 832 705 ‚
856 647 995 709 donec
1018 647 1247 713 Trojaeque
1268 648 1440 715 tibique

261 746 284 767 »
313 725 556 772 Externum
574 723 719 789 patrio
743 724 970 787 contingat
990 723 1172 772 amicius
1194 743 1357 772 arvum.

261 822 284 843 »
312 800 480 848 Urbem
504 811 548 848 et
565 800 652 864 jam
676 798 807 848 cerno
827 800 1047 867 Phrygios
1073 800 1232 848 debere
1256 811 1465 866 nepotes3

260 902 284 923 »
312 879 490 942 Quanta
515 896 596 927 nec
617 890 709 936 est,
730 898 811 927 nec
834 879 915 926 erit
930 915 941 937 ‚
964 897 1047 927 nec
1068 879 1158 926 visa
1180 878 1408 945 prioribus
1432 878 1571 928 annis.
1609 891 1676 938 445

258 948 284 1000 >i
309 957 435 1004 Hanc
456 955 530 1003 alii
543 974 756 1022 :proceres
777 974 857 1022 per
879 955 1024 1005 secula
1049 956 1182 1020 longa
1203 968 1458 1024 potentem,

261 1055 284 1076 »
314 1033 399 1081 Sed
418 1032 810 1082 dominamrerum
835 1034 889 1082 de
912 1033 1124 1097 sanguine
1147 1046 1279 1083 natus
1303 1033 1390 1082 Iuli

259 1134 290 1155 »-
310 1110 485 1160 Efficiet
505 1131 514 1158 :
538 1130 628 1177 quo
642 1148 653 1168 ‚
681 1130 818 1177 quum
844 1110 972 1160 tellus
995 1113 1079 1160 erit
1099 1132 1197 1171 usa,
1218 1113 1421 1162 fruentur

260 1214 283 1234 »
312 1189 522 1238 AEtheriae
546 1188 696 1248 sedes,
721 1188 961 1256 caelumque
987 1190 1070 1238 erit
1091 1190 1234 1239 exitus
1254 1190 1334 1238 illi.
1358 1212 1383 1233 »

254 1270 360 1316 Haec
383 1267 601 1316 Helenum
624 1268 832 1316 cecinisse
854 1269 1110 1334 penatigero
1136 1269 1309 1325 AEneae,

253 1347 407 1394 Mente
430 1364 597 1393 memor
620 1344 763 1393 refero
777 1383 789 1402 ‚
814 1357 1089 1412 cognataque
1113 1345 1274 1394 moenia
1294 1343 1419 1392 laetor

256 1423 484 1479 Crescere,
507 1433 552 1470 et
572 1421 741 1470 utiliter
765 1422 1019 1488 Phrygibus
1041 1422 1194 1471 vicisse
1214 1420 1437 1484 Pelasgos.

323 1521 347 1542 »
368 1499 434 1546 Ne
462 1510 605 1546 tamen
631 1497 786 1545 oblitis
804 1497 859 1546 ad
880 1510 1040 1545 metam
1060 1498 1237 1546 tendere
1257 1495 1390 1559 longe
1656 1547 1665 1552 ,

253 1575 565 1642 Exspatiemur
588 1573 713 1639 equis
734 1592 743 1620 :
766 1572 942 1630 caelum,
970 1582 1018 1619 et
1042 1571 1353 1637 quodcumque
1375 1570 1458 1619 sub
1484 1570 1562 1620 illo
1584 1583 1676 1630 est,

252 1698 351 1743 Virg.
370 1698 454 1732 AEn.
469 1697 526 1732 III
539 1722 548 1740 ,
569 1695 736 1740 374-462.
747 1712 792 1720 —-
803 1693 934 1728 Recor-

253 1755 330 1793 dor‚
357 1763 487 1795 nempe
509 1748 688 1784 audiverat
710 1746 782 1781 haec
799 1745 934 1792 Pytha-

254 1817 371 1849 goras,
388 1799 715 1848 quumEuphorbus
727 1804 825 1832 esset.
838 1797 933 1831 Male

255 1857 409 1891 AEneam
420 1854 566 1888 heroem
578 1851 712 1885 inducit
729 1850 934 1896 hicflenlem.

298 1909 373 1955 439.
386 1907 436 1946 Si,
460 1903 763 1951 quandoquidem,
783 1910 821 1938 ut
835 1915 934 1947 saepe.

256 1978 300 1985 -
311 1960 352 1993 St
369 1963 449 1992 nota
468 1959 554 1991 satis
572 1957 685 1990 habes.
708 1955 784 1998 Ipse
804 1953 937 1988 AEneas

256 2010 349 2057 apud
366 2010 464 2054 Virg.
482 2007 645 2042 Heleno:
663 2021 679 2035 «
697 2006 771 2050 Qui
788 2002 938 2040 numine

256 2079 274 2095 »
294 2062 417 2098 Phoebi
430 2085 439 2103 ,
459 2059 534 2104 Qui
547 2059 699 2104 tripodas
711 2085 720 2102 ,
735 2058 845 2092 Clarii
860 2058 937 2092 lau—

256 2132 274 2149 »
293 2130 363 2160 ros,
377 2115 435 2160 qni
444 2114 557 2149 sidera
567 2114 687 2155 sentis,
700 2113 745 2146 Et
756 2111 935 2147 volucrum

258 2186 274 2200 υ
292 2169 427 2213 linguas
443 2173 507 2201 etc.
522 2180 539 2195 »
556 2184 600 2190 —-
615 2165 769 2198 Flamma
781 2189 788 2197 .
805 2190 812 2197 .
830 2191 837 2197 .
851 2167 928 2201 fler,

184 2217 187 2223 ¹
256 2220 379 2257 evades
395 2232 456 2265 per
470 2217 650 2252 flammam
661 2215 867 2259 ferrumque
878 2228 936 2250 so·
955 2250 957 2253 ,

253 2286 339 2318 spes.
353 2290 397 2297 —
414 2272 577 2313 Pergama
590 2296 598 2308 ‚
633 2280 731 2313 spem
761 2279 934 2301 novorum

256 2325 512 2368 Pergamorum
531 2319 809 2355 condendorum.

286 2376 362 2418 444.
375 2376 455 2408 Jam
465 2385 571 2410 cerno,
584 2384 648 2405 vox
662 2369 934 2405 vaticinantium.

254 2430 428 2463 —Debere
444 2425 486 2460 de
504 2426 543 2459 iis
558 2451 567 2467 ,
587 2437 663 2469 quae
677 2423 751 2458 fato
766 2422 935 2457 destinata

257 2479 445 2516 certissime
459 2483 626 2511 eventura
643 2482 735 2509 sunt.
750 2475 848 2509 Idem
862 2475 935 2509 He-

255 2532 356 2567 lenus
368 2530 490 2564 AEneae
501 2527 592 2573 apud
603 2523 701 2572 Vir-g.
715 2526 747 2560 d.
763 2525 784 2561 l.
797 2539 843 2560 vs.
855 2527 935 2569 462:

262 2584 357 2618 Vade
372 2594 437 2625 age
450 2607 458 2621 ,
478 2586 512 2614 et
525 2584 685 2623 mgentem
690 2577 803 2621 sactis
812 2577 876 2622 ser
889 2578 941 2611 ad

256 2636 377 2668 :ethera
398 2634 432 2666 Τ
427 2632 544 2675 rojam.

301 2687 374 2732 447.
386 2686 454 2719 Sed
500 2691 600 2718 natus
608 2681 829 2728 IuliEffict'el.
842 2681 935 2716 Adu-

256 2738 346 2772 latur
364 2738 531 2782 Augusto.
548 2754 591 2763 -·
612 2737 782 2771 Terrarum
801 2735 935 2770 domina

999 1693 1114 1728 Roma
1129 1693 1220 1729 dicta
1235 1700 1287 1728 est
1301 1700 1338 1727 et
1351 1692 1443 1736 aliis3
1462 1693 1623 1729 Frontin.
1634 1694 1678 1731 de

1000 1744 1206 1789 Aquaeduct.
1224 1760 1240 1774 ι(
1257 1745 1393 1790 Regina
1407 1752 1443 1780 et
1458 1746 1602 1782 domina
1611 1760 1678 1782 or·-

1000 1812 1018 1828 n
1037 1799 1088 1832 bis
1100 1824 1109 1841 ,
1128 1810 1205 1843 quae
1221 1804 1395 1832 terrarum
1407 1797 1484 1832 Dea
1500 1799 1677 1844 gentium-

1001 1864 1019 1881 »
1039 1863 1106 1895 que
1130 1849 1286 1884 consistit
1302 1875 1313 1892 ,
1338 1849 1394 1884 cui
1418 1862 1481 1895 par
1505 1850 1592 1886 nihil
1612 1877 1622 1895 ,
1644 1859 1681 1887 et

1000 1916 1018 1931 »
1037 1900 1125 1935 nihil
1149 1899 1355 1936 secundum.
1369 1915 1386 1930 »
1406 1919 1450 1927 —
1470 1902 1562 1945 Quo,
1583 1915 1679 1947 quum

997 1956 1098 1987 tellus
1120 1960 1184 1987 etc.
1214 1952 1295 1986 Jam
1324 1951 1464 1987 additur
1485 1953 1680 1998 apotheosis

1002 2007 1162 2053 Augusti.
1179 2006 1348 2041 Hei-atius
1361 2032 1371 2050 ,
1395 2006 1411 2041 I
1426 2033 1435 2050 ,
1452 2005 1574 2042 Od..11
1586 2033 1596 2051 ‚
1620 2010 1680 2052 45:

1001 2075 1019 2091 «
1039 2061 1146 2095 Serus
1169 2060 1206 2094 in
1229 2059 1352 2094 caelum
1374 2060 1519 2105 redeas,
1544 2061 1679 2106 diuque

1003 2126 1020 2142 »
1039 2112 1153 2147 Laetus
1161 2112 1297 2146 intersis
1304 2111 1581 2157 populoQuirini
1590 2120 1679 2148 etc.»

1003 2163 1110 2198 Cous.
1124 2163 1221 2209 Virg.
1239 2162 1367 2210 Georg.
1386 2163 1425 2208 I,
1445 2165 1488 2208 24
1500 2177 1574 2209 sqq.

1044 2219 1120 2260 450.
1139 2216 1319 2261 Penaager
1331 2230 1465 2251 novum
1483 2224 1539 2261 et,
1562 2224 1602 2252 ut
1618 2218 1678 2252 vi·-

1001 2267 1104 2302 detur
1115 2294 1124 2310 ,
1147 2269 1188 2302 ab
1204 2268 1339 2303 Ovidiot
1347 2268 1480 2304 factum
1496 2269 1678 2314 epitheton

1001 2319 1126 2354 AEneae
1136 2346 1145 2362 ‚
1164 2320 1222 2365 qui
1235 2321 1385 2355 Penates
1394 2320 1511 2355 intulit
1523 2320 1680 2355 Latio.—

1002 2371 1073 2405 Pro
1088 2371 1194 2416 reftro
1204 2399 1212 2411 ‚
1234 2372 1412 2407 Palatinus
1426 2374 1546 2407 recolo.
1556 2391 1599 2398 —-
1611 2373 1680 2407 Co-

997 2429 1103 2466 gnata
1120 2449 1128 2462 ‚
1155 2423 1240 2458 dixit
1255 2431 1438 2473 propterea
1451 2450 1460 2466 ‚
1487 2424 1567 2468 quia
1584 2430 1678 2458 tem-

1000 2487 1084 2520 pore
1108 2475 1253 2520 Trojani
1282 2474 1360 2510 belli
1383 2474 1615 2520 Euphorbum
1639 2487 1678 2510 se

999 2526 1104 2561 fuisse
1123 2527 1270 2572 jactabat
1289 2526 1511 2574 Pythagoras.

1043 2578 1117 2621 453.
1136 2580 1187 2613 Ne
1200 2586 1309 2612 tamen
1323 2580 1437 2612 oblitis
1452 2585 1516 2613 etc.
1528 2579 1679 2613 Perora-

1000 2630 1070 2674 tio,
1090 2643 1157 2674 qua
1176 2630 1288 2673 redit,
1312 2630 1406 2664 unde
1423 2643 1511 2665 vers.
1537 2630 1597 2674 143
1614 2630 1676 2664 di·-

1000 2695 1133 2727 gressus
1147 2689 1221 2716 erat
1234 2707 1244 2725 ,
1271 2681 1314 2716 ad
1330 2694 1428 2716 esum
1450 2681 1619 2717 carnium.
1633 2697 1689 2708 —-·⁴

999 2735 1237 2778 Exspatiemur
1246 2737 1348 2779 equaelr.
1364 2735 1459 2779 Virg.
1475 2732 1603 2779 Georg.
1615 2733 1673 2776 II,
