1820 3106
349 185 352 187 ’
389 195 1098 248 METAMORPHOSEON
1129 196 1385 240 LIB.11X.

1553 195 1610 238 85

181 320 207 343 »
236 296 362 363 Quid
382 297 476 344 fore
502 306 544 343 te
564 293 706 342 credis
722 330 734 351 ‚
758 290 919 341 falsum
943 290 1022 358 qui
1042 307 1198 338 versus
1219 289 1266 336 in
1292 307 1481 351 anguem
1572 299 1616 348 7'5

183 399 209 420 ι)
235 376 371 439 Arma
393 373 535 423 aliena
558 391 708 421 moves
723 409 735 429 ‚
763 390 894 438 quem
919 369 1062 417 forma
1081 367 1279 435 precaria
1303 365 1449 415 celat?
1472 388 1497 409 »

178 454 364 503 Dixerat
383 472 393 511 ;
417 463 463 501 et
484 471 659 501 summo
686 450 929 513 digitorum
950 446 1126 496 vincula
1150 445 1268 496 collo

178 530 356 597 Injicit:
378 530 575 595 angebar
589 568 602 589 ‚
624 548 706 579 ceu
729 540 909 592 guttura
932 526 1102 593 forcipe
1126 543 1306 592 pressus
1320 563 1331 583 ‚

177 604 518 675 Pollicibusque
542 627 661 657 meas
681 606 940 674 pugnabam
964 604 1148 654 evellere
1174 603 1336 653 fauces.

245 686 319 735 Sic
344 705 527 753 quoque
551 685 725 734 devicto
751 683 948 733 restabat
971 681 1100 731 tertia
1124 681 1237 731 tauri
1578 693 1624 727 80

177 763 339 813 Forma
362 764 500 813 trucis
523 785 533 812 :
556 776 684 812 tauro
707 774 906 812 mutatus
926 760 1125 811 membra
1149 758 1336 808 rebello.

177 885 330 934 hydram
353 886 551 922 Lernaeam.
573 887 664 922 Eam
679 886 788 933 igitur
803 886 865 921 de-

177 939 319 983 scribit,
337 947 373 975 et
388 940 502 986 capita
521 941 597 986 ejus
616 948 762 977 centum
782 939 863 975 vul-

178 992 325 1028 neribus
335 993 487 1028 secunda
494 994 565 1030 suis
576 992 776 1037 commode,
790 993 865 1038 opi-

178 1057 258 1088 nor,
275 1057 358 1080 cum
370 1044 435 1080 hoc
446 1058 519 1081 uno
533 1046 781 1081 transformato
793 1058 866 1079 ser-

179 1104 287 1144 pente
312 1104 502 1145 comparat.
526 1098 653 1144 Neque
676 1111 780 1144 porro
801 1111 866 1144 ego

179 1150 304 1197 putem
320 1177 330 1195 ,
355 1151 526 1198 frigidum
543 1165 616 1186 esse
630 1151 748 1186 lusum
763 1151 868 1185 Her-

177 1203 326 1250 culeque
342 1203 531 1250 indignum
547 1203 584 1238 in
601 1203 716 1238 verbis
726 1229 736 1246 ,
755 1204 873 1236 domui

179 1259 405 1303 domitamque
413 1260 558 1302 peremi,
584 1257 655 1301 (sic
668 1268 759 1291 vers.
781 1270 792 1290 ι
800 1258 843 1303 95
856 1281 865 1299 ,

173 1311 341 1354 presepia
354 1311 436 1350 vidi,
452 1313 591 1355 visaque
601 1309 720 1352 dejeci,
734 1314 770 1343 et
777 1320 867 1353 saepe

181 1362 275 1408 apud
286 1362 480 1406 Nostrum)
493 1388 503 1406 ,
524 1369 585 1397 aut
593 1360 869 1407 improbandum

181 1428 396 1463 magnopere
410 1416 448 1450 in
465 1415 531 1450 hac
546 1415 703 1450 oratione
720 1414 870 1449 vocabu-

172 1467 257 1503 tum
270 1475 449 1503 ramosam.
468 1466 609 1512 Quidni
621 1466 729 1501 etiam
747 1466 785 1500 in
797 1478 871 1500 ser-

181 1535 289 1558 mone
305 1521 510 1568 quotidiano
521 1527 722 1556 monstrum
740 1523 871 1555 πολυκέ-

183 1580 274 1624 φαλον
289 1587 372 1611 cum
394 1574 501 1610 ramis
516 1574 649 1609 arboris
665 1586 869 1619 comparare

179 1626 282 1663 liceat
294 1626 311 1661 ἐ’
325 1626 494 1673 Virgilius
506 1652 516 1670 ,
534 1625 677 1661 AEneid.
694 1625 768 1660 VII
780 1651 789 1668 ‚
803 1625 847 1659 30
858 1650 868 1668 ,

179 1693 317 1716 ramosa
333 1694 478 1723 cornua,
508 1687 545 1716 et
564 1681 627 1727 189
638 1706 647 1723 ‚
670 1692 798 1715 cornua
811 1692 870 1713 ar-

182 1735 284 1769 borea
307 1737 406 1770 cervi.

230 1789 283 1832 75.
319 1789 414 1831 Quid
421 1786 496 1831 fote
510 1793 543 1822 te
558 1788 678 1821 credis.
703 1785 872 1820 Heinsius

186 1852 227 1874 ex
253 1838 462 1875 Florentino
481 1839 603 1875 Sancti
628 1838 742 1873 Marci
761 1864 771 1881 ,
799 1850 874 1872 uno

184 1891 348 1927 Leidensi
361 1917 371 1935 ,
399 1890 588 1927 Graeviano
601 1917 611 1934 ‚
638 1890 755 1936 primo
773 1889 874 1924 Pala-

184 1946 262 1980 tino
271 1951 307 1980 et
319 1943 512 1980 Oxoniensi
527 1942 659 1989 recepit
669 1944 800 1983 credas,
812 1940 874 1976 sed

185 1996 284 2032 nullo
305 1996 384 2042 jure
402 2010 410 2038 ;
442 1995 650 2031 indicativus
666 1995 764 2029 enim
780 1994 872 2029 bene

186 2063 222 2086 se
238 2049 364 2091 haben
377 2049 464 2094 duo,
478 2051 657 2084 credes.—
668 2048 800 2094 Regius
818 2047 850 2082 A
862 2072 871 2090 ,

186 2105 300 2138 credes
313 2114 326 2145 ,·
346 2102 478 2149 Regius
491 2102 543 2146 B,
559 2103 875 2136 credun—Falsum

189 2155 343 2190 duorum
354 2154 465 2190 MSS.
476 2154 681 2189 auctoritate
690 2180 700 2197 ,
720 2151 875 2187 Medicei

190 2216 227 2244 et
246 2208 480 2254 Langerrnan.
504 2207 734 2242 Burmannus
751 2212 874 2240 muta-

190 2262 242 2297 vit
264 2261 300 2297 in
316 2264 425 2296 solum
440 2287 448 2301 ‚
477 2267 517 2295 ut
534 2274 613 2306 opp.
637 2260 759 2307 hydrae
776 2259 876 2293 mul—

192 2321 311 2350 torum
325 2314 479 2359 capitum
491 2319 528 2347 et
538 2312 628 2347 natis
639 2326 658 2347 e
673 2312 766 2348 caede
782 2312 878 2347 colu-

191 2367 272 2402 bris.
290 2366 365 2412 Ego
377 2379 460 2400 vero
461 2364 599 2409 salsum
610 2365 779 2399 revocavi.
793 2364 878 2399 Ete-

191 2420 269 2455 nim
284 2419 354 2454 duo
365 2424 468 2465 urget
483 2416 668 2460 Achelous,
687 2423 724 2450 tu
741 2423 776 2451 et
792 2429 878 2451 unus

192 2484 230 2506 es
251 2478 288 2506 et
299 2471 420 2516 salsus
441 2482 595 2515 serpens.
631 2470 703 2502 Um‘
719 2468 879 2514 opposuit

191 2523 305 2570 capita
322 2523 478 2558 Lernaeae
494 2522 629 2570 hydrae.
646 2521 751 2556 Nunc
769 2520 811 2555 ad
830 2521 880 2556 al-

195 2584 313 2613 terum
328 2603 338 2621 ,
356 2577 397 2612 ad
403 2577 539 2622 falsum
550 2603 558 2617 ,
579 2574 714 2610 transit.
731 2574 774 2609 Ei
792 2573 880 2608 nihil

195 2630 354 2676 opponit,
368 2630 428 2665 sed
441 2629 570 2676 premit
582 2629 763 2663 notionem
764 2627 878 2672 salsi,

197 2684 285 2719 dum
300 2685 396 2718 arma
414 2687 529 2718 aliena
546 2690 580 2718 et
588 2682 739 2728 sormam
750 2694 881 2726 preca-

197 2740 282 2772 riam
300 2736 395 2772 addit
406 2763 416 2783 ,
429 2737 466 2771 in
478 2736 601 2783 quibus
613 2747 686 2770 non
702 2741 754 2770 est
764 2740 880 2770 tauto-

928 885 1019 932 logia
1029 884 1160 920 vitiosa.
1172 883 1394 919 Vocabulum
1397 882 1519 928 salsus
1534 881 1622 917 Nos-

931 946 986 973 ter
996 945 1089 973 amat
1100 938 1135 972 in
1149 936 1191 971 de
1197 935 1389 972 scribendis
1398 936 1620 971 transforma-

931 992 1111 1031 tionibus;
1139 989 1219 1024 vide
1239 989 1281 1023 ad
1301 990 1377 1033 VI,
1404 989 1456 1023 26.
1480 989 1526 1023 Et
1551 987 1623 1022 vidi

931 1043 1039 1077 etiam
1057 1055 1075 1077 a
1095 1041 1292 1077 Mitscherl.
1317 1040 1482 1075 eamdem
1500 1039 1620 1075 lectio·

931 1107 1017 1129 nem
1027 1107 1100 1129 esse
1118 1101 1308 1140 receptam.
1320 1113 1363 1120 -
1372 1095 1481 1128 Arma
1492 1105 1614 1134 moves,

933 1147 1091 1192 linguam
1115 1147 1231 1180 vibras
1245 1172 1254 1190 ,
1288 1153 1326 1182 ut
1352 1159 1453 1180 versu
1472 1146 1515 1180 65
1529 1171 1539 1189 ,
1562 1151 1623 1179 aut

934 1200 1082 1236 omnino
1100 1225 1110 1243 ,
1142 1212 1297 1245 pugnam
1319 1198 1517 1240 minitaris3
1537 1198 1625 1232 Vir-

935 1251 1035 1298 gilius
1053 1277 1062 1296 ,
1095 1251 1181 1286 AEn.
1201 1251 1273 1286 XII
1287 1276 1296 1294 ,
1324 1251 1345 1284 6
1363 1277 1372 1294 ,
1405 1257 1514 1285 movet
1528 1263 1625 1284 arma

933 1307 997 1340 leo.
1012 1323 1057 1330 —
1075 1307 1238 1339 Precaria
1255 1331 1263 1344 ‚
1297 1303 1419 1338 aliena.
1435 1322 1480 1328 —
1501 1304 1626 1337 Forma

934 1359 1026 1391 celat
1040 1370 1123 1392 eum
1142 1383 1151 1400 ‚
1183 1356 1242 1402 qui
1267 1356 1303 1390 in
1322 1369 1400 1390 eam
1422 1355 1547 1391 transit
1560 1381 1569 1399 ,
1589 1362 1626 1390 et

935 1410 1074 1456 proprie
1093 1409 1237 1455 quidem
1255 1422 1296 1444 eo
1312 1408 1453 1444 consilio
1469 1435 1478 1452 ,
1506 1415 1545 1442 ut
1567 1408 1625 1442 la—

936 1470 1028 1504 teat;
1046 1462 1094 1497 sic
1113 1462 1158 1506 V,
1175 1463 1261 1506 326,
1281 1464 1378 1496 Etse
1395 1464 1543 1496 mentitis
1559 1462 1626 1496 Su·-

930 1529 1030 1561 pems
1053 1519 1183 1551 celasse
1185 1517 1322 1560 figuris.
1349 1515 1468 1550 Multo
1484 1513 1625 1549 suavius

935 1569 1043 1604 verbo
1052 1572 1266 1604 de'su‘raulare
1279 1582 1359 1604 usus
1376 1568 1476 1604 estin
1491 1567 1556 1603 hac
1570 1581 1621 1611 re,

937 1625 974 1661 ΙΙ
990 1651 1000 1669 ,
1024 1625 1090 1671 374
1106 1651 1115 1668 ,
1137 1632 1172 1660 et
1192 1623 1338 1659 Heroid.
1356 1624 1423 1668 IV,
1442 1625 1504 1668 104
1521 1649 1531 1668 ,
1563 1623 1624 1658 ubi

936 1684 1034 1713 tauro
1054 1680 1293 1713 dissmzulante
1317 1679 1438 1712 Deum.

983 1745 1034 1778 77.
1052 1733 1245 1775 Digitorum
1271 1733 1410 1765 vincula
1427 1728 1594 1774 exquisite
1613 1755 1622 1773 ‚

937 1782 1034 1830 digiti
1051 1810 1060 1827 ,
1090 1791 1264 1829 quatenus
1283 1783 1323 1817 iis
1346 1782 1518 1817 tenaciter
1537 1794 1621 1826 pre-

937 1836 1057 1871 mebat
1085 1849 1237 1881 anguem
1255 1849 1263 1870 :
1280 1836 1386 1870 etiam
1409 1847 1512 1869 versu
1530 1834 1594 1868 315
1614 1859 1624 1875 ‚

938 1891 1054 1922 vincla
1065 1915 1072 1928 ‚
1102 1888 1201 1934 digiti
1217 1887 1306 1921 nexi.
1315 1906 1360 1912 —
1374 1888 1506 1921 Summo
1518 1888 1606 1920 collo
1617 1912 1626 1925 ,

938 1954 984 1975 ne
1002 1940 1165 1975 mordere
1183 1947 1305 1986 posset.
1323 1939 1414 1974 Rod.
1429 1952 1435 1973 :
1448 1941 1512 1972 den
1532 1939 1626 1971 Ilals

938 1996 1002 2028 mit
1014 1995 1079 2027 den
1095 1995 1356 2038 Fi‘ngerspitzen,
1376 1990 1471 2037 quasi
1490 1990 1627 2035 legisset

939 2059 1149 2081 summorum.
1169 2065 1212 2072 —
1230 2047 1327 2090 Angi
1339 2044 1479 2090 proprie
1498 2042 1540 2077 de
1559 2043 1599 2077 iis
1617 2068 1626 2085 ,

940 2112 1093 2145 quorum
1108 2105 1250 2145 guttura
1263 2097 1549 2143 comprimuntur
1561 2123 1570 2141 ,
1589 2103 1629 2130 ut

938 2153 1101 2199 spiritum
1114 2152 1243 2187 ducere
1254 2158 1444 2196 nequeant.
1458 2151 1543 2185 Mox
1557 2149 1627 2184 Ca—

940 2207 1120 2253 poserreus
1142 2204 1333 2251 legendum
1359 2211 1478 2239 censet
1506 2202 1629 2238 ordine

940 2259 1129 2294 verborum
1137 2265 1272 2293 mutato
1286 2270 1344 2292 ceu
1345 2256 1482 2301 forcipe
1490 2261 1630 2300 guttura

934 2324 1095 2356 pressus,
1123 2311 1204 2357 quia
1227 2309 1526 2356 comparationem
1551 2320 1625 2342 non

940 2365 1049 2399 sumit
1064 2377 1081 2398 a
1099 2377 1215 2410 presso
1240 2370 1380 2410 gutture
1397 2388 1406 2405 ,
1439 2360 1499 2396 sed
1523 2373 1628 2405 pres-

942 2416 1050 2451 sionis
1067 2429 1085 2451 a
1100 2416 1243 2460 forcipe.

987 2471 1041 2504 80.
1058 2470 1200 2503 Devicta
1216 2469 1367 2501 restabat
1378 2468 1477 2501 terffa
1491 2471 1557 2500 etc.
1575 2464 1629 2499 Ex

942 2520 1076 2566 legibus
1088 2520 1170 2554 artis
1186 2520 1377 2554 luctatoriae
1393 2530 1501 2552 nemo
1518 2517 1628 2552 victor

943 2573 1067 2616 exibat,
1080 2573 1145 2607 nisi
1160 2579 1214 2607 ter
1225 2572 1462 2607 adversarium
1475 2577 1629 2616 prostra-

942 2626 1055 2660 visset.
1069 2624 1301 2660 BURM.111de
1319 2625 1443 2675 τμιᾶξαι
1454 2631 1489 2658 et
1505 2624 1629 2674 ἀποτρι-

944 2687 1019 2723 αξαι
1035 2677 1215 2712 victoriam
1234 2677 1481 2724 deportare.—-
1498 2678 1629 2717 Tauro,

944 2731 982 2767 in
994 2733 1333 2767 taurum.-—-Rebello
1344 2742 1356 2775 ‚·
1372 2729 1541 2767 Heinsius
1552 2740 1634 2765 con-
