1820 3106
332 187 1036 238 METAMORPHOSEON
1068 188 1200 233 LIB.
1237 190 1330 234 XI.

1453 191 1540 251 237

119 289 237 337 Tum
255 306 360 337 vero
376 324 388 347 ‚
413 287 502 335 sive
525 283 602 332 ille
622 303 702 333 sua
727 283 919 333 Cerealia
941 284 1091 333 dextra
1127 303 1130 306 ·

120 365 310 414 Munera
328 363 570 426 contigerat
585 399 598 420 ‚
624 361 824 411 Cerealia
846 361 963 410 dona
983 361 1218 426 rigebant:

122 441 224 492 Sive
247 441 378 509 dapes
404 439 532 490 avido
555 438 799 488 convellere
823 438 952 488 dente
978 438 1186 506 parabat,

119 519 302 569 Lamina
321 517 443 568 fulva
463 517 597 585 dapes
612 555 624 576 ,
649 517 829 566 admoto
856 517 1010 575 dente,
1035 516 1252 564 nitebant.

122 595 362 645 Miscuerat
383 595 508 662 puris
530 606 752 644 auctorem
777 595 974 644 muneris
995 594 1155 654 undis3

1488 608 1550 642 125

121 673 268 724 Fusile
289 693 370 741 per
389 674 528 723 rietus
551 693 707 723 aurum
730 673 903 722 fluitare
925 673 1109 722 videres.

121 752 355 802 Attonitus
377 745 570 802 novitate
592 751 719 812 mali,
745 751 978 819 divesque,
1003 751 1247 817 miserque,

117 830 329 895 Effugere
352 843 478 898 optat
500 850 631 898 opes3
653 843 720 890 et,
749 849 845 898 quae
870 830 1005 879 modo
1025 841 1232 887 voverat,
1259 827 1370 877 odit.

121 909 264 976 Copia
287 907 412 958 nulla
431 908 593 958 famem
613 907 777 957 relevat
795 928 806 956 ε
827 907 923 956 sitis
948 906 1070 956 arida
1094 917 1251 969 guttur

121 986 251 1044 Urit,
277 998 322 1036 et
344 987 488 1036 inviso
511 986 695 1035 meritus
718 997 953 1053 torquetur
975 985 1032 1033 ab
1058 1003 1182 1032 auro.

1494 1007 1504 1027 1
1514 996 1556 1029 30

122 1063 196 1113 Ad
221 1063 463 1132 caelumque
487 1083 644 1114 manus
658 1102 671 1122 ‚
698 1076 742 1113 et
763 1062 994 1131 splendida
1016 1061 1198 1110 brachia
1220 1058 1406 1117 tollens,

124 1195 295 1242 taesrugis.
306 1197 398 1232 Tres
407 1202 572 1232 coclae.·-
578 1196 682 1244 Regii
698 1197 809 1232 nostri

124 1253 229 1284 toste.
251 1267 296 1275 —
315 1248 444 1284 Prisce
465 1255 587 1295 gentes
609 1249 707 1284 tostis
727 1248 809 1295 igne

126 1300 241 1346 granis
261 1301 353 1337 vesci
376 1301 556 1344 solebant;
580 1308 684 1347 atque
701 1302 808 1337 etiam

125 1352 313 1388 serioribus
322 1353 540 1399 temporibus
548 1353 601 1388 sar
612 1353 685 1399 igni
696 1360 808 1388 torre-

125 1403 242 1448 batur,
257 1411 296 1440 ut
304 1403 436 1440 facilius
446 1404 539 1440 mola
548 1404 661 1450 frangi
674 1411 788 1450 posset
797 1418 806 1446 ;

127 1454 183 1491 Vl
200 1456 292 1492 Fast.
306 1456 381 1492 >313
397 1469 484 1503 sqq;
505 1456 602 1503 virg.
620 1455 750 1503 Georg.
768 1456 808 1500 1,

127 1507 214 1555 2673
230 1508 388 1552 Plinius,
406 1508 537 1545 XVIII
549 1535 559 1553 ,
576 1523 608 1543 2.

174 1562 247 1606 ¹²⁴·
264 1562 438 1597 Nt'tebaut.
463 1561 642 1607 Perquam
663 1562 809 1597 incom-

127 1612 233 1650 mode
247 1613 305 1650 hic
318 1617 440 1650 m’toraess·
454 1615 590 1651 mentio
604 1615 655 1650 fit.
672 1615 810 1651 Denti-

126 1666 192 1702 bus
206 1666 305 1702 enim
319 1670 423 1712 nigor,
448 1681 523 1703 non
539 1669 635 1704 nitor
649 1669 811 1704 sentitur.

79 1744 82 1751 .
128 1717 261 1754 Parum
280 1719 388 1766 igitur
403 1720 438 1756 h.
453 1720 474 1756 l.
489 1721 692 1756 consulebat
710 1721 811 1756 Bur-

128 1783 280 1818 mannus
294 1800 304 1817 ‚
331 1774 390 1820 qui
410 1774 617 1819 conjiciebat
639 1777 809 1815 virebant,

130 1824 225 1870 quod
241 1826 276 1861 et
290 1826 404 1872 ipsum
421 1826 464 1862 dc
482 1827 598 1868 colore
613 1828 688 1861 auri
705 1826 813 1861 adhi-

129 1877 243 1912 betur.
255 1878 385 1914 Melius
401 1887 473 1923 est,
491 1879 587 1925 quod
602 1879 704 1914 multi
712 1878 812 1914 MSS

129 1927 282 1974 habent,
298 1938 333 1966 et
347 1930 442 1977 quod
460 1932 656 1978 Naugerius
672 1933 709 1967 in
727 1945 814 1978 pos-

129 1987 245 2016 trema
253 1981 337 2018 edit.
346 1984 510 2030 expressit
519 2011 528 2029 ‚
535 1987 716 2029 premebat.
728 1985 816 2020 Sen—

132 2048 190 2070 sus
210 2048 219 2070 :
242 2035 372 2072 lamina
401 2036 495 2073 fulva
519 2038 663 2073 obduxit
687 2037 814 2084 dapes,

133 2099 244 2133 quum
264 2087 351 2124 dens
368 2088 630 2125 admovebatur.
653 2090 711 2125 Sic
728 2104 816 2135 pre—

134 2153 219 2175 mere
233 2147 286 2175 est
303 2140 356 2176 lx
369 2168 379 2185 ,
400 2142 483 2184 353;
503 2145 612 2178 lentus
618 2148 741 2188 premit
753 2148 816 2178 in—

129 2194 236 2236 guina
249 2199 371 2228 cortex.
388 2193 480 2229 Mihi
497 2202 615 2230 tamen
633 2209 673 2231 ex
686 2209 817 2231 novem

134 2242 234 2279 MSS
246 2256 319 2279 non
331 2244 499 2291 displicet,
510 2249 671 2291 rigebant,
689 2255 723 2282 et
734 2255 819 2283 tunc

135 2308 223 2331 vers.
246 2310 307 2332 122
322 2323 332 2341 ‚
358 2296 426 2333 hoc
447 2298 594 2333 verbum
615 2299 652 2333 in
669 2303 823 2335 nitebant

136 2349 348 2384 mutandum
358 2350 436 2386 erit.
447 2350 562 2386 Facile
572 2350 646 2386 haec
657 2350 728 2386 duo
739 2365 822 2386 ver-

135 2400 179 2437 ba
197 2402 246 2438 sic
262 2403 443 2449 transponi
465 2409 499 2438 et
521 2404 713 2448 permutari
734 2416 752 2438 a
771 2403 821 2438 li·-

136 2454 259 2490 brariis
270 2456 625 2502 potuerunt—Regii
636 2457 746 2491 nostri
759 2456 823 2491 ha—

136 2506 223 2542 bent
239 2511 428 2551 premebat,
457 2507 553 2554 quod
580 2515 674 2543 certe
698 2508 823 2544 melius

137 2565 210 2602 est,
230 2558 295 2594 nisi
312 2560 461 2596 mutatio
478 2573 586 2606 quam
603 2560 690 2605 petit
708 2562 827 2605 Gierig

138 2608 274 2645 admitti
291 2611 405 2656 possit.
423 2614 490 2646 Ed.

185 2665 256 2698 125.
278 2664 467 2698 Miscuerat
490 2671 671 2699 auctorem.
689 2663 825 2699 Vinum

137 2727 200 2760 per
215 2716 471 2763 metonymiam
487 2716 554 2752 dici
572 2718 748 2753 Bacchum
763 2730 825 2752 sa-

875 1196 920 1231 tis
943 1202 1071 1230 notum
1091 1201 1154 1230 est.
1177 1193 1249 1229 Sed
1271 1192 1354 1239 quid
1380 1191 1558 1227 Ovidius?

876 1248 1015 1282 Abusus
1029 1246 1086 1281 illa
1098 1246 1283 1292 poetarum
1295 1241 1561 1279 licentizfaucto—

874 1311 941 1333 rem
951 1301 1095 1333 muneris
1102 1297 1200 1341 dixit,
1209 1297 1306 1342 quasi
1316 1297 1431 1341 ipsum
1441 1295 1561 1330 Deum

875 1351 1077 1386 miscuisset.
1093 1369 1137 1376 —
1153 1352 1269 1385 Fusile
1282 1377 1291 1391 ‚
1318 1349 1436 1385 fusum
1456 1362 1464 1385 z
1490 1349 1561 1384 duo

864 1407 997 1450 fluxile.
1019 1404 1121 1450 Regii
1146 1404 1256 1438 nostri
1266 1403 1387 1448 fusile.

922 1470 993 1504 ¹²7·
1010 1457 1181 1501 Diuesque
1201 1459 1369 1501 miserque.
1386 1455 1561 1498 Breviter,

874 1509 935 1544 sed
963 1509 1114 1555 graviter
1142 1515 1275 1543 sortem
1302 1507 1412 1543 Midae
1437 1514 1563 1542 notant

875 1563 981 1597 verba
989 1562 1037 1597 sic
1046 1562 1248 1606 conjuncta,
1263 1561 1493 1606 animumque
1509 1561 1562 1595 le.—

877 1613 991 1659 gentis
1019 1612 1151 1648 feriunt
1185 1620 1329 1659 propter
1357 1613 1562 1659 opinionem

877 1666 971 1712 vulgi
989 1692 999 1709 ‚
1024 1677 1102 1711 quae
1119 1679 1138 1700 a
1157 1665 1284 1700 divitiis
1301 1678 1375 1700 non
1396 1665 1565 1710 disjungit

877 1718 1079 1753 beatitatem
1092 1745 1101 1763 ‚
1115 1725 1150 1752 et
1162 1724 1306 1763 propter
1317 1717 1562 1752 defrustratam

879 1771 989 1807 Midae
1004 1773 1318 1817 spem.--‘Novitate
1333 1773 1432 1811 mali,
1452 1770 1564 1804 inusi-

879 1831 952 1859 tato
968 1831 1003 1859 et
1020 1824 1179 1859 inaudito
1196 1824 1457 1858 malo.—Bene
1473 1822 1566 1867 essu—-

876 1890 968 1920 gere,
983 1877 1063 1922 quia
1075 1888 1297 1922 quocumque
1309 1874 1462 1921 fugiebat
1471 1901 1481 1918 ‚
1494 1874 1563 1908 vini

880 1928 975 1963 illam
991 1929 1110 1963 omnia
1127 1928 1289 1963 mutandi
1305 1927 1342 1962 in
1359 1939 1486 1962 aurum
1502 1926 1566 1961 se·—

881 1994 963 2016 cum
979 1981 1220 2017 ferebat—Et
1229 1994 1301 2026 quae
1317 1982 1424 2025 modo.
1441 1980 1565 2016 Haim—

881 2034 950 2069 sius
965 2034 1135 2070 scribebat
1154 2040 1190 2068 et
1205 2046 1291 2079 quas
1305 2035 1403 2067 modo
1413 2061 1422 2074 ‚
1439 2032 1567 2067 scilicet

882 2086 1152 2132 opes.·-—Regius
1161 2093 1281 2121 noster
1290 2084 1412 2120 Codex
1419 2084 1449 2119 A
1460 2111 1469 2128 ,
1481 2096 1566 2130 quoe;

885 2137 1007 2174 Codex
1018 2139 1048 2173 B
1062 2165 1070 2181 ,
1089 2152 1183 2183 quas.

934 2204 1004 2238 ¹²9·
1022 2191 1106 2226 Sitis
1119 2192 1219 2225 arida
1231 2217 1238 2230 ‚
1254 2203 1273 2225 e
1288 2189 1450 2224 Lucretio
1464 2215 1472 2231 ‚
1492 2188 1543 2223 Vl
1558 2215 1567 2232 ,

889 2258 901 2279 ι
912 2258 923 2279 ι
933 2246 973 2290 74
986 2272 995 2289 ,
1014 2245 1094 2290 quia
1110 2245 1266 2280 sitientes
1280 2243 1419 2278 aridum
1438 2243 1570 2277 habent

884 2296 1571 2343 guttur.-[sritconvenitardentissima>

886 2350 959 2385 sitis
966 2351 1184 2386 cruciatibus.
1196 2349 1312 2384 Schol.
1327 2349 1570 2395 Aristophanis

886 2402 929 2436 ad
942 2402 1032 2437 Plut.
1043 2415 1130 2437 vers.
1144 2403 1220 2447 287,
1230 2402 1335 2436 tradit
1346 2428 1355 2445 ,
1370 2401 1496 2435 Midan
1507 2401 1569 2436 hac

885 2453 977 2489 fame
991 2455 1191 2489 absumtum
1206 2454 1355 2499 periisse.
1366 2471 1410 2479 —-
1420 2455 1572 2488 Meritus.

888 2508 1019 2554 Regius
1029 2515 1150 2542 noster
1164 2507 1194 2542 A
1206 2534 1215 2550 ,
1235 2510 1371 2549 mer1·to,·
1387 2507 1418 2542 B
1430 2532 1439 2550 ‚
1456 2510 1565 2548 merit,

888 2568 924 2595 et
939 2561 975 2595 in
1001 2561 1158 2607 margine
1179 2562 1236 2594 vel
1248 2563 1361 2594 merito
1378 2573 1388 2594 .·
1403 2558 1463 2594 sed
1493 2572 1571 2595 me·-

888 2615 955 2649 lius
972 2627 1013 2648 ex
1030 2614 1201 2659 plerisque
1218 2613 1352 2659 scriptis
1367 2616 1500 2648 mantus
1511 2611 1571 2647 de—

890 2666 941 2701 dit
960 2666 1138 2701 Heinsius.
1154 2667 1219 2700 Ed.

913 2745 917 2749 .
939 2719 1010 2753 131.
1026 2718 1217 2763 Splendida.
1238 2717 1355 2753 Etiam
1374 2723 1485 2752 vestes
1503 2728 1572 2750 au·-
