1820 3106
327 179 1016 255 ‘METAMORPHOSEON
1048 210 1177 253 LIB.
1213 211 1365 255 v111.
1512 214 1563 255 61

149 305 400 372 Inciperent
422 322 548 353 casus
562 341 574 362 ‚
598 302 801 379 frondere
824 301 1086 351 Philemona
1108 302 1269 350 Baucis
1285 340 1296 362 ,

150 383 346 433 Baucida
368 381 598 448 conspexit
619 381 767 430 senior
784 380 990 430 frondere
1017 381 1280 430 Philemon:

151 465 339 530 Jamque
363 480 497 528 super
519 460 691 523 gelidos
715 472 934 509 crescente
959 460 1183 509 cacumine
1206 459 1354 511 vultus
1371 500 1382 521 ,

153 541 337 606 Mutua,
369 538 476 588 dum
496 538 647 597 licuit,
666 538 913 587 reddebant
931 538 1072 596 dicta3
1097 561 1119 580 «
1140 538 1337 606 Valeque
1352 577 1363 599 ,

157 639 182 661 ³)
211 619 254 666 Ο
276 617 464 682 conjux,
489 639 512 660 υ
535 616 682 665 dixere
705 615 865 674 simul,
886 615 1018 664 simul
1038 617 1190 666 abdita
1211 618 1320 666 texit

157 684 252 744 Ora
269 695 415 744 frutex
435 715 445 743 :
472 694 671 746 ostendit
693 694 837 743 adhuc
857 695 1079 762 Tyaneius
1102 694 1194 744 illic

155 771 308 821 Incola
329 772 386 820 de
408 773 583 836 gemino
607 773 776 822 vicinos
801 792 986 840 corpore
1008 786 1203 823 truncos.

1517 801 1582 836 7²⁰

156 850 263 899 Haec
286 850 398 898 mihi
420 870 514 898 non
535 851 662 909 vani,
685 871 829 917 neque
851 863 944 900 erat
966 871 1044 900 cur
1067 851 1216 901 fallere
1241 851 1427 911 vellent,

156 928 397 977 Narravere
419 947 544 978 senes
569 949 579 977 :
601 929 807 995 equidem
830 929 1068 996 pendentia
1091 929 1181 977 vidi

158 1005 286 1054 Serta
307 1025 440 1073 super
459 1026 633 1064 ramos3
663 1026 924 1074 ponensque
947 1008 1164 1065 recentia,
1191 1007 1308 1055 dixi:

165 1105 189 1127 «
217 1084 335 1133 Cura
356 1084 421 1151 pii
444 1085 528 1133 Dis
553 1096 683 1142 sunt3
710 1096 780 1143 et,
807 1085 884 1150 qui
909 1085 1109 1143 coluere,
1134 1085 1354 1134 coluntur.
1383 1108 1406 1128 »

161 1214 350 1258 lacryment
362 1227 474 1255 casus,
492 1227 592 1249 more
610 1213 819 1249 aedituorum
833 1241 841 1254 ‚

163 1265 223 1311 qui
236 1266 429 1312 peregrinis
442 1266 628 1301 tradebant
641 1266 761 1312 templi
773 1266 846 1300 ori-

164 1317 284 1364 ginem
296 1345 306 1362 ,
325 1331 422 1354 sacra
434 1321 718 1365 etQ—stondere,
737 1319 844 1353 fron-

165 1369 306 1405 descere
318 1396 328 1414 ,
350 1378 390 1406 ut
405 1370 509 1417 supra
519 1376 637 1416 patere
652 1383 716 1416 pro
729 1376 849 1414 pales-

166 1434 248 1456 cere.
266 1422 442 1457 Fronduit
466 1428 583 1457 autem
602 1421 789 1457 Philemon
810 1421 847 1455 in

166 1481 338 1520 quercum,'
346 1474 471 1510 Baucis
478 1474 515 1508 in
524 1477 645 1515 tiliam,
659 1486 761 1508 versu
771 1473 847 1507 620.

212 1526 286 1572 716-
302 1527 444 1561 Gelidos
457 1539 476 1561 e
489 1526 514 1560 J
516 1527 648 1560 uniano
665 1538 728 1572 pro
741 1527 850 1570 gemi-

166 1591 238 1620 nos,
255 1578 348 1624 quod
364 1591 446 1614 mox
457 1579 634 1625 reperitur
644 1606 654 1623 ,
673 1579 849 1624 amplexus

166 1638 220 1666 est
238 1630 478 1668 Burmannus.
497 1649 543 1658 —
558 1632 661 1678 Regii
679 1632 712 1667 A
735 1639 770 1667 et
792 1632 822 1666 B
838 1658 848 1676 ,

164 1686 327 1729 geminos.

214 1750 288 1785 7¹9·
303 1739 494 1785 Tyaneius‚·
508 1738 583 1782 alii,
594 1740 749 1779 Firmius,
775 1739 853 1772 Tri-

168 1793 265 1825 net'us
275 1817 283 1831 ,
311 1792 480 1838 Thineyus
491 1818 500 1832 ‚
524 1792 713 1826 Tirinthius
726 1817 734 1831 ,
759 1792 851 1825 ,Chi-

170 1844 275 1883 nee‘us‚
297 1844 474 1889 Pyreneus.
488 1843 608 1878 Nostri
625 1843 738 1888 Regii,
757 1844 855 1876 Thir-

170 1898 278 1929 κείω.
289 1913 336 1920 -
353 1897 522 1942 Tyaneius
534 1894 629 1929 haud
642 1894 747 1929 dubie
767 1907 854 1928 cor-

172 1949 318 1992 ruptum
328 1953 390 1982 est.
402 1947 526 1995 Tyana
535 1946 631 1981 enim
642 1974 652 1991 ,
665 1947 747 1981 urbs
760 1946 856 1993 Cap-

173 1999 341 2045 padociae,
354 2006 491 2034 remota
501 1999 606 2035 nimis
618 2006 682 2043 est,
695 2013 801 2045 quam
816 2007 856 2034 ut

173 2051 288 2086 incola
299 2052 376 2098 ejus
392 2052 533 2086 arbores
547 2051 718 2100 Phrygias
734 2059 855 2087 osten-

177 2102 261 2138 dere
279 2104 444 2149 potuerit.
461 2103 611 2139 Lenzius
630 2111 729 2149 putat
744 2131 753 2148 ,
779 2118 857 2139 rem

178 2154 339 2190 accidisse
365 2156 403 2190 in
437 2155 593 2190 confinio
627 2156 790 2203 Phrygiae
823 2164 858 2192 et

181 2206 432 2253 Cappadociae,
452 2208 608 2255 adeoque
628 2222 857 2245 communem

178 2261 282 2296 fuisse
291 2260 431 2306 utrique
440 2263 636 2298 terrae.Hoc
641 2263 724 2297 ferri
730 2271 857 2310 posset,

178 2313 207 2348 si
231 2312 340 2347 modo
365 2320 541 2348 constaret
570 2313 741 2349 Ovidium
767 2318 860 2362 Tya-

178 2367 275 2400 uez‘us
292 2364 437 2400 dedisse.
456 2364 526 2399 Sed
548 2365 656 2401 MSS.
674 2367 805 2402 mirum
822 2368 860 2402 in

180 2417 330 2453 modum
355 2417 412 2453 hic
434 2418 592 2461 variant,
613 2425 649 2453 et
669 2419 716 2453 ita
730 2446 739 2463 ,
763 2427 804 2454 ut
820 2433 862 2454 ex

179 2471 245 2507 ista
253 2471 419 2506 varietate
429 2471 483 2505 vix
493 2470 686 2516 quidquam
693 2472 778 2506 certi
786 2472 862 2507 elici

181 2522 297 2569 possit.
304 2541 349 2548 —
358 2523 445 2557 Mox
456 2522 614 2557 revocavi
627 2522 863 2568 antiquiorem

182 2573 505 2619 lectionemgemino
512 2586 656 2617 corpore,
667 2586 773 2618 quam
783 2573 864 2608 Cio·

184 2627 286 2662 sanus
300 2640 341 2662 ex
352 2628 524 2662 Vaticano
542 2626 645 2662 Statii
661 2634 696 2661 et
714 2639 786 2661 uno
802 2639 865 2661 suo

185 2678 222 2714 in
230 2682 366 2723 gemina
378 2681 495 2714 arbore
503 2685 719 2723 mutaverat,
731 2690 867 2724 appro-

187 2731 293 2768 hante
310 2731 482 2768 Burman.
498 2732 558 2777 qui
570 2738 714 2768 truncos
728 2737 867 2767 tantum

911 1215 1076 1249 arborum
1097 1214 1258 1249 restitisse
1276 1215 1419 1260 putabat
1431 1241 1440 1258 ,
1460 1216 1589 1251 amissis

909 1274 1079 1303 vetustate
1095 1269 1211 1302 ramis.
1228 1268 1343 1302 Immo
1353 1271 1529 1302 ramimox
1541 1269 1590 1303 di-

909 1326 1000 1354 serte
1011 1325 1266 1353 memorantur.
1276 1319 1402 1353 Trunci
1412 1332 1496 1365 ergo
1507 1329 1590 1354 sunt
1630 1353 1632 1355 .

911 1372 1051 1406 arbores
1065 1398 1073 1414 ,
1088 1384 1165 1416 quae
1176 1371 1310 1417 Lelegis
1328 1378 1486 1416 tempore
1497 1373 1591 1407 inte—

912 1435 981 1469 grae
996 1423 1171 1458 restabant
1186 1449 1195 1466 ,
1215 1436 1317 1457 versu
1327 1423 1392 1458 620
1405 1450 1414 1467 ,
1430 1430 1464 1458 et
1482 1437 1591 1469 repe—-

911 1476 997 1511 titur
1007 1475 1063 1510 hic
1072 1502 1081 1519 ‚
1094 1474 1188 1520 quod
1201 1475 1349 1510 maxime
1360 1475 1397 1509 in
1409 1476 1448 1510 iis
1458 1490 1591 1511 merno-

910 1527 1017 1562 rabile
1029 1554 1039 1571 ,
1061 1528 1166 1562 saetas
1183 1540 1254 1562 esse
1271 1540 1289 1561 e
1303 1532 1435 1571 gemino
1449 1541 1591 1573 corpore.

910 1580 1087 1625 —Regius
1102 1586 1222 1614 noster
1235 1579 1265 1613 A
1276 1605 1285 1623 ‚
1301 1584 1436 1623 gemina
1444 1583 1572 1616 arbore.

959 1646 1032 1677 721.
1047 1634 1161 1678 Neque
1174 1638 1247 1667 emt
1260 1646 1321 1667 cur
1322 1633 1449 1678 fallere
1463 1637 1595 1669 vellent.

914 1685 1020 1719 Unus
1036 1684 1217 1720 Mediceus
1231 1711 1240 1729 ‚
1263 1698 1324 1720 nec
1341 1691 1437 1720 eram*
1457 1691 1517 1732 qui
1530 1695 1595 1722 etc.

917 1736 1040 1772 Codex
1054 1737 1184 1783 Regius
1198 1739 1241 1781 A,
1255 1750 1316 1772 nec
1330 1743 1403 1772 erat
1412 1752 1491 1783 cur;
1514 1739 1595 1774 Co—

916 1789 981 1824 dex
996 1790 1025 1824 B
1039 1816 1048 1833 ,
1066 1802 1168 1835 neque
1181 1795 1254 1824 em!
1265 1804 1333 1824 cur.

963 1843 1037 1887 723.
1051 1843 1154 1876 Serus
1164 1842 1304 1887 aliisque
1317 1842 1469 1878 donariis
1480 1847 1599 1880 ornari

917 1894 1075 1928 solebant
1085 1895 1226 1928 arbores
1236 1921 1245 1938 ,
1262 1907 1380 1940 eaeque
1390 1909 1528 1932 summa
1540 1911 1600 1932 re-

918 1945 1047 1991 ligione
1074 1946 1280 1981 colebantur
1305 1961 1324 1982 a
1346 1951 1599 1994 praetereunti-

919 1998 997 2042 bus,
1009 2012 1074 2034 nec
1082 1999 1178 2034 facile
1190 1999 1373 2045 quisquam
1384 2014 1441 2036 eas
1451 2002 1599 2038 violabat

920 2063 1030 2085 manu
1047 2058 1106 2085 aut
1122 2052 1243 2086 securi.
1275 2051 1366 2086 Vide
1392 2054 1536 2088 Herald.
1557 2056 1599 2089 ad

919 2102 1053 2136 Arnob.
1068 2104 1084 2138 1
1096 2130 1105 2146 ,
1118 2116 1150 2148 p.
1164 2100 1491 2148 22.—-Curup1‘1‘D1¹s
1501 2112 1596 2149 sunt;

921 2161 955 2190 el
1005 2158 1168 2191 coluntur.
1179 2157 1346 2192 Heinsius
1357 2157 1452 2193 hunc
1462 2173 1602 2195 versum

920 2208 967 2242 ita
975 2208 1136 2251 correxit,
1150 2221 1260 2253 quum
1271 2216 1373 2244 antea
1384 2211 1522 2256 vulgare
1528 2219 1602 2247 tur:

926 2263 1017 2296 Cura
1030 2263 1139 2296 Deum
1162 2263 1217 2296 Di
1236 2266 1307 2297 sint
1320 2268 1354 2298 et
1364 2291 1371 2297 .
1380 2290 1387 2298 ,
1398 2290 1405 2297 .
1416 2291 1423 2299 .
1441 2268 1604 2301 colantur.

926 2310 1048 2346 Codex
1067 2312 1096 2347 A
1110 2339 1119 2356 ,
1133 2313 1232 2348 sicuti
1250 2315 1497 2359 castigatiores,
1516 2319 1605 2351 Cura

922 2367 1032 2399 Deum
1049 2368 1102 2399 Di
1114 2372 1195 2400 sunt
1208 2372 1242 2400 et
1293 2370 1462 2409 calumum
1483 2367 1605 2404 Codex

926 2418 956 2453 B
974 2418 1079 2453 habet
1099 2419 1290 2464 antiquam.
1320 2420 1409 2453 Colit
1424 2419 1521 2455 Deus
1537 2421 1605 2456 ho—

927 2469 1040 2504 mines
1051 2495 1060 2512 ,
1074 2470 1217 2513 quando
1232 2482 1353 2504 curam
1366 2483 1489 2506 eorum
1507 2474 1607 2518 gerit.

931 2520 1005 2556 Cic.
1018 2521 1062 2555 N.
1077 2521 1123 2555 D.
1141 2522 1157 2556 Ι
1171 2547 1179 2565 ,
1198 2523 1235 2565 4¹
1251 2523 1339 2556 :Cur
1346 2524 1439 2557 Deos
1447 2527 1491 2557 ab
1498 2527 1608 2559 bomi-

929 2574 1027 2606 nibus
1035 2574 1194 2607 colendos
1209 2575 1306 2607 dt'cas
1315 2601 1323 2614 ‚
1347 2587 1444 2619 quum
1462 2578 1608 2612 miuo-

930 2629 1036 2659 mines
1047 2638 1114 2660 uon
1123 2629 1237 2660 colant
1246 2627 1266 2661 ,Ρ
1276 2627 1430 2663 Lactant.
1443 2629 1534 2675 Epit.
1550 2644 1590 2675 27
1601 2643 1609 2665 :

930 2681 1038 2712 vitam
1060 2679 1225 2713 hominum
1243 2682 1410 2723 excolere,
1430 2694 1548 2727 eosque
1565 2686 1609 2717 ab

933 2733 1026 2766 omni
1037 2733 1127 2765 malo
1141 2735 1233 2766 lueri.
