1820 3106
188 298 197 311 ,
228 229 334 275 '216

616 234 668 277 Ρ.
710 233 948 279 OVIDII
990 230 1291 279 NASONIS

243 326 478 393 Verbaque
502 327 751 376 dicentum:
778 350 801 371 «
827 329 983 389 Nunc,
1005 347 1123 377 nunc
1146 328 1397 377 incumbere
1422 317 1630 410 tempus.

247 427 270 447 »
299 405 607 472 Hippomene,
633 424 851 493 prppera.
871 424 988 453 nunc
1010 396 1176 455 viribus
1200 418 1322 456 utere
1347 407 1474 464 totis;

247 504 270 525 »
298 481 418 530 Pelle
443 501 634 540 moram;
658 482 818 531 vinces.
843 504 865 526 »ι
893 483 1092 531 Dubium
1114 483 1362 546 Megareius
1384 484 1516 534 heros

246 559 472 617 Gaudeat,
497 579 551 608 an
574 559 700 623 virgo
722 559 860 622 magis
882 558 952 608 his
975 560 1200 608 Schoeneia
1223 561 1364 610 dictis.

1589 575 1656 609 660

246 635 289 683 O
315 636 488 701 quoties
506 673 517 693 ‚
544 656 682 702 quum
703 637 790 702 jam
816 649 967 703 posset
991 637 1173 685 transire
1188 674 1200 695 ‚
1223 648 1391 686 morata
1412 648 1503 696 est;

244 711 563 780 Spectatosque
588 714 663 762 diu
685 713 832 762 vultus
854 714 990 762 invita
1013 713 1217 780 reliquit!
1248 748 1253 753 κ

240 789 406 838 Aridus
429 810 451 839 e
473 791 588 840 lasso
609 791 811 840 veniebat
834 789 1054 840 anhelitus
1077 810 1179 850 ore;

243 866 453 934 Metaque
478 880 569 916 erat
592 868 753 932 longe':
777 880 872 916 tum
892 867 1079 934 denique
1105 868 1159 916 de
1182 868 1326 916 tribus
1352 885 1488 917 unum

242 943 444 1009 Foetibus
468 945 665 993 arboreis
689 944 836 1011 proles
859 945 1082 1011 Neptunia
1104 945 1236 992 misit.

1591 959 1657 994 665

245 1021 497 1088 Obstupuit
518 1023 641 1084 virgo
658 1059 670 1080 ‚
693 1020 911 1088 nitidique
935 1021 1140 1087 cupidine
1163 1021 1289 1088 pomi

244 1097 448 1146 Declinat
471 1117 624 1147 cursus
638 1136 649 1157 ‚
677 1117 917 1165 aurumque
940 1097 1135 1146 volubile
1160 1097 1288 1146 tollit.

243 1175 447 1222 Praeterit
471 1176 774 1243 Hippomenes
795 1195 805 1223 ε
826 1187 1035 1224 resonant
1057 1174 1303 1241 spectacula
1325 1173 1507 1242 plausu.‘

243 1250 326 1299 Illa
346 1271 513 1300 moram
537 1252 665 1301 celeri
687 1264 939 1319 cessataque
965 1264 1162 1330 tempora
1185 1272 1316 1301 cursu

244 1329 462 1391 Corrigit;
490 1337 621 1396 atque
641 1330 800 1377 iterum
821 1329 1022 1394 juvenem
1045 1341 1149 1396 post
1173 1342 1292 1392 terga
1312 1328 1535 1396 relinquit.
1591 1343 1659 1388 670

245 1406 305 1453 Et
325 1425 478 1454 rursus
500 1408 620 1472 pomi
639 1407 756 1471 jactu
781 1419 996 1454 remorata
1022 1407 1225 1465 secundi,

244 1484 567 1550 Consequitur,
594 1484 837 1549 transitque
861 1484 1032 1532 virum:
1053 1504 1154 1550 pars
1176 1484 1331 1533 ultima
1354 1502 1508 1532 cursus

244 1561 459 1609 Restabat
483 1580 492 1607 :
522 1582 543 1602 «
569 1561 697 1607 Nunc
715 1598 726 1618 ,
749 1560 921 1629 inquit,
945 1560 1069 1615 ades,
1095 1562 1189 1608 Dea
1211 1561 1404 1609 muneris
1430 1571 1607 1618 auctor;
1632 1582 1654 1601 »

242 1640 384 1703 Inque
407 1637 522 1685 latus
547 1637 716 1702 campi,
743 1655 832 1701 quo
859 1637 1025 1684 tardius
1052 1636 1125 1684 illa
1147 1637 1335 1695 rediret,

242 1717 359 1765 Jecit
385 1716 438 1764 ab
464 1713 650 1780 obliquo
674 1713 864 1766 nitidum
883 1713 1134 1778 juveniliter
1154 1733 1320 1762 aurum.

283 1847 358 1895 659.
374 1848 563 1891 lllegarn'us
577 1845 776 1881 emendavit
788 1845 917 1893 Mycil-

240 1900 292 1935 lus
307 1915 314 1941 ;
340 1901 443 1945 vulgo
460 1901 654 1935 Macareius
668 1910 680 1940 ;
698 1899 776 1932 vide
794 1906 916 1933 notam

239 1953 282 1988 ad
298 1966 383 1987 vers.
399 1953 475 1986 605.
490 1972 534 1978 -—
547 1952 646 1998 Regii
664 1952 774 1986 nostri
789 1953 914 1996 Mega-

238 2009 342 2042 reius.
357 2005 390 2039 id
404 2012 472 2048 est,
486 2005 746 2051 Hippomenes,
758 2004 916 2050 Megarei

240 2058 349 2100 filius,
369 2058 524 2102 Neptuni
540 2070 659 2102 nepos.
677 2059 742 2092 Ed.

286 2107 361 2142 663.
387 2110 516 2142 Aridus
537 2135 544 2147 ,
576 2121 617 2143 ex
640 2108 737 2142 arido
761 2120 821 2142 ore
845 2119 913 2141 ve·-

236 2159 337 2193 niens
348 2182 358 2200 ‚
378 2166 414 2193 ut
428 2159 482 2202 11,
500 2161 582 2204 278,
598 2162 693 2193 sicca
703 2158 915 2193 vom—Las-

235 2223 308 2244 sum
318 2223 355 2244 os
367 2237 374 2250 ,
388 2222 425 2244 os
436 2210 510 2254 ejus
520 2236 529 2253 ,
543 2211 601 2255 qui
611 2211 715 2245 lassus
725 2217 815 2250 erat;
831 2208 914 2242 Vir-

236 2262 334 2307 gilius
345 2288 354 2305 ,
371 2261 496 2307 Georg.
514 2261 579 2304 IV,
592 2262 646 2310 96,
659 2274 717 2296 ceu
724 2263 855 2306 puluere
869 2262 913 2293 ab

231 2316 304 2348 alto
320 2328 416 2359 quum
426 2318 525 2354 venit,
546 2319 579 2348 el
587 2317 677 2347 sicco
690 2321 810 2347 terram
824 2315 915 2356 spuit

233 2379 290 2399 ore
310 2369 422 2400 viator
442 2365 595 2409 Aridus‚·
622 2372 658 2399 et
684 2363 825 2399 AEneid.
854 2364 887 2397 V
901 2389 911 2407 ‚

233 2431 321 2453 vers.
349 2431 427 2465 199,
454 2419 534 2452 Tum
550 2420 660 2452 creber
671 2418 841 2451 anhelitus
852 2429 912 2449 ar-

231 2476 286 2503 tus
304 2471 471 2514 Aridaque
483 2482 542 2504 ora
552 2473 667 2515 quatit.
683 2487 726 2494 —
739 2470 794 2502 De
807 2470 910 2502 tribus

230 2534 331 2555 unum
342 2528 405 2555 etc.
421 2522 501 2556 Non
519 2534 597 2555 raro
612 2521 648 2554 in
663 2520 909 2555 certaminibus

230 2571 308 2606 fieri
321 2573 451 2607 solebat
463 2600 471 2616 ‚
486 2579 524 2607 ut
535 2573 621 2607 dolis
634 2572 719 2607 alter
731 2571 827 2606 alteri
840 2570 910 2605 vic-

233 2624 362 2657 teriam
380 2624 512 2669 eripere
526 2631 721 2659 conaretur.

271 2675 344 2719 667.
362 2678 522 2710 Volubile.
534 2676 701 2711 Nosterin
715 2674 887 2722 Ibide,191
897 2700 906 2718 ,

224 2725 364 2772 Sisyphi
379 2730 558 2762 revolubile
567 2729 711 2770 pondus.

1592 1727 1658 1774 675

1025 1846 1099 1880 668.
1110 1847 1315 1890 Spectacula,
1328 1845 1422 1881 locus
1432 1871 1441 1888 ,
1455 1845 1549 1880 unde
1559 1858 1658 1891 spec-

980 1898 1133 1942 tabatur,
1151 1905 1189 1933 ut
1202 1898 1317 1933 Livius
1329 1924 1338 1941 ,
1353 1898 1385 1940 Ῑ,
1398 1898 1453 1941 35,
1466 1901 1658 1942 spectacula

980 1954 1052 1985 sibi
1070 1953 1206 1995 quisque
1218 1950 1383 1994 fecerunt.
1409 1962 1451 1976 -·-
1474 1952 1657 1984 Resonant.

980 2004 1162 2048 Virgilius,
1185 2004 1229 2046 V,
1250 2003 1328 2045 148,
1354 2003 1436 2035 Tum
1446 2004 1572 2045 plausu
1581 2001 1658 2045 fre-

978 2059 1121 2099 mituque
1139 2058 1242 2088 virum
1253 2080 1261 2094 ,
1286 2056 1472 2098 studl'zquu'e
1478 2052 1656 2096 faventum

982 2109 1154 2141 Consonat
1167 2118 1261 2139 omne
1273 2117 1388 2138 nemus
1404 2111 1467 2138 etc.
1478 2123 1523 2130 —
1534 2105 1658 2139 Cessa-

977 2167 1014 2194 ta
1029 2166 1191 2202 tempora,
1210 2157 1376 2193 cessando
1398 2165 1579 2193 consumta
1591 2183 1600 2201 ,
1618 2165 1658 2191 ut

978 2212 1068 2246 Fast.
1078 2211 1143 2254 IV,
1154 2211 1192 2245 51
1201 2225 1231 2255 7,
1243 2216 1378 2245 cessata
1386 2223 1477 2251 arva,
1492 2209 1658 2244 cessando

976 2263 1141 2308 neglecta.
1163 2263 1294 2297 Moram
1310 2269 1345 2296 ct
1358 2268 1493 2296 cessata
1509 2267 1657 2305 tempora

977 2318 1135 2358 corrigere
1159 2326 1223 2359 pro
1237 2339 1246 2356 ,
1276 2312 1310 2347 id
1338 2313 1511 2358 corrigere
1529 2339 1539 2356 ,
1562 2311 1656 2357 quod

976 2377 1076 2400 mora
1095 2372 1130 2399 et
1149 2364 1314 2399 cessando
1331 2370 1510 2412 peceatum
1526 2369 1610 2397 erat.

1019 2416 1094 2462 671.
1115 2418 1305 2450 Remorata.
1328 2414 1580 2450 Ambrosianus
1595 2426 1654 2448 re—

977 2473 1156 2501 vocatam-
1168 2466 1267 2511 Regii
1282 2465 1415 2500 codices
1430 2469 1656 2498 remorata.—

979 2521 1150 2564 Consequl',
1171 2531 1234 2563 pro
1243 2530 1312 2552 asse
1316 2517 1518 2561 qui.-Pars
1525 2518 1654 2550 ultima.

977 2570 1081 2605 Unus
1099 2569 1230 2605 Moreti
1245 2581 1328 2612 pars
1343 2571 1477 2611 optima.
1494 2586 1538 2593 ·—·
1553 2567 1654 2612 Regii

974 2623 1107 2657 codices
1118 2634 1201 2665 pars
1217 2623 1343 2655 ultima.
1354 2621 1448 2654 —ln
1464 2619 1537 2664 ipso
1551 2631 1654 2653 cursu

973 2673 1152 2708 interdum
1170 2684 1303 2706 numen
1321 2671 1456 2716 aliquod
1476 2670 1626 2705 invocari
1641 2695 1652 2713 ,

972 2726 1215 2770 invocantique
1235 2723 1351 2759 adesse
1366 2724 1505 2759 solebat.
1521 2741 1565 2750 —
1579 2723 1649 2757 Ju-
