1820 3106
285 302 370 347 362

643 306 696 349 P.
733 306 977 352 OVIDII
1017 307 1327 354 NASONIS

282 397 485 457 Viveret,
510 411 588 448 aut
609 412 723 449 certe
748 400 884 450 letum
907 402 999 452 sine
1022 403 1200 452 crimine
1223 404 1404 453 haberet
1424 424 1436 453 ε

282 475 427 539 Quem
450 472 561 526 male
583 477 769 526 convicti
793 479 974 528 nimium
996 499 1163 529 memor
1185 481 1268 530 iste
1291 481 1453 531 furoris

280 553 468 602 Prodere
493 573 584 603 rem
607 555 803 604 Danaam
825 556 953 605 finxit
972 577 983 616 ;

1009 558 1245 626 fictumque
1267 559 1470 626 probavit

280 630 483 688 Crimen;
507 643 551 681 et
573 633 793 693 ostendit,
819 634 940 701 quod
959 635 1046 700 jam
1065 636 1343 702 praefoderat,
1370 657 1537 686 aurum.
1646 653 1691 687 60

278 710 398 771 Ergo
422 721 498 757 aut
522 710 675 768 exsilio
697 712 809 761 vires
832 712 1044 760 subduxit
1065 713 1244 762 Achivis
1258 752 1270 773 ,

277 786 370 834 Ant
392 806 496 835 nece
518 807 528 835 z
551 787 612 837 sic
632 801 822 855 pugnat,
845 790 906 838 sic
929 802 995 839 est
1017 791 1278 839 metuendus
1298 791 1462 840 Ulixes.

278 863 370 926 Qui
396 863 498 913 licet
521 866 698 932 eloquio
719 867 857 916 fidum
880 888 1058 934 quoque
1077 870 1264 917 Nestora
1287 869 1453 926 vincat,

278 941 411 989 Haud
435 953 578 991 tamen
603 944 781 1003 efficiet,
809 945 1028 994 desertum
1049 957 1100 993 ut
1115 936 1305 993 Nestoi-a
1326 946 1490 994 crimen

276 1019 385 1067 Esse
409 1038 505 1067 rear
526 1020 725 1078 nullum;
752 1022 852 1087 qui,
880 1041 1015 1087 quum
1039 1021 1295 1088 imploraret
1315 1021 1479 1071 Ulixen
1645 1037 1691 1072 65

275 1093 468 1144 Vulnere
493 1096 640 1146 tardus
664 1098 765 1164 equi
780 1136 791 1155 ‚
817 1097 1046 1165 fessusque
1070 1098 1285 1148 senilibus
1307 1100 1456 1158 annis,

273 1205 434 1240 ciendam
451 1206 686 1251 aptissimum;
707 1214 825 1241 tamen
842 1208 951 1253 magis

272 1256 377 1290 etiam
395 1257 588 1303 lugendum
611 1258 836 1293 Palamedem
853 1271 950 1304 prae-

272 1307 364 1343 dicat
378 1309 512 1356 Ulyssis
529 1309 638 1355 culpa.
663 1310 717 1344 De
736 1310 823 1345 tristi
842 1311 951 1345 Pala—

271 1360 383 1395 medis
393 1367 486 1396 sorte
497 1361 576 1396 vide
590 1362 786 1409 Hyginum,
796 1362 863 1397 sab.
878 1366 949 1398 105.

271 1411 434 1457 Exposita
450 1413 522 1457 jam
537 1416 611 1448 e'rat
625 1415 662 1448 in
682 1414 849 1449 Carmine
867 1414 949 1461 Cy-

271 1464 348 1509 prio
361 1478 369 1505 ;
388 1471 424 1498 et
435 1465 617 1510 attingitur
628 1466 732 1500 etiam
744 1479 762 1500 a
775 1467 923 1511 Virgilio
937 1493 946 1510 ,

272 1515 356 1549 AEn.
370 1517 406 1551 ΙΙ
417 1542 427 1559 ,
442 1517 483 1550 82
494 1529 556 1561 sqq
569 1543 578 1559 ,
597 1530 810 1562 quamquam
825 1518 887 1552 alia
901 1518 948 1553 ibi

273 1567 342 1601 odii
358 1580 457 1602 causa
472 1576 769 1611 commemoratur
784 1582 791 1603 :
805 1569 864 1604 sed
882 1582 948 1604 nec

271 1617 375 1663 hujus
392 1619 442 1652 rei
463 1619 682 1654 mentionem
702 1620 783 1655 fecit
802 1621 946 1655 Home-

270 1683 350 1705 rus:
366 1671 453 1706 adeo
469 1672 577 1707 multa
593 1673 696 1708 rebus
708 1673 871 1718 Troianis
887 1673 948 1708 ad-

270 1722 437 1758 diderunt
449 1720 656 1769 posteriores
667 1732 779 1770 poetae
791 1726 949 1760 l—Male

270 1777 429 1816 convicti,
446 1788 575 1822 magno
586 1789 649 1810 suo
666 1776 785 1811 dolore
797 1803 806 1821 ,
825 1777 861 1811 in
880 1777 947 1811 da-

271 1839 398 1861 mnum
411 1840 513 1862 suum
526 1827 685 1863 convicti.
697 1829 818 1874 Itaque
833 1829 947 1863 mini-

270 1893 328 1914 me
347 1892 432 1926 opus
448 1889 499 1915 est
518 1888 557 1916 ut
573 1894 654 1916 cum
672 1895 723 1927 pr.
742 1882 897 1917 Gronov.
913 1889 948 1918 et

271 1932 382 1966 tribus
395 1932 465 1967 aliis
475 1933 572 1968 MSS
585 1934 756 1979 legamus,
770 1937 857 1969 male
866 1948 948 1969 con-

261 1988 407 2026 ss’t'clum,
425 1985 494 2019 scil.
516 1985 740 2022 Palamedem
757 2013 766 2030 ,
791 1994 850 2022 aut
866 2000 947 2022 cum

271 2035 472 2082 Scheppero
490 2036 720 2073 emendemus
732 2064 741 2082 ‚
763 2042 851 2073 male
868 2053 948 2074 con-

257 2089 359 2132 ficti,
376 2087 412 2122 id
423 2095 473 2123 est
481 2088 608 2124 frustra
618 2115 628 2132 ‚
642 2097 774 2125 temere
784 2091 924 2127 conficti
936 2119 946 2136 ,

271 2153 483 2186 quamquam
496 2141 602 2176 etiam
613 2142 839 2179 Burmannus
853 2144 947 2178 illam

270 2193 554 2230 emendationem
570 2195 700 2239 probat.
717 2196 763 2229 Et
778 2199 865 2230 male
878 2197 925 2231 ita
936 2223 945 2239 ‚

272 2253 311 2279 ut
323 2244 389 2279 dixi
402 2272 411 2287 ,
431 2245 590 2290 usurpari
601 2245 703 2280 docet
714 2245 890 2281 Drakenb.
904 2246 947 2280 ad

272 2295 397 2331 Silium
408 2294 420 2339 ,’
430 2297 536 2340 XIII,
552 2300 611 2338 503
624 2297 670 2331 ita
681 2297 832 2341 Seneca,
848 2298 945 2333 suas.

271 2351 305 2383 V
319 2363 327 2384 ε
345 2351 449 2384 Errat
464 2353 556 2384 circa
580 2352 705 2385 damna
722 2364 784 2384 sua
796 2378 804 2391 ‚
828 2356 863 2385 el
879 2365 946 2396 quae

270 2406 358 2437 male
372 2407 525 2446 experlus
545 2409 612 2444 est,
636 2407 715 2438 vola
733 2404 874 2447 deponit.
895 2404 946 2438 Ut

270 2454 451 2500 sequentia
484 2455 723 2500 intelligantur
743 2480 753 2498 ,
792 2452 946 2489 'notanda

270 2513 351 2542 sunt
367 2507 440 2541 haec
463 2519 471 2541 ε
496 2507 636 2554 Ulysses
660 2507 794 2552 captivo
816 2508 946 2554 Phrygi

270 2558 450 2603 epistolam
471 2558 601 2593 Priami
617 2559 760 2593 nomine
781 2559 823 2593 ad
841 2560 946 2593 Pala-

271 2610 413 2644 medem
431 2610 592 2655 scriptam
611 2610 727 2654 dedit,
749 2611 785 2644 in
803 2623 870 2655 qua
890 2611 944 2645 ille

270 2661 352 2695 huic
363 2674 527 2707 magnam
536 2662 606 2696 vim
618 2662 691 2696 auri
707 2662 944 2708 pollicebatur,

269 2714 296 2748 si
313 2727 353 2747 ex
367 2715 560 2759 composito
572 2722 681 2750 castra
695 2728 802 2761 graeca
818 2714 945 2760 prode-

270 2771 335 2798 ret.
348 2765 460 2800 Simul
476 2766 622 2800 militem
633 2766 746 2809 misit,
765 2767 823 2811 qui
834 2765 946 2813 Phry—

272 2828 352 2860 gem
365 2829 438 2850 non
451 2816 552 2862 longe
566 2831 583 2852 a
593 2819 708 2853 castris
723 2818 945 2854 interficeret.

1017 1209 1170 1254 Epistola
1186 1215 1323 1253 reperta
1335 1235 1345 1251 ,
1363 1222 1472 1254 quum
1486 1208 1690 1245 Palamedes

1016 1261 1059 1294 ad
1075 1261 1379 1306 Agamemnonem
1403 1260 1590 1306 perductus
1612 1274 1690 1297 rem

1014 1320 1159 1358 negaret
1170 1339 1179 1355 ,
1193 1311 1324 1356 Graeci,
1343 1320 1481 1348 auctore
1493 1313 1617 1361 Ulysse
1629 1340 1639 1359 ,
1651 1314 1688 1349 in

1014 1365 1166 1400 tentorio
1183 1365 1438 1410 quaesiverunt,
1457 1365 1691 1401 invenerunt-

1014 1431 1081 1463 que
1111 1429 1237 1451 aurum
1255 1443 1264 1459 ,
1292 1415 1385 1462 quod
1414 1415 1556 1464 Ulysses
1582 1424 1689 1453 noctu

1012 1469 1100 1504 clam
1118 1469 1164 1503 ibi
1181 1469 1354 1503 obruerat.

1056 1521 1109 1555 63.
1125 1522 1208 1563 Qui,
1226 1523 1308 1554 licet
1317 1523 1446 1566 eloquio
1459 1527 1523 1556 etc.
1541 1520 1687 1555 Transi—

1012 1578 1067 1606 tus
1079 1571 1171 1616 justo
1183 1572 1336 1617 argutior
1346 1573 1470 1617 :fidum
1478 1579 1576 1607 vocat
1585 1598 1595 1616 ,
1609 1572 1689 1617 quia

1011 1628 1110 1657 tanto
1129 1623 1240 1667 majus
1260 1623 1414 1665 crimen,
1426 1625 1537 1667 fidum
1555 1623 1688 1657 socium

1013 1674 1184 1709 deserere.
1201 1674 1348 1708 Lenzius
1362 1674 1544 1719 conjungit
1560 1676 1689 1718 eloquio

998 1728 1110 1772 fidum
1127 1753 1135 1768 ,
1162 1726 1196 1760 id
1215 1733 1288 1770 est,
1313 1726 1442 1760 fretum
1465 1725 1663 1770 eloquentia
1677 1751 1686 1769 ‚

1013 1787 1052 1814 ut
1063 1780 1135 1822 XI,
1155 1783 1214 1814 125
1223 1806 1233 1822 ,
1247 1779 1289 1814 de
1302 1780 1430 1822 Nesso,
1443 1779 1592 1823 opefidtlr
1601 1782 1687 1823 cqui-

1011 1846 1066 1867 na.
1076 1831 1146 1867 Sed
1158 1832 1309 1877 primum
1325 1831 1463 1875 dubito,
1482 1832 1625 1876 aufidus
1640 1829 1688 1865 di·

1013 1890 1111 1918 catur
1131 1896 1195 1929 pro
1213 1909 1222 1926 ,
1237 1885 1376 1929 fidens,·
1408 1881 1534 1917 deinde
1560 1882 1688 1916 Nestor

1012 1935 1099 1969 nihil
1113 1935 1322 1970 moliebatur
1337 1933 1534 1980 eloquentia
1545 1946 1606 1968 sua
1616 1932 1688 1967 sre—

1013 1994 1078 2022 tus.
1094 1987 1256 2032 Denique
1272 1987 1385 2032 major
1395 1987 1484 2021 inest
1498 1986 1566 2029 vis,
1577 1985 1605 2021 si
1615 1987 1689 2020 ela-

1012 2042 1088 2084 qul'o
1104 2052 1185 2074 eum
1206 2043 1324 2073 vincat
1342 2038 1606 2084 conjungamus.
1629 2036 1685 2072 De

1012 2091 1146 2139 Ulyssis
1161 2084 1327 2126 facundia*
1337 2089 1414 2124 vide
1433 2090 1582 2124 Homer.
1595 2090 1632 2124 11.
1645 2096 1685 2133 Γ,

1012 2158 1088 2179 222.
1108 2144 1179 2178 Pro
1190 2145 1300 2188 fidum
1317 2154 1458 2187 quoque,
1481 2141 1685 2176 Basileensis

999 2198 1110 2241 fidum
1121 2198 1207 2236 sibi,
1227 2194 1319 2240 quod
1334 2194 1683 2229 efficacius.—Deser-

1011 2254 1080 2282 tum
1100 2253 1139 2282 ut
1161 2249 1326 2289 Natam,-
1346 2253 1479 2291 septem
1502 2245 1580 2280 libri
1605 2244 1683 2279 'non

1012 2299 1142 2334 habent
1171 2306 1235 2343 ut,·
1263 2297 1342 2332 vide
1365 2299 1613 2332 Burmannum
1640 2295 1684 2330 ad

1015 2351 1225 2396 Quintilian.
1246 2349 1330 2384 decl.
1349 2350 1424 2392 XI,
1448 2363 1476 2393 7.
1495 2367 1539 2374 —
1559 2348 1686 2392 Quum

1012 2404 1125 2438 Graeci
1139 2402 1284 2437 fulmine
1294 2402 1392 2436 Jovis
1404 2400 1614 2435 consternati
1626 2399 1686 2434 fu-

1013 2462 1151 2501 gerent,
1169 2455 1296 2489 Nestor
1310 2453 1448 2487 relictus
1462 2458 1512 2486 est
1523 2451 1683 2486 tarditate

1012 2508 1115 2553 equi,
1135 2506 1268 2541 Paridis
1283 2505 1377 2539 hasta
1396 2504 1430 2538 in
1449 2516 1588 2538 summo
1602 2516 1682 2538 ver-

1011 2560 1076 2593 tice
1105 2556 1286 2592 vulnerati.
1317 2557 1470 2590 Hectore
1500 2555 1606 2601 igitur
1631 2554 1682 2588 ir-

1011 2618 1156 2654 ruente,
1169 2608 1358 2644 Diomedes
1370 2609 1404 2642 in
1417 2608 1508 2642 senis
1518 2607 1681 2643 auxilium

1011 2663 1207 2708 imploravit
1227 2662 1391 2709 Ulyssem
1406 2687 1415 2703 ,
1446 2660 1508 2695 sed
1527 2660 1653 2695 frustra
1669 2672 1679 2701 ς

1012 2723 1047 2749 et
1063 2715 1100 2749 ni
1117 2714 1305 2749 Diomedes
1324 2713 1394 2759 ipse
1411 2712 1534 2747 auxilio
1553 2724 1679 2747 occur-

1011 2767 1129 2810 risset,
1147 2766 1240 2800 haud
1262 2766 1364 2801 dubie
1385 2764 1569 2799 interiisset
1591 2763 1681 2797 Nes-

1012 2825 1088 2862 tor,
1106 2818 1247 2865 Ulysses
1263 2817 1379 2862 fugam
1395 2817 1465 2861 jam
1482 2820 1680 2860 paraveram
