1820 3106
261 252 345 296 352

629 255 680 297 P.
727 254 964 300 OVIDII
1001 255 1301 302 NASONIS

256 345 395 409 Quod
419 345 619 395 Priamus
644 347 832 410 gaudere
856 366 984 397 senex
1007 361 1112 415 post
1135 350 1327 399 Hectora
1350 364 1527 419 posset,

257 424 355 471 Hoc
375 423 462 472 fuit
481 443 490 471 :
512 423 584 472 ille
605 424 743 487 igitur
762 436 984 474 tantorum
1005 427 1169 485 victor,
1195 428 1368 478 Achille
1383 467 1395 488 ‚

256 500 458 548 Vinceris
482 520 507 549 a
529 501 685 549 timido
713 502 854 550 Graiae
874 515 1050 570 raptore
1074 504 1262 553 maritae!

256 576 319 624 At
341 576 378 624 si
401 575 590 626 femineo
612 577 755 625 fuerat
779 578 862 626 tibi
884 580 1028 627 Marte
1052 579 1319 639 cadendum,

1607 598 1675 631 610

255 652 656 703 Thermodontiaca
677 653 829 706 malles
852 655 1059 705 cecidisse
1077 656 1275 723 bipenni.

249 783 387 826 perdere
409 782 445 816 in
467 786 629 827 sanguine
643 785 775 827 plebis,
808 783 935 818 frustra

255 832 396 868 mittere
411 833 477 869 tela
488 834 523 868 in
534 834 659 869 milites
671 835 854 880 gregarios,
864 835 936 879 qui-

254 883 319 919 bus
335 884 523 921 intersectis
543 885 631 921 nihil
654 886 809 921 lucratur
831 900 936 921 sum-

256 949 314 971 ma
330 938 420 973 belli.

300 990 375 1036 607.
411 991 512 1033 Quod
533 993 689 1025 Priamus
710 993 853 1035 gaudere
869 997 934 1026 etc.

256 1041 435 1076 Eventum
466 1041 519 1075 rei
550 1042 722 1077 sententia
749 1042 899 1077 declarat
919 1069 928 1086 ,

256 1108 361 1140 quam
393 1094 490 1129 valde
525 1094 793 1130 commendabat
818 1094 929 1129 Vini-

256 1147 327 1181 cius
341 1172 350 1190 ,
376 1159 534 1181 summus
556 1155 690 1182 amator
701 1146 843 1188 Ovidii;
864 1146 932 1181 Se-

255 1211 364 1241 neca,
396 1197 566 1233 Controv.
590 1200 642 1234 33.
668 1199 724 1233 Ad
749 1199 932 1234 Priamum

254 1250 350 1284 enim
361 1250 405 1284 ob
417 1250 609 1284 Hectorem
625 1251 658 1285 in
666 1250 848 1286 terfectum
861 1263 932 1285 ma·

254 1304 388 1338 ximum
408 1303 574 1349 gaudium
590 1303 704 1338 redire
724 1303 872 1338 debebat
892 1317 933 1338 ex

254 1357 398 1391 Achillis
419 1364 544 1391 morte.
569 1375 613 1383 --
641 1358 748 1392 Senex
775 1357 932 1391 solemne

255 1408 387 1443 Priami
403 1408 584 1453 epitheton
599 1422 606 1449 ;
621 1411 874 1443 veterPrt'amns
883 1409 933 1443 di-

254 1470 351 1497 xerat
368 1462 515 1496 Ennius.
525 1481 569 1487 —-
580 1464 736 1496 Gaudere
746 1489 754 1502 ,
774 1469 812 1496 ut
826 1464 935 1496 dolere

256 1521 291 1548 et
307 1526 457 1554 merere,
490 1513 615 1558 passim
635 1520 798 1558 quartum
815 1518 933 1547 casu'm

254 1567 318 1602 sibi
338 1566 546 1610 adjunctum
570 1565 703 1606 habet3
730 1564 808 1598 vide
834 1565 932 1598 Bur-

254 1632 428 1654 mannum
451 1618 494 1652 ad
515 1619 612 1662 Vll,
643 1631 716 1664 720.
749 1617 932 1663 Copiosius

254 1671 398 1706 Achillis
410 1683 528 1705 casum
544 1677 683 1705 enarrat
695 1669 851 1715 Quintus
861 1669 934 1704 Ca-

253 1723 371 1766 laber,
389 1722 466 1765 ΙΙΙ,
493 1722 636 1768 176sqq.
658 1721 712 1755 lbi
734 1719 933 1766 procumbit

253 1775 384 1809 montis
402 1774 512 1808 instar
524 1800 533 1817 ,
554 1785 634 1807 cum
651 1779 805 1806 tremore
823 1772 932 1806 tellu-

253 1827 318 1870 ris,
337 1838 586 1871 armorumque
599 1824 747 1870 fragore.
764 1825 806 1858 In
824 1823 932 1858 talum

255 1892 338 1913 eum
357 1892 429 1914 esse
444 1878 668 1913 vutneratum
690 1877 783 1911 idem
805 1876 933 1921 Quin-

255 1939 310 1965 tus
332 1930 408 1965 Cal.
428 1937 603 1965 memorat
624 1942 632 1964 ε
651 1941 779 1974 nempe
799 1928 826 1963 is
843 1929 933 1963 solus

256 1983 478 2017 vulnerabilis
503 1982 607 2016 fuisse
637 1994 657 2015 a
682 1980 934 2016 recentioribus

257 2032 453 2067 auctoribus
471 2032 669 2077 fingebatur
681 2058 690 2075 ,
712 2043 821 2076 quum
845 2030 934 2064 reli—

257 2096 369 2129 quum
399 2096 523 2128 corpus
542 2109 551 2126 ,
583 2083 619 2116 in
646 2082 751 2129 Styge
775 2095 794 2116 a
821 2089 933 2116 matre

257 2137 404 2171 tinctum
415 2162 424 2179 ‚
440 2135 541 2169 nullis
550 2135 735 2169 armislaedi
745 2141 866 2179 posset.
877 2134 933 2168 De

256 2201 326 2233 quo
346 2193 548 2223 commento
563 2186 738 2221 verissime
759 2188 935 2220 Rousseau

259 2240 447 2283 (Pense'es)
467 2251 475 2272 :
491 2241 514 2272 a*
519 2238 619 2283 force
633 2240 659 2272 d
662 2237 778 2272 'armet
798 2238 936 2271 Achille

258 2299 369 2327 contre
381 2294 412 2326 le
420 2294 525 2336 peril,
545 2294 577 2325 le
585 2293 685 2334 poete
694 2293 747 2324 lui
756 2293 809 2324 0⁴le
821 2293 853 2323 Ιι·
867 2292 933 2323 me-

256 2347 320 2378 rt‘le
327 2346 368 2377 de
377 2347 414 2377 la
422 2346 547 2377 valeur.
561 2344 594 2376 T
589 2349 648 2377 out
655 2349 750 2376 autre
757 2344 781 2374 a*
790 2354 832 2375 sa
834 2344 935 2385 place

256 2397 311 2429 eu⁴t
327 2398 379 2429 ele
393 2409 437 2429 un
453 2395 590 2429 Achille
606 2407 650 2428 au
665 2393 768 2428 meme
777 2397 866 2438 prix.

301 2447 376 2483 608.
392 2449 456 2481 Ille
473 2450 575 2490 igitur
586 2453 751 2481 tantorum
767 2452 830 2480 etc.
847 2445 934 2490 Epi-

256 2498 432 2544 phonema
463 2498 667 2543 praeclarum
691 2524 700 2541 ‚
736 2497 791 2532 cui
822 2497 932 2531 simile

238 2549 340 2584 'illud
364 2550 407 2584 de
433 2550 576 2585 Priamo
607 2549 697 2595 apud
722 2549 931 2595 Virgilium,

258 2601 399 2636 AEneid.
415 2602 472 2644 11,
494 2603 559 2645 554
576 2614 648 2647 sqq.
667 2601 812 2636 Initium
829 2601 934 2646 spirat

256 2664 396 2686 sensum
409 2651 616 2687 Graecorum
627 2679 636 2696 ,
654 2652 696 2686 de
713 2657 782 2697 qu'o
795 2651 881 2686 vide'
891 2651 934 2685 ad

257 2703 309 2738 IX
324 2729 333 2746 ,
355 2717 383 2748 7.
405 2705 556 2750 Ignaviae
572 2712 607 2739 et
622 2704 779 2739 mollitiei
796 2703 934 2739 Paridis

256 2755 427 2800 picturam
441 2756 543 2791 habes
559 2756 651 2802 apud
668 2757 792 2792 Horat.
804 2756 821 2791 I
834 2782 843 2800 ,
863 2755 933 2790 Od.

1000 794 1069 827 xv,
1097 785 1226 826 13-18;
1246 797 1457 830 quamquam
1468 785 1581 822 Latini
1593 800 1677 822 eum

966 867 969 869 .
1000 843 1111 882 poetae
1127 836 1322 872 molliorem
1345 837 1542 882 finxerunt,
1570 852 1676 884 quam

1000 888 1092 933 apud
1126 889 1327 924 Homerum
1357 897 1509 936 apparet.
1537 891 1675 938 Nempe

1001 941 1080 986 quia
1092 941 1261 987 elegantia
1278 943 1353 988 ejus
1368 942 1409 977 ab
1426 942 1574 978 heroum
1587 944 1676 979 reli-

1001 1005 1152 1038 quorum
1167 993 1348 1038 asperitate
1361 994 1585 1039 abhorrebat,
1598 1008 1677 1042 pro-

995 1054 1112 1092 pterea
1133 1047 1175 1081 ab
1192 1047 1247 1082 his
1265 1048 1558 1090 contemnebatur
1581 1056 1675 1084 tam-

996 1113 1102 1146 quam
1118 1104 1304 1145 γυναιμκνὴς
1318 1115 1327 1143 ς
1343 1101 1421 1136 vide
1437 1101 1520 1137 Jani
1536 1102 1670 1138 Excur-

994 1165 1073 1187 sum
1097 1151 1139 1186 ad
1162 1153 1288 1188 Horat.
1312 1153 1345 1188 d.
1365 1153 1427 1188 loc.
1450 1154 1531 1188 Non
1551 1167 1675 1199 parum

994 1204 1209 1240 fortitudinis
1233 1205 1340 1251 spirat
1363 1205 1506 1252 epistola
1530 1208 1616 1252 ejus*
1632 1207 1675 1242 ad

998 1257 1188 1301 Helenam,
1198 1269 1274 1302 quae
1283 1257 1412 1303 legitur
1421 1258 1568 1293 Heroid.
1576 1258 1676 1294 XVI.

998 1311 1217 1349 --V1'ncer1's‚
1237 1309 1342 1355 vulgo
1352 1335 1361 1353 ,
1376 1316 1410 1344 et
1426 1310 1461 1344 in
1475 1317 1596 1345 nostro
1610 1311 1678 1346 Re-

999 1361 1054 1406 gio
1073 1360 1103 1394 A
1115 1387 1124 1404 ,
1142 1365 1252 1396 vz'cms
1267 1374 1303 1395 es
1312 1373 1324 1403 ‚·
1339 1361 1502 1396 nonnulli
1516 1365 1674 1403 vincitur,

996 1412 1057 1448 sed
1074 1413 1162 1447 male
1184 1426 1191 1448 ε
1210 1412 1287 1447 vide
1310 1413 1499 1448 Heinsium
1523 1413 1566 1448 ad
1591 1414 1676 1449 He-

997 1465 1086 1499 roid.
1104 1464 1208 1507 XIV,
1223 1467 1471 1513 95.—]}laritoe,
1494 1479 1599 1512 quam
1612 1466 1678 1501 ha-

997 1517 1101 1551 bebat
1116 1516 1279 1551 maritam
1298 1524 1374 1562 post
1396 1524 1534 1566 raptum
1547 1544 1556 1562 ,
1574 1525 1613 1552 ut
1629 1531 1676 1553 vs.

999 1570 1017 1602 5
1030 1593 1039 1610 ,
1055 1573 1154 1611 rapta
1164 1581 1238 1602 cum
1250 1569 1400 1612 conjuge.
1417 1568 1458 1603 Id
1471 1575 1590 1603 tamen
1601 1581 1676 1603 non

997 1618 1109 1663 placet
1138 1619 1347 1653 Burmanno
1372 1619 1431 1663 qui
1451 1632 1492 1653 ex
1510 1631 1584 1653 uno
1604 1618 1674 1654 MS

997 1670 1138 1716 praefert
1145 1671 1315 1715 juvenca,
1342 1671 1421 1716 quia
1448 1670 1595 1705 Heroid.
1617 1672 1674 1715 V,

1002 1735 1060 1766 117
1074 1748 1083 1765 ,
1103 1729 1138 1756 et
1157 1722 1246 1767 apud
1267 1723 1374 1757 Iscan.
1391 1722 1466 1765 ΙΙΙ,
1489 1722 1555 1768 374
1568 1748 1577 1766 ,
1597 1722 1675 1756 He-

996 1771 1075 1806 lena
1096 1774 1205 1807 Graia
1213 1772 1363 1816 juvenca
1380 1779 1546 1815 vocatum
1564 1772 1623 1807 sed
1638 1773 1675 1807 in

997 1830 1147 1868 utroque
1160 1824 1218 1858 illo
1230 1823 1306 1858 loco
1318 1823 1488 1869 allegorioe
1498 1823 1676 1858 servandae

997 1888 1098 1910 causa
1113 1875 1299 1910 commode
1316 1876 1364 1909 ita
1378 1875 1504 1910 dicitur
1521 1887 1597 1920 quae
1607 1875 1642 1910 h.
1654 1875 1676 1910 l.

997 1927 1092 1961 nulla
1108 1934 1214 1962 est.-—-
1221 1929 1521 1961 Thermodontiaca
1533 1929 1676 1971 b1'penm'.

999 1978 1257 2013 Penthesileam
1267 1978 1440 2024 intelligit,
1453 1978 1675 2013 fortissimam

998 2030 1220 2064 Amazonum
1237 2056 1246 2073 ,
1270 2029 1313 2063 ad
1338 2030 1580 2065 Thermodonta
1598 2030 1676 2065 flu—

996 2082 1093 2115 vium
1109 2081 1340 2116 habitantium
1354 2107 1363 2124 ,
1386 2081 1544 2126 reginam
1560 2106 1570 2124 ,
1598 2091 1676 2125 quae

999 2131 1161 2176 Troianis
1181 2132 1346 2166 auxilium
1366 2132 1493 2166 tulerat
1513 2131 1675 2166 adversus

998 2183 1146 2219 Graecos.
1163 2185 1210 2229 Q.
1236 2184 1401 2227 Calaber,
1423 2185 1463 2227 1;
1488 2184 1674 2230 Virgilius,

999 2236 1084 2270 AEn.
1100 2237 1135 2279 l,
1156 2238 1241 2283 490;
1269 2236 1603 2279 Justinus,11‚1v‚
1621 2235 1673 2269 31.

996 2288 1222 2332 Bipennfferae
1246 2288 1433 2323 Amazonis
1454 2288 1585 2334 efligies
1608 2291 1674 2322 eat-'—

997 2337 1111 2385 pressa
1121 2347 1171 2374 est
1181 2340 1271 2385 apud
1284 2339 1462 2374 Drakenb.
1473 2339 1515 2373 ad
1528 2338 1651 2373 Silium
1661 2364 1671 2382 ‚

998 2392 1057 2435 ΙΙ,
1079 2406 1129 2438 77.
1145 2392 1222 2437 Ipsa
1242 2391 1461 2426 Penthesilea
1479 2391 1514 2424 in
1528 2390 1674 2435 gemmis

997 2444 1152 2489 pluribus
1184 2444 1401 2489 conspicitur.
1433 2443 1549 2478 Etiam
1583 2442 1675 2488 apud

999 2496 1179 2541 Quintum
1207 2495 1343 2531 Calabr.
1362 2497 1397 2539 Ι,
1423 2499 1480 2539 ι57
1494 2521 1504 2539 ,
1521 2494 1590 2529 sert
1611 2496 1676 2539 ἀμ-

999 2553 1122 2593 firmo-1
1140 2553 1307 2593 βουπλῆγα·
1318 2547 1422 2581 sedin
1433 2546 1560 2590 tabula,
1568 2558 1673 2591 quam

997 2600 1204 2642 Pausanias,
1223 2599 1329 2634 Phoc.
1345 2613 1377 2644 p.
1392 2600 1475 2645 875,
1493 2598 1670 2642 describit,

997 2664 1116 2686 arcum
1146 2651 1294 2686 habebat
1318 2651 1486 2698 Scythicis
1515 2650 1671 2685 similem.

997 2704 1137 2738 Fortior
1149 2702 1274 2738 Paride
1291 2703 1328 2736 in
1346 2702 1467 2737 eadem
1486 2702 1600 2736 tabula
1617 2713 1671 2745 ap·

998 2755 1159 2800 parebat3
1178 2755 1276 2794 vultu
1294 2755 1387 2789 enim
1405 2753 1616 2794 declarabat,
1634 2764 1669 2785 se
