1820 3106
356 280 1053 350 METAMORPHOSEON
1090 282 1223 326 LIB.
1260 283 1408 328 XIV.

1510 282 1598 339 485

168 375 400 435 Prodidit3
425 373 668 425 exclamant
689 372 873 431 famuli;
897 373 1147 441 frustraque
1168 373 1359 423 levatum
1373 411 1386 434 ‚

167 458 282 507 Nam
306 466 431 522 pater
453 452 694 510 occiderat,
719 451 916 500 referunt
940 452 995 500 ad
1020 451 1172 501 limina
1197 452 1364 501 matris.

168 532 347 600 Accipit
367 530 440 580 illa
467 530 592 588 sinu,
616 529 932 597 complexaque
957 530 1118 592 frigida
1138 531 1230 579 nati
1369 537 1372 539 ’

168 610 370 660 Membra
394 609 462 658 sui
477 647 490 667 ‚
515 621 755 676 postquam
777 609 1034 658 miserarum
1055 610 1188 658 verba
1208 620 1444 676 parentum

168 687 348 746 Edidit,
375 699 419 740 et
442 698 632 736 matrum
655 686 913 736 miserarum
938 687 1051 736 facta
1072 688 1269 755 peregit,

1533 698 1599 747 745

166 765 339 814 Funera
360 765 552 814 ducebat
576 764 764 813 mediam
785 764 1027 832 lacrymosa
1050 785 1132 832 per
1153 767 1310 816 urbem
1324 804 1337 826 ,

166 843 421 910 Luridaque
447 861 603 892 arsuro
627 843 840 910 portabat
861 842 1057 892 membra
1081 842 1256 892 feretro.

164 921 300 970 Forte
322 921 402 969 viae
423 920 566 970 vicina
587 921 771 979 domus,
802 940 888 988 qua
911 921 1072 970 flebilis
1095 921 1192 970 ibat

166 1000 339 1068 Pompa
352 1038 365 1060 ‚
387 1000 502 1059 fuit3
530 1000 738 1067 duraeque
759 1019 896 1049 sonus
918 1000 1147 1067 plangoris
1166 1001 1222 1049 ad
1244 1019 1370 1050 aures

165 1075 304 1126 Venit
326 1077 598 1126 Anaxaretes
612 1115 624 1136 ‚
651 1096 782 1144 quam
803 1078 894 1144 jam
919 1078 1041 1126 Deus
1063 1077 1184 1126 ultor
1204 1077 1375 1140 agebat.
1534 1091 1600 1136 75⁰

169 1154 299 1203 Mota
321 1165 467 1203 tamen
484 1191 496 1213 ,
527 1177 551 1198 «
576 1154 817 1203 Videamus
831 1192 845 1213 ‚
868 1155 955 1213 ait,
979 1152 1228 1204 miserabile
1248 1155 1406 1213 funus;
1433 1174 1457 1196 n

165 1231 226 1278 Et
249 1230 414 1298 patulis
436 1230 538 1282 iniit
562 1242 726 1280 tectum
754 1230 943 1280 sublime
965 1232 1182 1280 fenestris.

164 1310 253 1358 Vix
274 1310 387 1362 bene
412 1310 711 1378 cbmpositum
734 1309 849 1359 lecto
873 1322 1164 1380 prospexerat
1182 1310 1340 1378 Iphin;

165 1448 208 1483 In
226 1448 290 1484 hae
306 1455 403 1484 tanta
425 1449 592 1484 varietate
618 1450 848 1486 Burmannus

162 1501 280 1545 malit,
303 1504 526 1545 trepidantum
551 1509 656 1537 morte
673 1530 681 1543 ,
705 1516 848 1547 gemen-

162 1558 228 1588 tem
244 1560 308 1589 etc.
324 1572 370 1580 —·
384 1554 484 1600 Regii
504 1555 614 1589 nostri
631 1557 849 1599 trcpidanlem

161 1613 197 1640 e!
207 1608 314 1640 multa
331 1609 523 1649 timentem‚·
541 1620 618 1653 quae
633 1607 735 1642 lectio
756 1607 846 1642 mala

162 1657 323 1702 videtur,
349 1664 384 1693 et
401 1670 521 1693 veram
543 1659 587 1693 ab
610 1658 760 1695 Heinsio
782 1674 845 1695 re-

161 1716 298 1756 pertam
321 1709 439 1745 credo.
459 1712 526 1746 Ed.
828 1719 830 1722 '

209 1764 283 1808 744.
309 1765 509 1799 Mae'semrmn
536 1768 638 1800 verba
662 1772 846 1810 parentum

163 1815 219 1851 Ita
234 1815 363 1861 legitur
376 1817 413 1850 in
430 1817 600 1851 ambobus
616 1817 734 1863 Regiis
749 1817 849 1852 codi-

163 1868 280 1909 cibus;
307 1881 349 1903 ex
363 1868 474 1904 tribus
490 1876 608 1904 autem
619 1870 848 1905 Burmannus

163 1918 342 1955 invexerat
356 1923 567 1963 m'seromm
583 1922 665 1967 quia
676 1922 766 1957 vices
779 1935 850 1967 pa-

164 1972 226 2007 tris
243 1971 400 2008 defuncti
420 1973 543 2019 agebat
561 1987 571 2015 3
597 1974 847 2008 Burmannum

165 2024 340 2070 Gierigius
354 2031 430 2060 erat
442 2031 581 2060 secutus
593 2038 601 2060 :
615 2038 681 2071 ego
690 2032 847 2059 veterem

165 2078 353 2114 lectionem
363 2091 491 2114 revoco
502 2091 513 2114 ι
523 2078 738 2114 concedatur
749 2079 848 2114 enim

163 2130 270 2166 fuisse
283 2131 390 2166 verba
406 2130 545 2177 propria
563 2130 717 2177 patribus
734 2131 847 2166 filium

164 2182 363 2230 lugentibus
374 2211 384 2228 ,
393 2184 569 2231 hujusque
580 2185 709 2220 funera
719 2185 848 2221 ducen-

166 2237 258 2272 tibus
267 2263 276 2281 ,
287 2237 421 2283 aliaque
431 2238 573 2284 propria
582 2238 752 2272 matribus
761 2252 768 2280 ;
778 2251 849 2273 ma-

166 2297 222 2325 ter
246 2289 351 2324 vidua
377 2296 413 2325 et
439 2289 549 2336 patris
573 2289 731 2326 defuncti
757 2292 849 2326 vices

169 2355 294 2389 agens,
309 2343 414 2378 verba
426 2369 436 2386 ‚
455 2355 533 2389 quae
548 2342 606 2379 hic
620 2343 782 2379 edidisset
793 2344 846 2379 vi-

171 2409 254 2441 vus,
281 2409 355 2431 non
374 2395 502 2431 edebat
514 2422 524 2440 ,
541 2395 603 2431 sed
622 2403 717 2432 certe
742 2398 849 2432 verba

170 2449 266 2484 sexui
280 2461 344 2484 suo
362 2448 511 2495 propria.
535 2448 632 2483 Bene
654 2448 761 2494 igitur
777 2453 849 2484 πη·-

172 2513 319 2536 seramm
333 2500 527 2537 Mitscherl.
542 2512 658 2545 nuper
667 2501 850 2537 revocavit.

175 2552 240 2587 Ed.
255 2570 301 2579 —
318 2553 476 2587 Ducebat
489 2579 497 2587 .
513 2577 521 2585 .
539 2578 546 2585 .
556 2553 726 2595 portabat.
749 2552 850 2598 Regii

175 2604 286 2639 nostri
306 2616 387 2639 cum
408 2603 616 2650 quibusdam
634 2604 676 2638 ab
702 2604 850 2640 Heinsio

172 2656 361 2692 nominatis
381 2656 514 2691 habent
532 2659 697 2691 ducuntur
706 2682 714 2690 .
726 2684 734 2691 .
746 2683 754 2691 .
760 2670 850 2701 por-

169 2715 301 2750 tantur,
317 2707 410 2754 quod
421 2708 449 2743 is
457 2708 649 2754 improbat,
667 2708 747 2754 quia
758 2711 855 2744 ducit

160 2761 272 2807 sunus
287 2768 346 2796 aut
356 2764 535 2806 exsequias
545 2761 683 2807 proprie
696 2774 773 2807 quae
785 2762 852 2807 pri-

171 2827 230 2850 ma
238 2814 336 2850 estin
347 2826 474 2860 pompa
482 2814 617 2850 funeris
627 2827 637 2857 ς
650 2814 710 2850 sed
722 2813 856 2849 deinde

915 1449 1062 1484 omnino
1076 1461 1142 1494 pro
1158 1447 1289 1483 efferre
1307 1446 1417 1481 funus
1433 1446 1596 1491 ponitur:

914 1509 950 1536 et
953 1510 1089 1547 portare
1100 1502 1171 1536 nati
1183 1513 1308 1546 corpus
1320 1498 1362 1534 ad
1374 1512 1500 1543 rogum
1513 1511 1598 1533 ma—
1633 1507 1636 1510 ⁴

913 1562 968 1591 ter
985 1555 1231 1591 dicitur-etiam
1245 1554 1394 1590 Heroid.
1413 1554 1501 1596 XV,
1523 1557 1597 1589 115.

914 1611 1236 1656 Ed.—Lacrymosa
1245 1635 1253 1649 ,
1265 1607 1427 1656 lacrymis
1439 1607 1599 1653 digna.—

915 1662 1044 1696 A'rsuro
1054 1673 1120 1706 pro
1135 1686 1143 1704 ,
1162 1672 1280 1694 arsura
1291 1659 1452 1693 membra
1465 1672 1473 1699 3
1490 1658 1598 1692 etiam

915 1712 1095 1755 Tibullus,
1115 1713 1153 1756 Ι,
1171 1722 1205 1755 1,
1222 1711 1262 1746 61
1279 1737 1289 1755 ,
1307 1713 1419 1746 Flebis
1434 1715 1469 1745 et
1481 1722 1600 1745 arsuro

907 1770 1057 1810 positum
1074 1778 1141 1807 me,
1158 1767 1282 1805 Delia,
1302 1766 1399 1797 lecto.

923 1816 925 1820 ’
961 1816 1033 1860 748.
1051 1817 1387 1860 Veh-...qua„.1’ba!.
1399 1812 1597 1848 Primaedi-

915 1871 964 1906 tio
975 1870 1101 1905 Aldina
1111 1883 1209 1915 quam
1220 1881 1230 1911 ‚·
1249 1869 1375 1905 eodem
1387 1868 1494 1902 modo
1504 1867 1598 1913 apud

915 1924 1141 1968 Propertium
1153 1950 1162 1966 ‚
1175 1923 1230 1958 111
1244 1948 1253 1964 ,
1275 1935 1286 1956 ι
1295 1924 1331 1965 5,
1345 1921 1513 1956 Heinsius
1525 1920 1599 1956 vult

914 1975 981 2021 legi
998 1976 1146 2009 Sce‘romlr
1157 1976 1286 2009 medias
1297 1976 1352 2008 his
1362 1975 1443 2008 licet
1450 1976 1498 2007 ine
1507 1976 1595 2014 vias,

914 2039 979 2073 pro
995 2027 1086 2073 vulg.
1102 2028 1212 2061 media
1226 2029 1294 2061 via.
1317 2025 1384 2061 Ed.
1399 2043 1444 2052 —
1462 2026 1600 2070 Agebat

914 2080 990 2125 plus
1006 2086 1077 2123 est,
1094 2091 1199 2124 quam
1215 2081 1375 2119 habebat,
1395 2077 1488 2124 quod
1505 2090 1598 2124 prae-

913 2133 1037 2169 ferunt
1053 2133 1151 2180 prior
1164 2132 1382 2168 Gronovian.
1399 2139 1434 2167 et
1452 2139 1523 2167 tres
1540 2131 1597 2167 alii

915 2186 1024 2221 MSS.
1039 2186 1086 2221 Et
1101 2185 1240 2232 proprie
1256 2184 1344 2219 illud
1355 2183 1541 2219 adhibetur
1551 2183 1594 2218 de

914 2238 1065 2285 impulsu
1088 2238 1250 2273 Deorum
1266 2264 1275 2282 ,
1302 2237 1507 2279 Furiarum,
1528 2236 1596 2270 fu-

913 2291 1003 2326 roris
1018 2298 1137 2326 ete—
1148 2289 1250 2336 Regii
1267 2288 1402 2324 codices
1416 2290 1550 2331 agebat.

961 2343 1033 2388 753.
1056 2344 1230 2378 Vixbenc.
1250 2342 1362 2376 Poeta
1380 2339 1478 2374 addit
1494 2342 1594 2380 bene,

914 2402 953 2430 ut
962 2395 1134 2441 majorem
1143 2394 1303 2430 ostendat
1312 2393 1574 2429 festinationem
1584 2407 1594 2434 ;

914 2448 961 2484 sic
970 2447 1049 2482 alibi
1058 2449 1126 2481 Vix
1133 2449 1214 2482 bene
1222 2449 1368 2481 desierat
1371 2457 1383 2488 ,⁰
1396 2452 1430 2480 et
1439 2447 1472 2479 V
1468 2449 1506 2479 ix
1516 2448 1597 2480 bene

914 2503 1038 2535 missus
1053 2505 1146 2542 erat;
1169 2499 1217 2533 sic
1230 2497 1323 2532 infra
1346 2499 1413 2531 Vix
1429 2498 1510 2531 bene
1527 2499 1595 2531 de-

914 2556 1048 2587 st'eranl.
1068 2550 1133 2586 Ed.
1143 2568 1187 2577 -
1198 2550 1366 2585 Heinsius
1383 2548 1442 2594 qui
1458 2561 1594 2594 compo-

914 2607 1015 2638 situm
1035 2614 1099 2648 pro
1119 2605 1308 2646 impositum
1331 2600 1463 2646 recepit
1476 2626 1485 2644 ,
1508 2600 1595 2636 illud

916 2653 1076 2688 defendit
1098 2665 1173 2687 non
1197 2652 1265 2687 nisi
1291 2652 1331 2687 iis
1356 2653 1438 2688 locis
1466 2652 1526 2687 ubi
1552 2652 1596 2687 de

915 2707 1089 2743 cineribus
1115 2709 1308 2751 compositis
1321 2733 1330 2747 ‚
1358 2706 1426 2742 hoc
1450 2713 1504 2742 est
1522 2733 1532 2751 ‚
1558 2708 1596 2741 in

916 2766 1191 2794 monumentum
1210 2759 1357 2794 conditis
1369 2786 1379 2804 ,
1401 2771 1518 2794 sermo
1536 2766 1600 2793 est.

919 2813 1064 2849 Rectius
1082 2812 1253 2850 laudasset
1272 2813 1326 2851 lx
1337 2840 1347 2858 ,
1365 2814 1428 2849 503
1440 2839 1451 2858 ‚
1468 2818 1603 2857 toroque
