1820 3106
331 211 1036 260 METAMORPHOSEON
1068 213 1196 258 LIB.
1239 216 1390 261 XIV.

144 307 300 375 Cepit3
323 319 369 357 et
389 307 437 356 in
458 304 594 355 Tusci
618 305 843 353 demersus
866 304 1065 354 fluminis
1087 306 1223 355 undis

1491 217 1580 280 477

1512 326 1579 360 615

141 385 336 434 Nomina
356 384 460 434 fecit
483 388 607 450 aquae
627 403 638 431 :
659 383 712 431 de
735 402 826 449 quo
852 382 1162 451 Remulusque
1187 384 1399 453 feroxque

143 466 313 515 Acrota
337 469 442 513 sunt
463 460 603 526 geniti
624 480 634 510 :
658 459 876 509 Remulus
898 462 1115 510 maturior
1137 463 1261 512 annis

144 540 377 592 Fulmineo
398 539 555 607 periit,
581 538 780 595 imitator
799 537 999 588 fulminis
1013 577 1024 596 ‚
1048 539 1152 589 ictu.

145 621 296 669 Fratre
319 637 402 667 suo
427 629 651 684 sceptrum
672 616 945 665 moderatior
965 617 1132 665 Acrota
1153 618 1258 666 forti

144 691 304 747 Tradit
327 696 578 753 Aventin03
604 695 704 762 qui,
730 714 820 761 quo
844 706 1048 758 regnarat
1063 732 1075 752 ‚
1099 696 1253 744 eodem
1285 692 1287 694 ’

1516 713 1584 747 620

144 774 306 823 Monte
323 773 438 839 jacet
458 773 635 841 positus
649 810 662 831 ‚
687 772 937 838 tribuitque
957 771 1173 820 vocabula
1197 774 1354 822 monti.

209 853 400 919 Jamque
421 850 634 900 Palatinae
655 869 874 899 'summam
895 850 1036 900 Proca
1061 851 1206 914 gentis
1228 851 1434 902 habebat.

144 933 269 995 Rege
291 931 378 980 sub
402 931 491 979 hoc
514 931 718 979 Pomona
742 929 854 986 fuit;
882 947 968 995 qua
990 927 1112 977 nulla
1135 929 1317 978 Latinas

144 1011 268 1058 Inter
293 1008 623 1076 Hamadryadas
649 1006 789 1055 coluit
808 1006 1016 1057 solertius
1039 1007 1224 1067 hortos,

143 1089 237 1136 Nec
258 1085 346 1136 fuit
370 1086 548 1135 arborei
571 1085 818 1135 studiosior
834 1084 970 1133 altera
995 1085 1127 1134 foetus
1144 1122 1157 1143 ‚
1517 1102 1583 1138 625

146 1166 279 1216 Unde
304 1177 425 1216 tenet
444 1184 609 1214 nomen
630 1185 640 1213 :
661 1184 754 1213 non
779 1163 910 1213 silvas
933 1162 1009 1212 illa
1023 1202 1035 1222 ,
1056 1183 1138 1213 nec
1159 1183 1336 1225 amnes;

148 1247 247 1296 Rus
273 1257 415 1305 amat,
437 1256 486 1295 et
509 1263 684 1302 ramos,
710 1242 853 1292 felicia
873 1261 1007 1310 poma
1028 1243 1230 1292 ferentes.

143 1323 242 1374 Nec
260 1323 408 1392 jaculo
433 1324 578 1388 gravis
600 1335 692 1381 est,
718 1321 796 1370 sed
816 1321 985 1370 adunca
1009 1320 1185 1370 dextera
1208 1321 1339 1381 falce;
1371 1338 1374 1341 ·

149 1434 254 1481 gessit
260 1434 316 1470 lex
322 1433 544 1470 carminis.——
550 1433 693 1467 Tuscum
691 1433 831 1477 flumen,

150 1487 279 1522 Albula
291 1513 301 1531 ,
315 1486 354 1521 in
361 1486 461 1531 cujus
476 1485 623 1531 trajectu
633 1484 834 1519 submersus

149 1539 352 1575 Tiberinus.

192 1591 270 1627 616.
293 1593 351 1626 De
374 1604 438 1636 quo
463 1588 833 1624 Remulus...Acr0ta.

149 1643 358 1681 secundum
375 1643 516 1678 Livium
528 1668 538 1687 ,
564 1640 725 1676 Tiberini
742 1640 834 1675 filius

146 1696 218 1733 fuit
248 1696 415 1743 Agrippa.
445 1696 531 1731 Post
561 1706 645 1729 eum
674 1693 834 1738 regnavit

149 1750 312 1794 Remulus
319 1748 448 1784 Silvius
458 1774 468 1793 ‚
481 1747 541 1793 qui
556 1746 707 1781 fulmine
723 1746 810 1780 ictus
820 1771 832 1789 ‚

149 1815 301 1849 regnum
319 1801 464 1838 tradidit
481 1800 671 1835 Aventino.
687 1818 730 1826 —
744 1800 834 1833 Ma-

148 1857 253 1889 turior
271 1856 383 1889 anm‘s.
405 1851 507 1888 Basil.
524 1855 688 1887 maturior
699 1854 831 1892 arm1's;

151 1919 245 1942 unus
255 1906 416 1941 Vossian.
430 1909 533 1948 avim
551 1904 718 1939 Heinsius
735 1909 836 1949 putat

151 1963 222 1994 oeve‘.
238 1959 341 2006 Regii
358 1958 494 1994 codices
504 1962 622 1999 annis,
643 1964 679 1992 et
693 1970 775 1992 cave
788 1969 835 1991 ne

154 2012 235 2058 quid
249 2019 375 2059 mutes.
386 2013 643 2048 Ed.—Positus
652 2037 661 2052 ‚
679 2017 719 2045 ut
729 2013 815 2045 situs
825 2035 834 2051 ‚

154 2066 197 2102 de
210 2066 359 2113 sepulto.

198 2120 275 2155 622.
305 2121 440 2154 Summa
454 2118 566 2165 gentis
577 2144 587 2162 ,
605 2117 649 2153 de
666 2117 836 2163 imperio,

154 2173 245 2208 bene
268 2171 373 2207 habet
389 2186 398 2214 ;
420 2184 553 2206 summa
573 2174 701 2216 sceptri
720 2169 812 2205 XIlI
825 2195 836 2213 ,

159 2225 242 2266 1623
264 2237 396 2259 summa
410 2226 546 2258 bellae'ex
560 2224 677 2258 Ponto
688 2249 697 2267 ,
723 2223 758 2257 ΙΙ
773 2248 782 2266 ,
803 2233 836 2266 1,

156 2278 209 2323 46.
233 2276 304 2313 sed
322 2276 493 2322 quaeritur
508 2301 518 2318 ,
539 2288 609 2320 quo
628 2288 733 2310 sensu
754 2287 841 2319 gens

154 2334 320 2368 Palatina
331 2331 421 2366 dicta
431 2330 485 2365 sit.
496 2329 661 2377 Micyllus
672 2329 816 2375 explicat
828 2355 839 2373 ,

159 2398 236 2431 quae
252 2384 343 2423 circa
360 2383 536 2419 Palatium
556 2389 592 2417 et
608 2395 648 2416 ea
666 2381 737 2416 loca
751 2407 760 2424 ‚
780 2381 840 2416 ubi

158 2443 278 2482 postea
291 2436 407 2471 Roma
423 2433 565 2470 condita
578 2433 646 2467 fuit
658 2458 667 2475 ,
686 2440 762 2467 tum
779 2431 841 2467 lia·

159 2488 300 2535 bitabat.
318 2488 486 2534 Ineptum
501 2487 568 2522 hoc
583 2485 716 2531 judicat
727 2485 842 2520 Hein-

160 2539 248 2584 sius,
262 2541 321 2585 qui
330 2539 452 2576 suadet
462 2566 471 2583 ,
482 2540 650 2573 Palatinae
657 2541 760 2581 rupis,
782 2543 842 2571 aut

161 2593 423 2635 Palatmicollis
437 2605 463 2626 s.
474 2593 608 2624 montis.
618 2590 757 2623 Verum
768 2600 842 2623 non

163 2642 355 2678 admodum
385 2650 511 2689 potens
537 2654 597 2676 rex
612 2668 621 2685 ‚
657 2641 717 2687 qui
747 2641 843 2687 rupis

161 2708 339 2731 summam
355 2695 469 2730 habet.
497 2694 623 2741 Quum
646 2693 744 2728 MSS
766 2692 843 2729 fere

163 2761 288 2784 omnes
315 2749 495 2784 Palatinus
517 2746 668 2784 habeant
681 2771 691 2789 ‚
719 2744 753 2781 id
775 2745 844 2780 in·-

905 1438 1002 1466 terea
1026 1431 1240 1466 servandum
1269 1432 1421 1467 arbitror
1438 1460 1447 1477 ,
1474 1435 1587 1470 doner.

900 1483 1046 1518 meliora
1064 1483 1301 1529 proferantur.
1318 1484 1425 1520 Forte
1442 1485 1509 1521 hoc
1524 1500 1588 1522 co-

900 1548 1056 1581 gnomen
1088 1535 1232 1571 adhaesit
1261 1538 1393 1572 Procae.
1418 1557 1461 1564 —
1483 1540 1587 1586 Regii

899 1588 1011 1623 nostri
1029 1589 1132 1624 ambo
1150 1588 1236 1624 dant
1253 1590 1435 1625 Palatinus
1450 1604 1586 1626 summae

898 1645 977 1677 loca
999 1646 1111 1686 gentis
1133 1644 1300 1686 habebat‚·
1324 1643 1372 1679 ita
1397 1651 1433 1679 et
1461 1658 1587 1681 omnes

900 1695 958 1730 alii
973 1695 1131 1730 codices:
1147 1695 1175 1730 si
1192 1697 1375 1731 Palatinus
1386 1710 1461 1731 non
1477 1697 1588 1733 fuerit

900 1760 1097 1793 cognomen
1114 1747 1273 1783 additum
1284 1751 1405 1783 Proca·
1417 1777 1426 1791 ‚
1451 1743 1586 1796 optima

901 1802 987 1836 mihi
1009 1802 1150 1836 videtur
1171 1802 1295 1845 lectio,
1321 1815 1428 1847 quam
1454 1806 1587 1851 recepit

901 1852 1077 1898 Gierigius
1089 1880 1098 1896 ‚
1123 1861 1161 1888 ut
1178 1866 1302 1888 omnes
1319 1854 1374 1888 alii
1391 1855 1475 1890 edit.
1490 1870 1588 1892 rece—

901 1913 1027 1951 perant
1039 1919 1079 1940 ex
1092 1906 1244 1952 Nauger.
1261 1919 1410 1952 eamque
1427 1908 1586 1954 ineptam

902 1958 991 1992 male
1016 1959 1223 2003 pronuntiat
1240 1958 1363 1994 Heins.
1385 1960 1444 2005 qui
1466 1960 1586 1996 forsan

902 2011 1054 2055 ineptior
1062 2017 1126 2054 est,
1135 2010 1171 2044 in
1181 2017 1223 2058 τῷ
1232 2013 1310 2045 loca
1317 2011 1439 2046 videns
1447 2015 1589 2061 vestigia

902 2069 955 2097 τοῦ
964 2064 1073 2096 collis.
1091 2062 1270 2098 Omnibus
1282 2070 1400 2098 autem
1413 2065 1589 2102 codicibus

902 2116 939 2150 in
961 2115 1124 2150 eamdem
1143 2116 1333 2152 lectionem
1356 2119 1592 2164 conspiranti-

903 2169 986 2211 bus,
1006 2181 1086 2203 eam
1106 2169 1342 2204 revocandam
1366 2183 1503 2205 censeo.
1522 2174 1588 2207 Ed.

903 2240 947 2246 —
957 2222 1028 2256 Pro
1042 2223 1202 2261 Latmos,
1222 2221 1325 2256 multi
1337 2229 1472 2258 veteres
1483 2225 1590 2258 Lati-

904 2285 985 2316 nos,·
1005 2281 1194 2318 utrumque
1212 2273 1316 2308 bene.

950 2327 1026 2361 625.
1036 2327 1170 2366 Altera,
1185 2326 1258 2362 alia.
1271 2326 1436 2373 Nympha
1446 2340 1591 2373 operam

906 2378 993 2414 dans
1010 2379 1177 2413 arborum
1194 2379 1339 2414 culturae
1352 2379 1442 2414 bene
1461 2380 1592 2415 descri-

906 2431 1011 2466 bitur.
1021 2450 1064 2457 -
1074 2434 1204 2466 Ramos
1214 2458 1223 2473 ,
1243 2432 1394 2466 arbores.
1408 2450 1451 2459 -
1460 2434 1594 2468 bis-lewa

900 2497 1005 2528 poma
1016 2510 1024 2524 ‚
1043 2491 1082 2518 ut
1096 2483 1149 2518 IX
1161 2510 1170 2528 ,
1184 2498 1238 2531 9²·

952 2537 1027 2571 628.
1054 2538 1179 2571 Gravis
1197 2563 1205 2577 ,
1238 2544 1387 2582 gravata.
1413 2555 1456 2563 —
1478 2538 1587 2581 Falx,

907 2587 1020 2623 culter
1042 2588 1235 2622 vinitorum
1256 2601 1382 2624 curvus
1399 2589 1440 2623 ad
1460 2602 1592 2636 ampu-

909 2640 1031 2675 tandas
1046 2639 1202 2675 frondes.
1219 2659 1264 2667 -—
1281 2643 1351 2675 Nec
1362 2642 1486 2686 jaculo
1503 2656 1593 2687 gra—

910 2698 961 2729 νὴ·
969 2700 1034 2729 etc.
1042 2694 1116 2729 Nec
1126 2693 1247 2729 dextra
1258 2695 1429 2730 Pomonae
1438 2696 1595 2740 jaculum-

911 2751 1038 2798 gestan
1055 2745 1116 2782 sed
1132 2744 1259 2783 falcem
1270 2772 1282 2792 2
1300 2759 1369 2792 qua
1381 2746 1595 2784 luxuriantes
