1820 3106
327 234 1011 293 METAMO'RPHOSEON
1046 246 1175 290 ΜΒ.
1213 248 1325 293 xv.

1458 249 1544 293 523

120 343 222 395 Sive
243 341 361 392 leves
380 340 480 390 imis
501 339 619 389 venti
645 337 913 388 cohibentur
936 338 984 386 in
1006 338 1145 387 antris
1158 376 1170 395 ‚

118 421 320 488 Saxaque
345 438 445 469 cum
468 417 584 469 saxis
600 455 612 476 ‚
637 428 682 466 et
701 416 952 465 habentem,
965 415 1129 465 semina
1149 416 1332 466 flammae

119 500 352 557 Materiam
371 499 538 565 jactant
560 517 570 546 :
591 516 641 546 ea
664 496 861 563 concipit
883 495 1048 544 ictibus
1071 495 1219 559 ignem
1240 516 1250 544 ι

118 578 263 628 Antra
281 575 587 644 relinquentur
610 575 773 625 sedatis
792 574 954 638 frigida
975 574 1117 623 ventis
1137 593 1147 633 ;

119 657 220 706 Sive
239 652 492 710 bitumineae
517 656 697 724 rapiunt
716 654 920 704 incendia
941 654 1056 703 vires
1069 692 1081 712 ‚

1487 668 1552 702 350

118 736 310 784 Luteave
334 735 506 798 exiguis
529 734 766 784 ardescunt
787 732 958 782 sulfura
980 732 1142 781 fumis:

43 834 59 867 ·.
119 812 290 880 Nempe
313 812 395 861 ubi
419 823 534 862 terra
554 812 682 868 eibos
697 851 708 872 ,
731 810 1022 879 alimentaque
1046 809 1232 877 pinguia
1258 808 1440 858 fiammae

118 892 228 940 Non
250 890 401 952 dabit,
422 891 641 941 absumtis
665 910 746 958 per
768 889 952 957 longum
975 889 1146 938 viribus
1169 907 1331 947 aevum,
1403 879 1406 881 i

120 970 389 1037 Naturaeque
412 990 542 1020 suum
564 970 787 1019 nutrimen
813 968 953 1018 deerit
977 967 1127 1026 edaci,

120 1048 228 1096 Non
250 1045 360 1096 feret
382 1046 458 1096 illa
478 1047 636 1098 samem
655 1087 668 1107 ‚
693 1048 954 1114 desertaque
983 1046 1155 1096 deseret
1176 1045 1316 1109 ignes.

121 1127 234 1175 Esse
256 1125 377 1174 viros
397 1124 512 1174 sama
533 1137 599 1174 est
621 1126 669 1174 in
692 1125 985 1194 Hyperborea
1009 1123 1211 1182 Pallene,

123 1203 220 1269 Qui
241 1202 414 1253 soleant
434 1201 608 1252 levibus
629 1202 763 1253 velari
787 1222 976 1271 corpora
1002 1202 1168 1270 plumis
1186 1239 1199 1261 ‚

125 1282 280 1346 Quum
299 1281 599 1331 Tritoniacam
625 1283 779 1332 novies
803 1283 978 1332 subiere
1000 1281 1223 1350 paludem.

124 1359 260 1408 Haud
282 1355 487 1426 equidem
509 1359 642 1408 credo
663 1379 672 1407 :
695 1378 857 1427 sparsae
882 1379 1061 1427 quoque
1087 1358 1284 1407 membra
1306 1374 1475 1405 veneno

129 1436 344 1485 Exercere
365 1448 480 1485 artes
504 1436 738 1504 Scythides
763 1449 1065 1486 memorantur
1085 1435 1271 1484 easdem.

1497 1446 1564 1486 360

194 1534 220 1556 >³
245 1512 293 1562 Si
315 1531 404 1580 qua
424 1512 532 1563 fides
555 1513 691 1563 rebus
713 1525 858 1563 tamen
882 1525 947 1562 est
967 1513 1169 1562 addenda
1187 1509 1390 1579 probatis
1404 1548 1416 1569 ,

125 1592 286 1646 Nonne
311 1590 458 1652 vides,
483 1609 770 1660 quaecumque
792 1611 915 1642 mora
935 1592 1125 1643 fluidove
1143 1590 1289 1640 calore

170 1725 247 1771 346.
263 1725 341 1762 Sive
354 1728 443 1762 leues
464 1733 528 1762 etc.
552 1726 644 1761 Eam
672 1738 813 1761 causam

128 1778 300 1826 copiosius
326 1779 470 1825 exponit
493 1779 676 1814 Lucretius
691 1805 701 1823 ,
734 1780 812 1823 Vl,

128 1833 195 1869 680
210 1833 450 1878 sqq.—Leoes
464 1838 606 1868 tantum
622 1839 735 1867 ornat.

173 1883 250 1933 350,
266 1885 464 1919 Bt‘tumt'neae
483 1887 569 1920 vires
580 1911 590 1926 ,
617 1884 789 1920 bitumina
802 1910 813 1928 ,

130 1949 213 1972 cum
229 1936 275 1971 vi.
292 1937 341 1972 Et
355 1937 494 1973 videtur
513 1937 580 1973 hoc
597 1937 755 1983 adjectiv.
772 1938 815 1973 ab

131 1989 206 2035 ipso
214 1989 528 2036 ovidio-signatum
538 1992 819 2035 essex-Rapina!

130 2045 298 2086 incendia,
308 2042 468 2079 celeriter
477 2042 815 2089 concipiuntignem.

132 2095 222 2130 Mox
233 2108 275 2130 ex
288 2094 447 2142 plurimis
462 2095 561 2132 MSS
576 2095 725 2142 praefero
735 2122 744 2139 ‚
758 2109 819 2130 at-

133 2149 275 2184 descunt
300 2147 432 2193 sulfura
464 2148 564 2184 alteri
591 2155 757 2184 arescunt.
774 2167 819 2175 —

134 2200 238 2247 Regii
258 2201 362 2236 ambo
384 2200 550 2236 exhibent
569 2203 760 2239 ardescunt.
774 2220 820 2228 —

134 2255 281 2299 Em‘gdtls
294 2253 419 2289 Heius.
436 2254 472 2289 in
489 2256 644 2289 adsiduis
660 2260 719 2289 aut
734 2257 819 2290 irri—

132 2310 210 2352 gatis
217 2307 346 2341 mutari
358 2305 506 2341 volebat.
514 2305 617 2341 Prius
625 2306 820 2352 probarunt

137 2357 273 2394 Radius
295 2364 331 2393 et
346 2357 503 2393 Lenzius.
524 2358 640 2393 Immo
654 2383 664 2401 ,
686 2357 820 2392 sulfura

137 2411 324 2448 ardescunt
350 2413 397 2447 ita
418 2438 427 2456 ,
462 2418 501 2446 ut
533 2411 674 2457 exiguos
703 2411 820 2446 fumos

138 2463 302 2500 emittant
320 2477 329 2500 ι
353 2477 430 2510 quae
453 2470 506 2499 est
526 2470 651 2500 natura
669 2463 820 2498 sulfuris.

137 2515 222 2551 Non
245 2522 363 2551 autem
388 2515 568 2550 ardescere
591 2521 736 2560 possunt
755 2528 822 2561 ope

138 2566 231 2602 fumi
247 2567 302 2603 vel
321 2568 454 2603 adsidui
471 2594 481 2611 ‚
504 2568 559 2602 vel
573 2567 696 2613 exigui.
714 2567 823 2602 Unde

141 2620 237 2655 enim
254 2620 310 2655 ille
325 2619 469 2655 fumus?
478 2640 521 2647 —
533 2620 721 2665 Prosume's
735 2618 823 2663 Caz-

139 2671 386 2719 lest.stamm1's.

189 2725 264 2760 355.
281 2725 422 2760 Pallene
439 2723 598 2760 Thraciae
610 2725 702 2760 urbs.
722 2724 775 2760 lbi
791 2731 827 2759 et

149 2779 264 2814 Triton
275 2778 376 2815 lacus.
386 2776 510 2815 Vibius
518 2777 707 2824 Sequester
716 2777 753 2813 in
762 2778 826 2813 Pa-

878 1725 1017 1761 ludibus
1035 1738 1043 1760 :
1059 1739 1076 1755 «
1095 1724 1222 1759 Triton
1241 1721 1422 1765 Thraciae,
1439 1720 1475 1755 in
1495 1732 1566 1766 quo

881 1794 899 1812 »
918 1779 977 1825 qui
987 1793 1024 1814 se
1036 1779 1157 1814 novies
1167 1776 1379 1812 immerserit
1389 1802 1398 1819 ,
1415 1775 1453 1809 in
1464 1786 1567 1809 avem

881 1847 900 1862 υ
918 1832 1147 1867 convertitur.
1173 1845 1190 1860 »
1222 1828 1385 1876 Micyllus
1409 1827 1566 1862 fabulam

879 1883 963 1919 inde
980 1891 1095 1919 ortam
1112 1889 1210 1929 putat
1225 1908 1234 1926 ,
1265 1880 1358 1927 quod
1377 1879 1474 1926 regio
1490 1878 1566 1926 hy-

881 1937 1050 1983 perborea
1076 1936 1147 1981 ipsa
1167 1962 1177 1979 ‚
1205 1935 1250 1969 ob
1269 1932 1454 1969 adsiduum
1476 1930 1566 1966 nivis

881 2002 998 2025 casum
1009 2015 1019 2033 ‚
1033 1989 1224 2034 pinnarum
1235 1985 1463 2022 similitudine
1475 1983 1568 2018 dicta

880 2042 925 2077 sit
943 2044 1126 2092 πυροφόρος.
1160 2039 1376 2075 conseratur
1405 2037 1564 2079 Plinius,

882 2097 950 2140 lv,
968 2110 1015 2131 ια.
1025 2114 1069 2122 ·-
1079 2096 1183 2132 Artes
1196 2106 1347 2129 exercere
1355 2093 1491 2128 easdem
1501 2117 1510 2133 ‚
1523 2096 1566 2124 ut

881 2161 918 2183 se
936 2147 1054 2182 velent
1076 2146 1212 2192 pennis.

926 2200 1001 2236 361.
1013 2202 1116 2236 Fides
1123 2200 1292 2235 addenda.
1301 2195 1471 2233 Heinsius
1482 2207 1569 2241 pro-

883 2252 977 2287 bavit
991 2266 1032 2288 ex
1041 2253 1187 2298 Neapoli
1198 2278 1208 2296 ,
1219 2264 1293 2286 uno
1302 2249 1434 2285 Moreti
1447 2255 1482 2283 et
1494 2259 1568 2282 uno

885 2305 998 2351 Regio
1020 2306 1236 2346 adhibenda‚·
1255 2302 1432 2348 sedfidem
1447 2303 1572 2336 addere

885 2365 937 2393 est
947 2371 1010 2404 pro
1022 2384 1031 2402 ‚
1045 2358 1155 2393 fidem
1163 2357 1292 2392 habere
1305 2383 1314 2400 ,
1324 2354 1481 2391 credere.
1491 2353 1570 2387 Mo-

884 2417 948 2445 net
965 2411 1087 2445 Burm.
1104 2410 1331 2455 frequentem
1348 2421 1421 2443 esse
1440 2407 1570 2442 Nostro

886 2464 978 2499 hanc
993 2463 1219 2499 locutionem.
1235 2463 1344 2498 Recte
1355 2488 1365 2505 ,
1377 2459 1486 2496 sedin
1500 2458 1572 2493 aliis

886 2516 970 2551 locis
979 2523 1048 2560 est,
1061 2523 1222 2561 praestare
1230 2514 1324 2560 quod
1337 2511 1572 2559 promisimus.

887 2570 1033 2604 —fflles
1048 2569 1205 2603 addenda
1220 2574 1271 2602 est
1285 2567 1321 2600 in
1338 2565 1508 2600 ambobus
1517 2576 1574 2600 co·

889 2621 990 2656 dicib.
1002 2621 1129 2656 nostris
1142 2634 1149 2662 ;
1169 2627 1205 2654 et
1219 2626 1387 2665 praeterea
1400 2617 1437 2652 in
1449 2617 1526 2653 cod.
1539 2616 1572 2652 A

888 2673 1017 2719 legitur
1035 2673 1144 2718 glossa
1164 2685 1171 2707 :
1191 2679 1243 2706 est
1261 2669 1489 2706 credendum.
1505 2671 1573 2704 Ed.

888 2726 1094 2765 -Fluidus‚
1111 2723 1172 2770 qui
1186 2722 1268 2759 facit
1283 2720 1574 2758 fluidum—Fuit

890 2777 1088 2813 communis
1100 2783 1259 2813 veterum
1275 2788 1392 2820 error,
1411 2788 1452 2810 ex
1464 2772 1575 2820 putri-
