1820 3106
214 305 303 351 556
377 308 430 351 P.
457 307 659 353 ov1o11
686 306 944 352 NAsoms
967 308 1215 354 METAM.
1249 310 1364 357 Lm.
1397 299 1502 361 xv.

213 399 359 448 Tarda
382 399 440 449 sit
460 399 535 448 illa
556 399 673 458 dies,
699 411 744 449 et
767 412 923 449 nostro
948 402 1089 451 seri-or
1108 421 1198 452 aevo
1214 441 1227 463 ,

215 477 318 540 Qua
341 489 474 544 caput
496 488 759 539 augustum,
787 497 918 545 quem
943 491 1178 546 temperat,
1203 481 1311 530 orbe
1335 481 1491 532 relicto

214 554 408 604 Accedat
429 553 532 603 caelo
550 592 562 614 ‚
587 555 813 622 faveatque
834 557 1120 623 precantibus
1143 558 1313 608 absens.

1569 575 1637 622 870

279 710 482 767 JAMQUE
507 730 621 778 opus
645 712 796 777 exegi,
823 714 945 780 quod
967 732 1048 763 nec
1068 714 1195 764 Jovis
1214 714 1278 763 ira
1294 753 1307 773 ‚
1330 733 1410 764 nec
1432 716 1558 779 ignes
1573 753 1586 775 ,

217 786 308 835 Nee
332 787 498 853 poterit
520 788 707 849 ferrum,
734 810 814 842 nec
835 791 944 839 edax
965 790 1141 839 abolere
1163 803 1369 841 vetustas.

218 865 371 928 Quum
394 865 514 915 volet
536 866 611 916 illa
635 868 726 916 dies
743 906 755 927 ,
782 888 879 935 quae
902 868 994 927 nil,
1018 868 1103 917 nisi
1124 869 1322 934 corporis
1343 869 1477 936 hujus

215 946 299 993 Jus
321 945 475 1005 habet,
499 947 652 996 incerti
679 947 869 1014 spatium
892 948 1002 995 mihi
1023 947 1147 995 finiat
1168 947 1248 997 aevi
1267 967 1286 1007 ε,

218 1021 347 1071 Parte
370 1034 513 1071 tamen
538 1022 718 1072 meliore
736 1024 823 1072 mei
847 1042 981 1090 super
1000 1023 1086 1072 alta
1107 1023 1313 1090 perennis

1574 1036 1642 1087 875

218 1099 352 1148 Astra
374 1099 512 1159 ferar,
537 1120 788 1167 nomenque
812 1101 896 1150 erit
915 1100 1150 1149 indelebile
1172 1112 1402 1160 nostrum;

220 1175 412 1242 Quaque
434 1189 558 1243 patet
579 1177 758 1227 domitis
781 1179 982 1226 Romana
1005 1177 1206 1244 potentia
1227 1176 1381 1234 terris,

220 1253 312 1301 Ore
334 1253 454 1317 legar
474 1255 656 1323 populi,
680 1275 848 1323 perque
871 1256 1019 1304 omnia
1042 1255 1186 1305 secula
1209 1255 1347 1315 fama,

222 1329 270 1377 Si
296 1331 404 1397 quid
423 1332 589 1381 habent
610 1333 701 1381 veri
729 1345 875 1381 vatum
897 1333 1106 1399 praesagia
1120 1370 1133 1392 ,
1157 1332 1313 1381 vivam.

221 1472 327 1502 sle'cus
337 1496 346 1510 ‚
370 1469 558 1505 Palatinus.
572 1470 629 1505 Cf.
642 1470 766 1506 Horat.
778 1472 795 1507 I
808 1497 817 1515 ,
833 1472 899 1517 Ep.

221 1530 289 1562 ΠΙ,
314 1534 362 1566 17.
379 1523 444 1556 Ed.
463 1540 507 1547 —
531 1524 643 1556 Tarda
660 1525 708 1556 sit
729 1530 793 1557 etc.
813 1524 900 1557 Ho-

221 1575 348 1617 ratius,
367 1576 407 1618 1,
433 1574 504 1610 Od.
524 1587 574 1618 11,
596 1577 638 1619 45
660 1589 668 1611 z
687 1589 706 1606 «
731 1576 838 1611 Serus
863 1576 900 1610 in

224 1641 242 1658 »
260 1627 383 1661 caelum
398 1627 518 1663 redeas
532 1654 541 1672 ,
566 1627 696 1673 diuque
714 1628 829 1664 Laetus
843 1628 902 1662 in-

223 1689 244 1709 »
263 1679 360 1714 tersis
377 1679 506 1725 populo
523 1681 678 1725 Quirini.
697 1694 715 1711 »

269 1731 329 1776 871
337 1756 344 1764 .
356 1733 499 1776 Jamque
512 1745 594 1776 opus
607 1735 718 1776 exegi,
740 1738 803 1766 etc.
815 1731 903 1777 Epi-

223 1783 322 1828 logus
334 1783 484 1818 fideliter
492 1797 668 1829 expressus
678 1797 718 1818 ex
729 1784 879 1819 Horatio
891 1810 901 1828 ,

226 1835 302 1877 ΙΙΙ,
321 1835 391 1870 Od.
403 1847 486 1870 xxx.
498 1834 635 1870 Confer
647 1836 751 1870 etiam
765 1835 823 1879 11,
838 1847 879 1869 20
891 1861 900 1879 ‚

226 1894 262 1921 et
280 1887 505 1932 Propertium
523 1913 533 1931 ,
566 1888 623 1923 III
641 1913 651 1931 ‚
688 1889 750 1931 134
775 1900 904 1932 sqq.—

226 1940 356 1982 Exegi,
385 1939 428 1974 ad
445 1938 555 1974 finem
571 1939 737 1986 perduxi,
765 1939 904 1974 absolvi.

226 1990 396 2026 Horatius
410 2016 421 2034 ,
448 2005 466 2022 «
495 1991 602 2037 Exegi
629 1998 904 2026 monumentum

228 2059 248 2075 >›
270 2058 336 2080 aere
353 2047 553 2091 perennius.
564 2048 729 2082 »-J001's
743 2050 814 2086 ira,
832 2046 905 2080 ful-

229 2099 483 2138 men—Edax,
496 2098 614 2132 omnia
626 2098 819 2133 absumens.
829 2098 907 2131 Ho-

228 2149 336 2182 ratius
362 2162 370 2184 :
393 2164 411 2180 «
429 2149 536 2194 Quod
563 2162 637 2184 non
659 2149 773 2184 imber
793 2149 879 2184 edax
893 2175 903 2193 ‚

230 2214 249 2230 »
267 2201 476 2248 nonAquilo
486 2202 662 2247 impotens
669 2201 782 2237 Possit
790 2200 904 2236 dime-

967 1484 986 1502 »
1003 1484 1042 1506 re
1054 1496 1063 1514 ‚
1093 1477 1153 1506 aut
1173 1467 1437 1505 innumerabilis
1454 1468 1644 1504 Annorum

967 1537 986 1555 »
1003 1523 1107 1558 series
1117 1550 1126 1566 ,
1141 1530 1176 1557 et
1194 1523 1277 1568 fuga
1290 1529 1500 1567 temporum.
1514 1535 1534 1552 ²>

1008 1576 1083 1621 875.
1097 1577 1202 1619 Super
1214 1578 1288 1609 alla
1296 1578 1454 1619 perennis
1470 1574 1578 1608 Astra
1584 1572 1645 1617 se-

964 1639 1043 1670 rar,·
1066 1626 1173 1671 gloria
1194 1639 1272 1660 mea
1288 1626 1355 1660 erit
1369 1633 1508 1660 aeterna.
1525 1625 1646 1659 Hora-

966 1681 1034 1716 tius
1051 1692 1058 1715 :
1076 1694 1094 1711 «
1110 1681 1191 1715 Non
1211 1679 1325 1713 omnis
1342 1678 1493 1718 moriar;
1513 1677 1642 1711 muita-

967 1746 986 1763 »
1004 1745 1072 1777 que
1088 1745 1166 1777 pars
1177 1732 1247 1766 mei
1259 1730 1392 1765 vitabit
1408 1729 1606 1764 Libitinam.
1624 1742 1644 1767 η

966 1803 1011 1811 —·
1028 1786 1093 1818 Ore
1106 1786 1199 1828 legar
1206 1785 1334 1828 populi.
1351 1783 1513 1826 Propert.
1532 1781 1622 1825 1121
1633 1805 1645 1824 ‚

969 1852 987 1871 2
1000 1864 1010 1881 ‚
1022 1839 1137 1870 venial
1144 1838 1254 1870 mollis
1264 1838 1300 1869 in
1309 1848 1369 1869 ora
1380 1836 1464 1868 liber
1470 1843 1483 1875 ,·
1498 1832 1557 1867 ubi
1565 1831 1646 1867 vide

968 1889 1239 1924 Broukhusium.
1258 1907 1300 1913 —
1317 1888 1399 1922 Post
1421 1898 1561 1921 versum
1581 1887 1646 1933 879

968 1941 1006 1976 in
1024 1940 1141 1974 multis
1157 1939 1253 1974 MSS
1269 1939 1336 1973 hoc
1346 1937 1517 1973 distichon
1528 1943 1579 1972 est
1589 1935 1646 1971 ad-

968 1993 1114 2037 scriptus
1137 2004 1146 2025 z
1162 1993 1228 2026 Bis
1238 2003 1299 2025 sea:
1308 1992 1468 2024 millenos
1482 2000 1597 2023 versus
1609 1991 1647 2021 ιἰι

967 2047 1083 2079 codice
1096 2046 1238 2087 scriptos
1253 2069 1262 2083 ‚
1285 2043 1353 2076 Sed
1364 2046 1416 2076 ter
1426 2043 1565 2085 quinque
1580 2041 1647 2073 mi-

967 2108 1031 2131 nus
1062 2098 1211 2129 continet
1241 2094 1391 2129 Ovidius.
1419 2093 1644 2127 Burmannus

968 2153 1091 2182 monet
1101 2152 1231 2181 exstare
1248 2145 1353 2180 hodie
1367 2143 1509 2180 nonnisi
1524 2157 1537 2178 1
1547 2142 1643 2191 1993,

969 2206 1010 2234 ut
1027 2206 1161 2244 septem
1177 2197 1303 2232 desint.

511 2399 1136 2438 METAMORPHOSEON
1171 2397 1348 2436 FINIS.
