1820 3106
371 206 1097 254 METAMORPHOSEON
1128 207 1257 253 LIB.
1294 209 1457 253 VIII.
1570 221 1620 250 21

191 325 216 348 »
245 303 339 353 Aut
361 302 546 352 Helicen
566 303 703 371 jubeo
720 340 732 361 ‚
760 303 1016 352 strictumve
1039 302 1226 352 Orionis
1248 321 1411 351 ensem.

192 402 216 425 »ι
243 381 320 429 Me
344 379 454 430 duce
478 400 606 448 carpe
627 381 756 430 viam.
786 403 810 424 ι)
837 380 1009 430 Pariter
1032 392 1252 448 praecepta
1274 379 1452 429 volandi

187 457 370 518 Tradit3
397 469 442 508 et
464 458 642 521 ignotas
662 458 861 507 humeris
883 457 1196 507 adcommodat
1216 457 1320 506 alas.

188 538 314 593 Inter
331 556 445 604 opus
464 537 751 605 monitusque
775 555 895 601 genae
919 536 1126 585 maduere
1151 535 1340 595 seniles;

1559 558 1625 581 210

182 617 248 666 'Et
271 616 424 684 patriae
449 629 665 666 tremuere
688 635 846 665 manus
866 635 877 664 ε
898 615 1022 664 dedit
1041 614 1192 664 oscula
1214 627 1320 664 nato

186 694 294 743 Non
315 695 477 744 iterum
498 695 737 762 repetenda
759 714 841 743 suo
860 714 870 753 ;
896 693 1146 761 pennisque
1171 691 1341 741 levatus

186 772 453 832 Antevolat3
477 773 719 840 comitique
743 773 892 831 timet,
916 770 1038 820 velut
1061 769 1150 819 ales
1165 808 1177 829 ‚
1204 770 1260 818 ab
1283 768 1374 818 alto

186 850 302 915 Quae
320 861 512 900 teneram
534 850 706 918 prolem
732 849 948 918 produxit
969 849 1017 897 in
1041 868 1139 898 aera
1156 848 1267 896 nido
1280 885 1292 906 ‚

184 928 494 995 Hortaturque
517 928 670 996 sequi,
698 928 1021 995 damnosasque
1042 927 1190 976 erudit
1210 938 1326 974 artes
1344 963 1357 984 ‚
1419 944 1423 948 ·

1557 948 1622 972 210

184 1006 245 1054 Et
267 1018 419 1055 movet
438 1007 535 1074 ipse
557 1026 684 1065 suas,
710 1018 755 1056 et
777 1007 871 1055 nati
892 1007 1076 1074 respicit
1098 1006 1201 1056 alas.

181 1075 284 1132 'Hos
307 1082 470 1151 aliquis
484 1121 496 1142 ‚
517 1083 705 1134 tremula
726 1084 833 1133 dum
857 1096 1006 1152 captat
1025 1084 1239 1133 arundine
1261 1083 1406 1150 pisces
1421 1120 1434 1142 ‚

183 1162 279 1211 Aut
299 1174 454 1230 pastor
473 1162 638 1212 baculo
654 1201 665 1222 ‚
692 1163 856 1212 stivave
877 1163 1057 1211 innixus
1077 1174 1225 1211 arator
1237 1200 1249 1220 ,

183 1239 313 1288 Vidit
327 1277 339 1299 ‚
365 1252 410 1290 et
433 1241 699 1308 obstupuit;
727 1241 893 1309 quique
914 1241 1076 1290 aethera
1098 1259 1276 1308 carpere
1300 1250 1488 1307 possent
1503 1276 1515 1298 ,

187 1317 389 1368 Credidit
412 1338 506 1369 esse
527 1321 648 1369 Deos
668 1340 678 1368 :
699 1331 744 1369 et
766 1320 856 1385 jam
878 1319 1079 1367 Junonia
1099 1317 1205 1367 laeva

1555 1340 1620 1364 220

186 1394 318 1446 Parte
340 1397 498 1447 Samos
518 1397 719 1457 fuerant,
742 1396 970 1465 Delosque
983 1435 997 1457 ,
1020 1397 1248 1464 Parosque
1267 1395 1457 1456 relictae;

182 1541 302 1565 versus
316 1531 587 1577 septemtriones
601 1559 611 1577 ‚
638 1538 674 1567 et
692 1531 867 1578 spectabat

181 1582 296 1618 sidera
314 1609 325 1628 ,
351 1591 520 1631 tanquam
550 1593 677 1622 nautae.
706 1588 835 1621 Bootes
850 1613 859 1627 ,

180 1635 302 1670 Helice
324 1642 362 1671 et
386 1637 490 1672 Orion
516 1637 591 1683 jam
617 1638 866 1684 antiquissimis

182 1687 400 1734 temporibus
411 1696 496 1725 nota
507 1697 609 1725 erant
619 1690 734 1725 sidera
745 1717 755 1735 ‚
767 1698 802 1725 et
813 1690 865 1725 di-

179 1740 332 1787 ligenter
339 1742 615 1779 observabantur
626 1757 645 1779 a
653 1745 864 1781 nautis.Non

180 1794 249 1831 hoe
257 1795 459 1842 urgendum
466 1796 503 1831 in
513 1804 629 1843 poeta,
638 1797 733 1843 quod
743 1798 866 1833 Bootae

182 1849 354 1894 apposuit,
364 1856 534 1894 tanquam
545 1850 713 1893 vicinum,
727 1850 864 1884 Oriona.

183 1899 302 1936 Etiam
318 1901 398 1936 Art.
420 1902 540 1937 Amat.
564 1903 606 1936 55
621 1915 630 1937 z
647 1903 716 1937 Sed
727 1904 795 1936 tibi
805 1915 866 1936 nec

182 1956 276 1997 virgo
291 1954 428 1998 Tegeoea
438 1980 446 1995 ‚
459 1966 632 1999 comesque
645 1955 780 1995 Bootoe,
794 1955 866 1988 En-

181 2009 272 2051 siger
283 2007 388 2041 Orion
401 2009 641 2052 adspicwndus
653 2010 726 2042 erit.
735 2025 780 2035 —·
791 2008 866 2042 Ac-

182 2061 373 2094 commodat
389 2086 400 2104 ,
429 2067 468 2095 ut
492 2061 747 2094 accommodare
767 2061 871 2094 lateri

183 2123 304 2146 ensem.
313 2112 391 2146 Art.
399 2110 481 2147 Am.
493 2112 550 2155 65,
560 2118 866 2157 aptatopuspuero.

228 2175 305 2198 210.
334 2164 428 2208 Opus
446 2174 457 2205 ‚·
483 2163 761 2198 accommodatio
786 2162 865 2197 ala-

185 2229 276 2252 rum.
287 2217 458 2253 Praeclare
465 2217 508 2252 ad
519 2218 868 2253 commiserationem

182 2269 379 2305 faciendam
396 2276 432 2304 et
447 2273 525 2304 seni
536 2277 572 2305 et
580 2274 682 2314 patri.
695 2270 754 2306 Sic
766 2283 865 2316 prae-

181 2328 306 2356 monet
316 2334 437 2356 rursus
450 2320 619 2355 lectorem
635 2320 679 2356 de
694 2322 788 2356 exitu
802 2322 870 2357 rei-

182 2362 360 2420 Expressit
375 2380 495 2408 autem
510 2371 679 2419 Virgilius
691 2399 701 2417 ,
722 2373 864 2408 AEneid.

181 2426 237 2461 VI
245 2452 257 2470 ,
267 2427 310 2462 32
319 2439 328 2461 ε
338 2427 405 2461 Bis
414 2432 557 2460 conatus
566 2431 642 2460 erat
653 2438 756 2460 casus
766 2426 865 2472 effin-

177 2492 254 2524 gem
266 2482 302 2514 in
311 2493 395 2514 auro
402 2507 411 2519 ‚
424 2480 490 2513 Bis
497 2482 620 2523 patriae
630 2481 775 2513 ceczdm
790 2492 866 2513 ma-

181 2543 254 2566 nus.
262 2550 308 2558 —
314 2531 394 2567 Hoc
403 2531 479 2567 loco
491 2531 579 2566 alter
587 2530 869 2577 Hamburgensis

182 2596 247 2630 pro
273 2590 429 2619 tremuere
452 2583 558 2619 habet
582 2585 728 2618 cecidere
740 2610 747 2624 ,
777 2583 866 2618 sicut

182 2634 275 2682 apud
294 2635 495 2682 Virgilium.
523 2635 642 2671 Nostri
669 2635 771 2681 Regii
795 2635 866 2669 ha·-

182 2688 269 2723 bent
278 2694 490 2723 tremuere.—
496 2690 596 2724 Velut
602 2690 685 2728 ales,
697 2694 760 2722 etc.
775 2688 867 2723 Prae-

185 2741 277 2777 clara
291 2742 493 2778 similitudo.
509 2742 686 2788 Expressit
695 2742 866 2779 Nostrum

932 1531 1097 1568 Valerius
1108 1531 1269 1575 Flaccus,
1282 1531 1356 1566 VII
1370 1557 1379 1574 ,
1394 1531 1470 1577 374.
1482 1549 1526 1556 —
1536 1532 1616 1565 Pro-

931 1587 1049 1620 ducere
1063 1584 1211 1619 verbum
1229 1583 1405 1618 delectum
1424 1610 1433 1627 ,
1457 1590 1616 1618 sumtum

932 1637 975 1672 ab
991 1637 1032 1672 iis
1047 1664 1057 1682 ,
1078 1637 1138 1683 qui
1158 1649 1239 1672 suos
1259 1650 1277 1671 e
1301 1636 1409 1670 domo
1425 1635 1561 1671 ducunt
1579 1636 1616 1670 in

932 1690 1122 1736 publicum.
1137 1690 1366 1724 Burmannus
1378 1702 1397 1724 e
1410 1687 1569 1723 Leidensi
1582 1696 1617 1723 ct

932 1743 1069 1778 duobus
1095 1743 1167 1778 aliis
1194 1742 1292 1777 dedit
1311 1743 1479 1786 producit.
1504 1759 1547 1767 -·
1575 1744 1616 1775 λιι

932 1807 1039 1839 aera‚·
1067 1795 1191 1830 Codex
1210 1795 1340 1841 Regius
1361 1794 1393 1828 A
1406 1819 1415 1837 ,
1433 1798 1470 1829 in
1486 1807 1571 1829 aere.

978 1851 1052 1885 218.
1072 1850 1227 1891 Stivaoffi·
1257 1847 1361 1892 vulgo
1377 1851 1508 1882 stivave
1523 1859 1534 1890 ,·
1554 1847 1615 1881 sed

933 1901 1103 1937 Heinsius
1117 1914 1136 1936 e
1149 1900 1218 1935 suis
1235 1899 1430 1934 codicibus
1440 1899 1537 1934 dedit
1550 1903 1617 1934 sli-

933 1967 992 1993 m,
1019 1953 1100 1999 quia
1116 1956 1256 1987 innisus
1273 1958 1308 1986 et
1325 1951 1404 1986 alibi
1421 1963 1503 1986 cum
1521 1951 1617 1985 abia-

933 2006 1024 2050 tivo,
1042 2013 1081 2041 ut
1098 2004 1181 2049 XV,
1198 2005 1271 2050 7αό-
1289 2004 1406 2040 Ambo
1418 2004 1528 2039 nostri
1548 2005 1615 2039 Re-

933 2060 976 2106 gii
993 2086 1003 2102 ,
1032 2063 1128 2094 stim.
1147 2077 1191 2086 ·-—
1215 2060 1329 2100 Stiva,
1352 2058 1488 2104 lignum
1505 2058 1589 2093 illud
1604 2086 1613 2101 ,

932 2124 1001 2156 qua
1025 2119 1143 2147 arator
1163 2111 1256 2158 apud
1280 2111 1428 2146 Veteres
1456 2118 1612 2145 aratrum

931 2163 1103 2199 flectebat.

977 2229 1050 2263 2¹9·
1073 2217 1255 2261 Obstupuit
1267 2217 1339 2251 fere
1350 2243 1360 2261 ‚
1383 2224 1423 2251 ut
1440 2215 1531 2262 apud
1546 2216 1616 2250 At-

932 2269 1021 2304 tium
1032 2276 1160 2315 pastor,
1176 2270 1234 2315 qui
1248 2270 1399 2316 primam
1418 2282 1546 2304 navem
1561 2269 1615 2302 vi-

931 2323 1002 2359 det.
1021 2323 1095 2359 Cic.
1112 2325 1192 2359 Nat.
1208 2324 1318 2358 Deor.
1336 2325 1372 2359 ΙΙ
1386 2350 1395 2367 ,
1414 2325 1467 2358 35.
1482 2324 1617 2357 Versus

929 2384 1012 2412 sunt
1024 2377 1179 2422 praeclari
1191 2404 1200 2421 ,
1219 2375 1282 2411 sed
1292 2383 1455 2422 apparet,
1474 2387 1534 2409 eos
1543 2381 1612 2409 stu-

931 2428 989 2462 dio
1001 2442 1073 2463 esse
1085 2430 1263 2464 arcessitos
1272 2454 1281 2471 ,
1298 2435 1352 2471 et,
1366 2435 1533 2472 tanquam
1544 2440 1616 2473 pe—

930 2481 1096 2515 culiarem
1111 2480 1326 2515 sententiam
1342 2506 1351 2523 ,
1369 2478 1602 2524 interpositos.

975 2547 1048 2567 221.
1071 2534 1192 2567 Samos
1214 2540 1278 2567 etc.
1301 2532 1449 2567 Eaedem
1465 2533 1538 2567 sere
1557 2532 1616 2566 in-

930 2586 1012 2620 sulae
1031 2611 1040 2628 ,
1068 2585 1147 2619 Art.
1167 2585 1283 2619 Amat.
1303 2586 1424 2632 79-82·
1441 2586 1560 2619 Sanms
1576 2585 1614 2619 in

931 2636 1032 2671 litore
1045 2636 1138 2671 Asiae
1147 2637 1294 2672 minoris
1310 2649 1385 2671 non
1399 2636 1513 2682 potuit
1524 2636 1556 2670 ei
1571 2635 1615 2670 ad

930 2691 1046 2723 lavam
1071 2702 1156 2724 esse.
1191 2689 1243 2724 lbi
1269 2691 1419 2724 Junom's
1441 2688 1616 2734 templum

936 2753 1074 2776 summa
1108 2741 1274 2788 religione
1306 2741 1495 2778 colebatur.
1521 2741 1615 2778 Vide
