1820 3106
360 286 1063 333 METAMORPHOSEON
1094 289 1222 334 LIB.
1259 291 1374 335 XV.

1501 292 1587 354 507

157 383 316 442 Astra3
337 382 460 448 juvat
475 380 609 431 ,terris
633 392 677 430 et
698 382 830 431 inerti
855 383 957 432 sede
978 382 1167 442 relictis,

157 461 288 511 Nube
309 461 408 510 vehi
422 498 435 520 ,
459 459 681 527 validique
704 461 904 512 humeris
928 463 1131 513 insistere
1151 462 1368 522 Atlantis;

158 537 450 605 Palantesque
473 538 648 587 animos
667 539 834 605 passim
857 559 906 588 ae
930 540 1116 590 rationis
1141 553 1317 605 egentes

1530 555 1593 589 150

158 617 425 683 Despectare
446 616 628 683 procul,
655 617 966 686 trepidosque,
987 619 1251 687 obitumque.
1275 620 1479 669 timentes

158 693 230 742 Sic
248 691 498 753 exhortari,
523 696 766 764 seriemque
788 696 985 746 evolvere
1005 697 1084 746 fati
1106 718 1115 746 :

226 794 253 819 »,
273 772 318 821 Ο
341 791 479 836 genus
503 773 755 823 adtonitum
778 775 932 839 gelidae
955 775 1191 826 formidine
1213 777 1396 826 mortis!

157 849 283 914 Quid
308 851 470 919 Styga,
497 852 607 919 quid
630 854 858 912 tenebras,
886 855 993 922 quid
1013 856 1196 904 nomina
1219 876 1330 905 vana
1356 856 1543 915 timetis,

156 927 390 978 Materiem
413 941 586 989 vatum,
610 929 796 998 falsique
819 931 994 999 piacula
1017 931 1210 981 mundi?

1531 946 1594 980 155

157 1004 359 1072 Corpora
380 1006 469 1055 sive
491 1026 628 1070 rogus
651 1006 846 1066 flamma,
872 1028 949 1057 seu
975 1008 1077 1058 tabe
1097 1020 1291 1058 vetustas

155 1082 407 1132 Abstulerit
422 1121 434 1142 ,
460 1082 573 1132 mala
598 1103 731 1151 posse
754 1084 849 1151 pati
872 1104 964 1133 non
989 1085 1079 1134 ulla
1102 1085 1283 1152 putetis.

158 1159 307 1208 Morte
328 1172 479 1209 carent
500 1160 656 1210 animae
671 1199 683 1220 ,
709 1180 969 1228 semperque
983 1200 995 1221 ,
1020 1162 1169 1229 priore
1190 1162 1342 1211 relicta

154 1291 316 1328 codicum
334 1319 344 1338 ,
367 1294 564 1330 secundum
592 1308 698 1341 quam
721 1309 841 1332 versus

155 1357 231 1380 non
246 1345 360 1381 solum
371 1354 425 1382 est
440 1346 628 1396 dactylicus
638 1375 648 1392 ,
661 1348 721 1384 sed
734 1348 841 1384 etiam

155 1397 311 1434 abundat
325 1399 454 1447 syllaba
469 1426 480 1444 ,
505 1413 584 1445 quae
599 1427 608 1445 ,
624 1402 669 1436 ob
685 1402 843 1438 vocalem

155 1452 398 1499 subsequentis
411 1467 532 1490 versus
548 1481 558 1499 ,
577 1455 720 1491 eliditur
738 1470 746 1498 ;
774 1456 842 1491 hoe

156 1512 277 1541 autem
292 1506 370 1542 loco
384 1506 474 1542 nihil
490 1508 702 1544 mutandum
719 1508 842 1544 eredi-

155 1572 236 1595 mus
253 1585 265 1605 ,
291 1561 373 1606 quia
388 1560 524 1607 primus
536 1561 733 1607 Hamburg.
749 1574 841 1596 unus

156 1613 361 1651 Heinsianae
367 1625 470 1648 emen
475 1612 624 1649 dationis
631 1614 650 1648 s
649 1614 699 1649 uit
706 1621 842 1657 auctor;
853 1636 857 1639 -

154 1666 266 1701 immo
272 1665 401 1702 codicis
409 1667 519 1703 nostri
526 1666 628 1713 Regii
640 1667 669 1702 B
681 1667 842 1702 librarius

155 1717 394 1764 scripsitjuuat
405 1722 454 1754 ire
460 1733 524 1763 per
536 1727 631 1754 astra
643 1722 717 1754 alta
725 1748 734 1761 ‚
749 1727 843 1755 tam-

156 1782 262 1815 quam
285 1782 433 1806 omnem
455 1770 552 1806 dubii
577 1770 693 1807 locum
719 1773 840 1807 tollere

157 1821 316 1858 voluerit.
332 1824 400 1858 Ed.
410 1843 454 1851 —
466 1824 592 1859 Mente
605 1830 663 1859 me
675 1824 715 1859 ad
721 1825 841 1860 tollam

156 1886 259 1920 supra
282 1882 426 1911 terram.
443 1894 487 1904 —-
509 1876 674 1913 Graviter
699 1884 735 1913 et
758 1891 840 1913 vere

156 1930 245 1962 iners
261 1930 369 1964 sedes.
391 1929 462 1964 Pro
477 1935 513 1964 et
525 1933 630 1965 inem·
645 1930 718 1965 Sixi
732 1931 841 1966 codex

157 1979 262 2015 habet
273 1984 416 2023 mortali,
431 1989 471 2016 ut
478 1982 521 2018 sit
531 1983 700 2029 appositio
710 2010 719 2027 ,
731 1988 839 2026 terris,

158 2035 296 2068 mortali
306 2036 385 2069 sede
397 2061 406 2075 ,
434 2037 571 2071 relatis.
595 2035 714 2070 Ambo
739 2035 841 2083 Regii

159 2085 294 2121 codices
308 2086 439 2123 habent
455 2092 571 2130 terris,
594 2096 628 2124 et
645 2092 750 2124 t‘nerle‘
763 2092 843 2124 sede

159 2142 301 2182 relicta‚·
324 2139 371 2175 ita
385 2140 470 2176 olim
494 2141 694 2188 legebatur,
717 2150 753 2178 et
774 2143 842 2189 legi

159 2193 265 2228 etiam
277 2206 374 2230 nunc
383 2194 526 2231 deberet
537 2210 546 2238 ;
563 2196 708 2231 alteram
720 2196 843 2232 lectio-

160 2258 245 2280 nem
261 2259 302 2281 ex
313 2247 473 2283 Juniano
491 2249 564 2284 solo
581 2249 719 2284 videtur
738 2249 843 2284 adtu-

159 2297 236 2333 lisse
255 2299 424 2335 Heinsius
439 2313 449 2335 ς
463 2301 492 2335 si
506 2304 646 2335 mortali
661 2314 680 2336 e
699 2301 842 2337 Sixiano

159 2351 264 2387 simul
286 2352 464 2388 adtulisset
478 2380 489 2398 ,
512 2366 585 2388 non
612 2354 842 2400 improbanda

160 2405 308 2440 omnino
322 2405 418 2441 foret
434 2406 658 2449 emendati03
678 2407 739 2442 sed
761 2421 843 2454 pec-

161 2464 215 2492 cat
225 2484 235 2502 ,
251 2459 394 2494 servatis
406 2472 479 2495 voc.
495 2467 532 2495 et
545 2463 650 2497 zhertaet
662 2458 843 2496 Caeterum

161 2508 287 2545 Horat.
305 2511 322 2546 1
338 2537 348 2555 ,
364 2510 436 2547 O'd.
449 2523 576 2556 xxxiv,
595 2526 633 2560 9,
649 2512 735 2548 dixit
748 2516 845 2548 bruta

161 2562 271 2596 tellus.
292 2561 359 2597 Ed.
370 2564 606 2604 —Palantes‚
625 2564 686 2609 qui
699 2572 845 2611 propter

163 2625 299 2648 errores
315 2620 351 2649 et
366 2615 571 2661 cupiditates
591 2616 659 2651 huc
678 2616 758 2652 illuc
775 2631 845 2652 va-

164 2672 292 2710 gantur
301 2692 311 2709 ,
326 2667 444 2702 relicta
454 2668 596 2703 salutari
606 2669 670 2704 via,
681 2669 845 2716 Respexit

164 2725 282 2752 autem
300 2718 503 2754 Lucretium
522 2746 532 2764 ,
560 2720 619 2763 ΙΙ,
643 2733 666 2767 9
685 2734 749 2766 sqq
765 2747 775 2764 ‚
801 2720 844 2755 de

164 2768 265 2804 editis
278 2770 499 2816 Sapientiam
518 2773 676 2819 templis:
689 2787 706 2803 ιι
718 2773 848 2819 Despi-

165 2835 184 2852 >³
203 2834 281 2857 cere
298 2822 394 2858 unde
411 2837 517 2870 queas
532 2825 632 2871 alios,
652 2826 846 2872 passimque

907 1309 925 1326 ³)
946 1294 1063 1330 videre
1073 1295 1217 1339 Errare,
1227 1302 1330 1341 atque
1339 1294 1431 1330 viam
1440 1296 1539 1341 palan
1545 1302 1597 1331 tes

908 1361 926 1378 »
946 1360 1103 1393 quaerere
1120 1348 1199 1382 vitae
1211 1374 1221 1391 ,
1254 1347 1400 1383 Certare
1425 1349 1568 1394 ingenio
1582 1375 1593 1392 ,

909 1415 927 1431 n
947 1400 1163 1436 contendere
1180 1401 1361 1436 nobilitate
1376 1408 1441 1436 etc.
1454 1415 1471 1431 »
1486 1401 1594 1447 idque

907 1454 1011 1500 paulo
1027 1461 1105 1500 post
1127 1454 1248 1489 tribuit
1266 1458 1411 1489 rationis
1423 1482 1432 1496 ,
1455 1455 1596 1500 sapien-

906 1505 962 1540 tiae
975 1532 985 1550 ,
1002 1509 1208 1550 egestat12—
1221 1507 1342 1541 Sert'em
1354 1534 1362 1547 ‚
1382 1514 1595 1552 perpetuum

905 1573 1026 1595 rerum
1046 1573 1199 1595 cursum.
1220 1579 1264 1586 ——
1280 1561 1459 1601 Evolvere,
1489 1573 1597 1594 enar-

905 1606 983 1650 rare
1001 1628 1010 1655 ;
1036 1617 1168 1650 volvere
1181 1615 1335 1659 satorum
1358 1626 1487 1648 arcana
1511 1613 1597 1648 dixit

906 1667 1072 1714 Virgilius
1084 1695 1093 1712 ,
1111 1668 1196 1703 AEn.
1212 1669 1247 1711 1,
1268 1669 1342 1702 262.

953 1722 1025 1765 154.
1048 1723 1218 1756 Tenebras
1232 1748 1240 1762 ‚
1261 1720 1358 1755 Orci.
1375 1739 1419 1746 -
1435 1720 1507 1754 Pro
1525 1733 1596 1754 no-

906 1776 999 1807 mina
1014 1773 1117 1808 multi
1133 1777 1272 1807 numina
1286 1786 1296 1807 ,·
1311 1785 1429 1807 nomen
1440 1785 1529 1818 saepe
1543 1778 1597 1807 est

906 1825 1138 1871 figmentum,
1160 1833 1195 1861 et
1213 1826 1402 1871 opponitur
1420 1825 1492 1866 rei;
1514 1826 1595 1859 Ho-

906 1879 1014 1913 ratius
1028 1905 1037 1922 ,
1056 1879 1073 1914 Ι
1086 1905 1095 1922 ,
1112 1877 1184 1914 Od.
1202 1890 1260 1922 lv,
1283 1881 1342 1922 24,
1365 1891 1435 1912 nox
1444 1878 1596 1923 sabuloe-

906 1945 968 1976 que
981 1945 1096 1966 manes
1107 1945 1118 1966 ,’
1132 1932 1180 1966 ibi
1191 1932 1269 1966 vide
1283 1931 1444 1967 Lambin.
1456 1951 1500 1957 —-
1510 1933 1596 1966 Fal-

906 1997 965 2019 sus
985 1987 1128 2019 mundus
1143 2011 1153 2026 ‚
1181 1985 1431 2020 subterraneus
1450 2012 1459 2029 ‚
1486 1998 1594 2031 quem

906 2036 1087 2072 finxerunt
1099 2044 1134 2072 et
1148 2038 1186 2072 iu
1203 2050 1274 2083 quo
1290 2037 1521 2073 describendo
1533 2051 1596 2073 oc-

906 2090 1022 2136 cupati
1047 2097 1130 2125 sunt
1161 2098 1266 2125 vales.
1297 2091 1350 2125 lbi
1375 2091 1524 2125 crimina
1556 2090 1596 2124 in

906 2143 1039 2188 superis
1049 2143 1233 2179 commissa
1247 2146 1344 2187 piari
1358 2143 1596 2178 credebantur

908 2195 1032 2231 debitis
1043 2196 1163 2241 poenis.
1178 2195 1349 2241 Exemplo
1363 2203 1447 2230 sunt
1458 2196 1596 2230 Tanta-

907 2250 961 2285 lus
971 2277 980 2295 ,
995 2251 1093 2286 Ixion
1106 2277 1115 2295 ,
1135 2250 1269 2298 Tityos.
1286 2251 1360 2285 Nec
1372 2250 1595 2298 Pythagoraei

909 2305 1086 2352 negabant
1102 2332 1111 2349 ,
1138 2305 1271 2340 animas
1298 2305 1490 2350 impiorum
1517 2310 1594 2349 post

908 2356 1074 2402 repetitas
1086 2356 1313 2402 migrationes
1328 2368 1447 2401 poenas
1463 2356 1534 2402 pati
1545 2362 1598 2389 at-

910 2421 977 2453 que
994 2421 1012 2442 a
1027 2408 1141 2443 Furiis
1156 2408 1282 2442 vexari.
1295 2410 1443 2443 Pt'acula
1455 2421 1473 2442 e
1486 2408 1596 2452 Neap.

909 2467 945 2495 et
967 2473 1038 2495 uno
1057 2460 1170 2495 Vossii
1189 2459 1258 2494 MS
1277 2460 1408 2505 recepit
1428 2459 1606 2493 Heinsius»

910 2526 992 2558 pre,
1001 2515 1154 2557 pericula
1170 2515 1181 2553 (
1194 2512 1287 2557 quod
1304 2512 1430 2557 legitur
1446 2511 1481 2545 in
1499 2510 1599 2546 codi-

911 2565 1006 2599 cibus
1018 2565 1135 2610 Regiis
1145 2566 1170 2607 ).
1180 2566 1405 2604 —Vetustas‚
1425 2569 1596 2598 senectus

959 2618 1030 2651 158.
1052 2617 1161 2651 Morte
1174 2621 1292 2651 carent
1306 2619 1425 2650 aalma·
1439 2622 1504 2650 etc.
1524 2615 1596 2651 Se·-

913 2669 1034 2714 quitur
1051 2668 1266 2703 celebratum
1288 2668 1372 2703 illud
1397 2668 1440 2703 de
1458 2669 1597 2703 anima·

912 2734 994 2756 rum
1012 2721 1221 2767 migratione
1239 2722 1365 2769 dogma
1377 2749 1387 2767 ,
1409 2722 1503 2768 quod
1523 2723 1597 2770 Py-

913 2774 1073 2820 thagoras
1088 2801 1097 2818 ,
1117 2774 1322 2819 Herodoto,
1345 2775 1505 2810 Diodoro
1527 2775 1597 2811 sic.

914 2834 950 2863 et
966 2826 1037 2863 aliis
1053 2827 1270 2874 auctoribus,
1291 2829 1333 2864 ab
1349 2828 1522 2876 AEgyptiis
1539 2841 1597 2863 ac-
