1820 3106
288 219 366 262 162

635 219 688 263 P.
741 219 984 263 OVIDII
1023 218 1321 265 NASONIS

281 311 539 378 Enodisque
559 309 679 360 abies
695 349 707 368 ‚
735 323 997 378 curvataque
1019 311 1254 375 glandibus
1277 313 1385 370 ilex,

279 392 342 438 Et
363 389 567 455 platanus
592 388 774 451 genialis
792 426 804 447 ,
828 408 1011 456 acerque
1033 389 1260 439 coloribus
1282 390 1447 457 impar,
1647 403 1693 452 9⁵

278 466 606 533 Amnicolaeque
628 466 758 515 simul
785 465 962 524 salices,
986 479 1030 515 et
1051 467 1251 533 aquatica
1276 466 1418 526 lotos,

279 544 589 610 Perpetuoque
613 544 757 592 virens
779 544 926 592 buxus
941 581 953 602 ‚
980 556 1219 611 tenuesque
1242 545 1435 611 myricae‚

279 622 340 669 Et
361 620 534 669 bicolor
556 632 725 686 myrtus
741 658 753 679 ‚
780 632 824 670 et
845 620 992 669 baccis
1018 620 1171 669 caerula
1195 621 1313 669 tinus
1334 641 1345 669 ε

279 698 372 745 Vos
396 717 597 764 quoque,
622 698 856 765 flexipedes
876 698 1069 754 hederae,
1092 698 1298 756 venistis,
1323 711 1366 747 et
1382 717 1470 747 una

279 774 526 842 Pampineae
549 775 658 824 vites
674 813 686 834 ‚
711 787 755 824 et
781 776 946 824 amictae
969 775 1134 824 vitibus
1154 775 1261 823 ulmi
1283 796 1292 823 :
1635 801 1695 825 100

281 901 495 937 Claudianus
513 901 545 937 d.
562 902 584 936 l.
603 915 662 947 107
676 928 686 946 ,
705 904 800 936 bellis
815 917 957 938 accom-

277 957 378 989 moda
395 967 535 998 comus‚·
556 954 687 989 Statius
708 955 741 989 d.
757 955 778 989 l.
798 955 958 998 infandos

277 1009 482 1050 bellipotura
491 1019 622 1041 cruores
633 1009 811 1042 Fraxinus.
821 1026 865 1033 —
878 1008 958 1042 Cur-

278 1065 417 1102 mlaque
426 1058 481 1092 vix
492 1058 684 1103 genuinum
698 1060 956 1103 estllexenim,

281 1110 384 1144 arbor
399 1109 486 1144 tanti
502 1109 635 1144 roboris
648 1136 657 1153 ,
676 1109 853 1156 glandium
872 1111 959 1146 levi-

280 1168 350 1195 tate
363 1174 436 1195 non
446 1168 620 1196 curvatur.
632 1162 720 1196 Tres
731 1161 827 1197 MSS
845 1176 957 1196 onera-

277 1221 384 1257 taque.
404 1213 462 1247 Sic
476 1213 548 1248 Vll
562 1239 572 1257 ,
593 1214 651 1247 281
667 1239 676 1256 ,
696 1214 799 1259 stipes
809 1218 957 1259 grauidis

277 1273 433 1301 oneratur
440 1269 537 1301 olivis
551 1278 563 1309 3
581 1266 672 1301 VIII
684 1292 694 1310 ,
712 1268 787 1311 781,
801 1274 958 1302 oneratos

277 1321 438 1353 messibus
453 1331 563 1362 agros.

321 1373 375 1418 95.
406 1373 573 1405 platanus
602 1379 745 1416 propter
775 1372 957 1407 umbrosos

279 1435 395 1457 ramos
416 1430 512 1467 grata
534 1423 733 1467 potantibus
753 1430 788 1458 et
809 1425 870 1458 sibi
893 1425 956 1458 in—

279 1475 512 1520 dulgentibus.
525 1476 628 1520 -Virg.
646 1475 774 1522 Georg.
790 1477 862 1517 IV,
885 1477 957 1520 145.

280 1527 377 1561 Hinc
392 1527 458 1561 hoc
474 1527 550 1562 loco
567 1528 717 1561 suaviter
728 1530 874 1571 gem'alis
885 1555 896 1569 5
911 1528 956 1563 de

279 1590 350 1622 quo
366 1577 443 1612 vide
462 1578 505 1612 ad
524 1579 595 1621 IV,
618 1580 665 1622 14.
689 1579 783 1613 Hinc
797 1579 902 1614 etiarn
919 1580 955 1614 in

278 1630 578 1675 compotationum
589 1630 875 1675 descriptionibus
885 1633 958 1666 sre-

279 1691 430 1728 quenter
446 1683 574 1728 platani
591 1684 630 1719 fit
647 1684 791 1718 mentio.
802 1702 845 1710 —
857 1686 957 1719 Colo-

278 1739 369 1769 m'bus
385 1738 502 1779 impar,
523 1735 625 1770 variis
640 1736 821 1770 coloribus.
837 1736 956 1771 Aceris

280 1801 393 1822 unum
406 1801 514 1833 genus
527 1788 638 1833 crispo
654 1787 868 1822 macularum
886 1788 957 1823 dis-

278 1852 383 1874 cursu
403 1846 453 1874 est
466 1866 475 1883 ,
500 1840 537 1873 in
555 1838 821 1873 similitudinem
839 1839 956 1874 caudae

280 1904 457 1937 pavonum
470 1905 477 1932 ;
493 1891 626 1926 Plinius
640 1917 649 1934 ,
662 1891 709 1925 H.
721 1891 765 1925 N.
779 1890 867 1925 XVI
880 1916 889 1933 ,
907 1893 956 1924 15.

284 1944 356 1978 Nisi
372 1950 472 1988 putes
490 1942 532 1977 ad
548 1943 627 1976 solia
644 1942 786 1987 respici,
805 1955 957 1987 quorum

280 1994 368 2029 latus
385 1995 541 2039 superius
558 1993 730 2029 viriditate
743 1993 932 2038 nigricante
943 2019 954 2037 ‚

280 2047 425 2082 inferius
443 2047 610 2081 albicante
627 2046 771 2090 insigne.

323 2099 375 2145 96.
385 2098 571 2131 Amm'colae
583 2109 672 2130 nova
682 2097 932 2141 compositione
942 2123 953 2140 ,

281 2160 358 2194 quae
369 2148 525 2182 habitant
537 2147 577 2181 ad
595 2160 714 2182 amnes
725 2173 734 2190 ‚
747 2154 865 2181 amant
879 2160 956 2181 am-

281 2213 361 2244 nes,
379 2207 480 2244 tropo
502 2199 544 2233 ab
565 2199 798 2233 animantibus
822 2199 930 2243 petito
943 2225 954 2242 ,

282 2265 358 2298 quae
373 2252 510 2298 proprie
522 2252 595 2285 loca
613 2251 725 2285 colere
738 2251 956 2285 dicuntur.—

282 2305 338 2339 De
353 2307 513 2350 aquatica
533 2306 601 2337 loto
622 2303 701 2336 vide
718 2302 761 2336 ad
780 2303 831 2336 lx
846 2329 854 2344 ‚
880 2304 956 2346 341.

279 2375 324 2383 --
338 2357 472 2403 Myrt‘ca
487 2382 495 2394 ,
526 2354 665 2400 virgulti
689 2367 797 2400 genus
814 2379 823 2397 ,
851 2353 955 2388 hodie

282 2410 523 2445 Tamariscum
535 2422 543 2443 ι
557 2408 635 2442 vide
649 2408 794 2442 Martin.
806 2407 848 2441 ad
859 2408 955 2453 Virg⁴

284 2462 433 2505 Ecl.1V‚
449 2476 465 2495 2
476 2488 484 2504 ,
501 2462 558 2496 ubi
569 2463 708 2496 humiles
721 2467 905 2495 vocantur:
921 2468 956 2495 et

281 2516 329 2549 sic
348 2515 452 2549 etiam
470 2515 504 2549 h.
521 2515 541 2548 l.
560 2513 631 2548 duo
646 2513 753 2548 MSS.
768 2512 837 2547 Sed
855 2513 955 2547 Bur-

283 2578 431 2600 mannus
438 2573 555 2600 censet
565 2592 574 2609 ,
587 2565 652 2599 hoc
660 2565 848 2610 exVirgilio
858 2564 956 2598 libra-

282 2618 341 2652 riis
358 2618 395 2651 in
411 2625 568 2652 mentem
583 2618 728 2652 venisse.
747 2616 823 2651 Art.
840 2617 956 2651 Amat.

282 2668 337 2703 III
351 2695 360 2711 ,
378 2670 438 2715 691
450 2696 459 2711 ‚
468 2669 613 2712 fragiles
628 2673 768 2715 myrz‘cae.

323 2723 376 2768 98.
389 2722 518 2755 Coerula
527 2725 628 2756 tinus.
638 2722 753 2768 Vulgo
753 2723 846 2767 ficus
854 2733 866 2764 ,·
879 2721 950 2767 qui-

1022 904 1104 938 dam
1113 907 1225 948 pinus.
1238 904 1498 949 Langermanni
1512 903 1633 940 Codex
1644 909 1698 940 ci-

1022 969 1086 990 nus
1106 963 1141 990 et
1162 956 1229 991 hoc
1250 957 1453 1001 praeferebat
1472 956 1697 994 Constantius

1023 1009 1190 1044 Fanensis
1203 1023 1212 1050 ;
1230 1009 1290 1043 sed
1309 1008 1474 1044 Heinsius
1488 1009 1584 1046 dedit
1597 1015 1697 1051 tinus.

1021 1060 1166 1105 —Regii
1177 1061 1284 1096 nostri
1287 1061 1570 1107 ficus.-—Plinius
1581 1089 1591 1106 ‚
1600 1063 1696 1098 ssiat.

1023 1113 1103 1147 Nat.
1120 1113 1209 1157 XV,
1228 1126 1300 1158 cap.
1315 1113 1377 1148 ult.
1397 1127 1414 1143 «
1433 1114 1566 1149 Tinum
1582 1114 1698 1151 silves-

1023 1178 1042 1194 »
1059 1171 1149 1199 trem
1179 1164 1318 1199 laurum
1342 1165 1447 1211 aliqui
1467 1166 1670 1212 intelligunt
1685 1194 1695 1210 ,

1024 1230 1042 1245 »ι
1058 1216 1219 1250 nonnulli
1228 1217 1279 1251 sui
1293 1218 1429 1261 generis
1439 1218 1610 1254 arborem.
1621 1218 1696 1253 Dis-

1024 1282 1042 1298 »
1058 1270 1127 1304 sert
1143 1269 1256 1311 color;
1275 1276 1327 1304 est
1342 1270 1438 1304 enim
1454 1270 1599 1306 caerulea
1613 1271 1696 1306 bac-

1024 1335 1041 1350 »
1058 1333 1107 1356 ca.
1120 1323 1384 1365 »—Fle21pedes
1397 1322 1586 1358 rectissime
1594 1323 1697 1358 resti-

1021 1379 1167 1407 tuerunt
1184 1374 1371 1409 Turnebus
1383 1400 1392 1417 ,
1414 1374 1560 1411 Advers.
1577 1377 1619 1410 23
1630 1403 1640 1420 ,
1659 1383 1695 1411 et

1022 1424 1065 1458 G.
1082 1425 1257 1460 Fabricius
1276 1425 1318 1461 ad
1335 1426 1521 1472 Virgilium
1538 1427 1611 1463 Ecl.
1625 1428 1692 1472 IV,

1026 1489 1076 1522 19·
1090 1476 1154 1511 Est
1165 1477 1260 1510 enim
1275 1477 1569 1523 elegantissimum
1580 1486 1616 1514 et
1628 1492 1695 1514 no-

1023 1541 1105 1563 vum
1125 1528 1303 1574 epitheton
1319 1556 1329 1573 ,
1349 1543 1419 1575 quo
1435 1539 1606 1567 ornantur
1624 1532 1695 1567 he·-

1020 1580 1112 1615 derae
1123 1607 1133 1624 ,
1151 1594 1227 1626 quae
1239 1581 1334 1617 flexis
1345 1581 1486 1629 flagellis
1497 1610 1507 1628 ,
1518 1585 1624 1619 veluti
1635 1598 1696 1630 pe-
1711 1586 1712 1589 ’

1021 1633 1132 1678 dibus,
1149 1641 1207 1668 aut
1223 1635 1370 1670 brachiis
1383 1648 1423 1670 ex
1434 1649 1470 1671 se
1484 1637 1627 1680 emissis,
1638 1649 1696 1671 ar-

1020 1685 1120 1720 bores
1132 1685 1259 1720 vicinas
1269 1686 1536 1732 amplectuntur.
1548 1688 1695 1731 Plinius,

1022 1737 1113 1771 Hist.
1129 1737 1208 1771 Nat.
1229 1737 1317 1772 XVI
1330 1764 1339 1781 ,
1358 1738 1411 1782 34.

1069 1800 1141 1822 100.
1166 1790 1215 1823 Et
1236 1803 1304 1823 una
1318 1792 1508 1833 Pampe'neae
1527 1794 1622 1825 vites.
1645 1791 1697 1826 Ea

1021 1840 1087 1874 suit
1099 1847 1261 1875 constans
1277 1848 1436 1876 veterum
1453 1842 1621 1877 librorum
1638 1845 1697 1887 (et

1020 1898 1223 1926 nostrorum
1234 1892 1613 1939 Regiorum)scriptura
1625 1909 1633 1935 ;
1645 1895 1695 1929 ni-

1021 1942 1210 1979 hilominus
1233 1951 1351 1979 tamen
1371 1945 1537 1981 Heinsius
1561 1946 1697 1981 volebat

1020 1994 1087 2039 legi
1103 2002 1138 2029 et
1149 2008 1214 2029 uua
1224 1999 1356 2030 amicta
1372 2000 1468 2031 vites.
1477 2014 1521 2024 —-
1535 1997 1644 2031 Ulmis
1658 1997 1694 2031 in

1022 2045 1120 2079 Italia
1149 2047 1234 2080 vites
1262 2046 1543 2091 adjungebantur
1558 2074 1568 2091 ,
1602 2048 1694 2094 quod

1019 2100 1174 2131 maritare
1189 2098 1350 2132 arborem
1364 2098 1502 2142 dicitur,
1517 2100 1693 2144 quemad-

1020 2147 1165 2182 modum
1182 2156 1303 2184 contra
1321 2150 1446 2184 Horat.
1463 2150 1521 2194 11,
1540 2150 1611 2186 Od.
1626 2162 1693 2194 xv,

1021 2201 1042 2242 4
1053 2226 1063 2242 ,
1072 2202 1234 2242 platanus
1242 2203 1379 2241 caleh,
1396 2214 1469 2236 non
1484 2202 1602 2246 juncta
1615 2203 1695 2237 viti-

1021 2251 1093 2285 bus.
1114 2251 1248 2286 Confer
1261 2251 1351 2287 infra
1363 2278 1372 2295 ,
1390 2253 1441 2287 XI
1449 2254 1493 2296 V,
1508 2253 1569 2287 661
1589 2260 1624 2288 et
1640 2253 1694 2288 63.

1020 2321 1065 2328 -
1076 2305 1227 2338 Amz'ctae.
1244 2304 1340 2339 MSS
1358 2311 1507 2349 quatuor
1522 2311 1558 2340 et
1574 2304 1692 2339 Scho-

1020 2355 1131 2391 liastes
1148 2357 1247 2393 Statii
1263 2361 1400 2401 amicae‚·
1418 2357 1522 2402 idque
1539 2357 1691 2402 placebat

1024 2407 1233 2444 Constantio
1249 2410 1279 2444 F
1280 2409 1419 2451 anensi,
1441 2410 1520 2454 quia
1537 2409 1669 2444 Plinius
1681 2435 1690 2453 ,

1022 2461 1109 2495 XVI
1119 2488 1128 2505 ,
1141 2462 1235 2496 ulmo
1247 2463 1557 2497 tribuitamice'tiam
1566 2465 1692 2497 vitium.

1021 2532 1064 2539 --
1075 2514 1172 2557 Regii
1191 2514 1300 2548 nostri
1314 2517 1454 2549 amicte.
1465 2532 1510 2539 —
1521 2512 1691 2548 Claudia-

1021 2578 1087 2599 nus
1100 2591 1109 2608 ,
1127 2566 1227 2610 Rapt.
1243 2566 1339 2600 Pros.
1354 2566 1409 2605 11,
1428 2579 1462 2599 11
1473 2580 1501 2608 1,
1514 2567 1693 2609 pampinus

1020 2620 1132 2652 induit
1149 2620 1263 2652 ulmos.
1287 2618 1413 2653 Noster
1436 2618 1527 2653 Fast.
1547 2619 1583 2661 1,
1608 2617 1668 2651 153
1681 2643 1690 2660 ,

1021 2672 1117 2703 modo
1117 2669 1277 2712 formulis
1285 2674 1441 2704 amicitur
1448 2673 1570 2704 vitibus
1578 2672 1691 2712 arbos‚‘

1025 2720 1216 2756 Columella
1227 2747 1237 2765 ,
1252 2721 1297 2766 V,
1309 2721 1330 2756 6
1339 2747 1349 2765 ,
1364 2725 1484 2757 vestita
1494 2723 1602 2756 ulmus
1612 2723 1691 2756 viti-
