1820 3106
310 206 1017 262 METAMORPHOSEON
1047 217 1178 261 ΜΒ.
1212 217 1373 263 vm.
1514 235 1566 263 1*-

131 311 295 369 Ludit;
319 323 364 361 et
385 311 596 375 ambiguo
619 310 751 379 lapsu
772 310 1008 379 refluitque
1032 311 1246 378 fluitque3

134 390 473 457 Occurrensque
501 389 589 438 sibi
612 401 821 439 venturas
842 390 1034 457 adspicit
1056 389 1224 448 undas3

133 469 195 517 Et
214 486 333 517 nunc
357 467 413 517 ad
437 468 585 517 fontes
599 506 611 526 ‚
635 487 757 517 nunc
779 468 827 517 in
850 487 969 517 mare
992 487 1147 517 versus
1170 480 1400 536 apertum,

1508 482 1569 518 165

132 546 327 595 Incertas
350 558 523 595 exercet
544 565 682 613 aquas
705 566 716 595 :
737 546 800 596 ita
823 546 1032 596 Daedalus
1052 546 1211 614 implet

132 625 395 674 Innumeras
416 643 564 674 errore
585 625 706 683 vias3
729 625 891 692 vixque
915 625 1011 692 ipse
1036 625 1197 674 reverti

132 701 208 752 Ad
229 702 365 752 limen
385 703 539 770 potuit
561 723 572 752 z
600 714 723 752 tanta
744 715 814 752 est
835 702 1006 752 fallacia
1027 703 1133 752 tecti
1151 704 1162 751 ἱ

133 781 242 846 Quo
264 793 506 848 postquam
529 782 644 830 tauri
666 782 885 845 geminam
902 782 1165 848 juvenisque
1187 780 1376 844 figuram

136 857 334 917 Clausit,
357 870 403 907 et
424 859 576 907 Actaeo
598 858 672 907 bis
694 870 873 925 pastum
898 859 1113 922 sanguine
1137 871 1399 908 monstrum*

1514 885 1574 919 ¹70

131 941 287 990 Tertia
310 960 407 990 sors
431 941 559 990 annis
583 941 759 990 domuit
781 941 972 1009 repetita
993 941 1206 1000 novenis;

116 1026 289 1093 ,thue
314 1045 402 1093 ope
424 1026 644 1090 virginea,
666 1025 803 1075 nullis
826 1026 983 1075 iterata
1003 1026 1207 1093 priorum
1220 1065 1232 1085 ‚

135 1166 223 1203 illud
233 1169 428 1213 ambiguum
439 1168 584 1215 explicat
593 1168 728 1205 Seneca
738 1196 747 1211 ‚
759 1168 825 1204 du-

136 1221 238 1256 bium
250 1247 261 1266 ,
279 1221 361 1257 litus
381 1234 427 1257 an
443 1222 580 1257 sontem
600 1228 706 1268 petat.
737 1222 826 1257 Mox

137 1273 267 1310 eodem
282 1288 388 1310 sensu
400 1301 411 1320 ,
433 1278 567 1310 incerta·
580 1289 685 1321 aquoe.
699 1293 745 1303 ·-
753 1277 825 1311 Re-

127 1329 276 1374 fluitque
286 1329 433 1373 fluitque
443 1354 453 1368 ,
471 1340 537 1373 pro
543 1329 687 1374 fluitque
699 1329 825 1372 refluit-

138 1391 224 1424 que,
251 1386 293 1415 ut
307 1392 412 1415 versu
433 1380 520 1425 536,
543 1379 751 1425 refoventque
760 1378 824 1423 fo·-

139 1439 299 1480 remae,-
313 1435 350 1470 11
359 1461 369 1478 ,
388 1437 454 1483 409
467 1461 477 1479 ,
501 1436 591 1470 redit
600 1437 700 1479 itque.

90 1489 95 1492 “
195 1487 272 1534 164.
296 1490 460 1534 Adspicit
480 1500 493 1532 ‚⁰
527 1488 792 1524 Arundelianus
810 1514 821 1533 ,

132 1543 316 1586 prospicit,
333 1553 408 1576 non
421 1541 645 1587 improbante
662 1541 823 1576 Heinsio.

139 1614 186 1622 —
202 1594 323 1631 Nostri
340 1594 464 1641 Regii,
482 1596 642 1639 adspicit.
657 1612 702 1621 -
711 1595 826 1629 Exer-

139 1653 210 1689 cet,
229 1647 350 1693 satigat
363 1673 373 1691 ,
391 1653 432 1682 ut
451 1646 576 1693 Virgil.
593 1645 724 1692 Georg.
746 1646 821 1690 111,

141 1701 209 1747 529
219 1725 229 1743 ,
249 1703 398 1735 exercita
412 1711 512 1734 cursu
518 1700 667 1744 fiumina
676 1711 687 1732 ,¹
695 1711 800 1744 supra
812 1723 822 1742 ,

141 1751 160 1786 Ῑ
170 1778 181 1796 ,
207 1752 271 1787 582
285 1778 295 1796 ,
304 1750 412 1795 fisse
424 1753 589 1786 erroribus
604 1749 719 1785 undae.
744 1750 825 1784 Hoc

139 1805 219 1840 loeo
234 1811 334 1840 tanto
345 1804 458 1850 aptius
469 1830 479 1848 ,
503 1804 585 1849 quia
600 1816 664 1849 per
678 1806 732 1838 tot
747 1814 826 1836 am-

142 1857 247 1903 bages
264 1856 471 1892 decurrunt.
480 1875 526 1882 —
539 1857 662 1900 Implet
674 1861 739 1889 etc.
752 1879 762 1897 ,
777 1853 826 1888 ita

141 1910 272 1945 format
288 1909 383 1954 vias,
401 1916 442 1943 ut
457 1921 515 1943 eas
532 1906 678 1953 ingressi
696 1906 826 1950 ubique

142 1974 262 1998 errare
276 1960 584 2007 cogantur.Verbo
594 1961 729 2004 implere
737 1958 828 1994 inest

143 2014 244 2050 notio
253 2013 501 2049 multitudinis.
515 2012 675 2047 Tibullus
686 2038 696 2056 ,
714 2013 731 2048 1
745 2038 755 2055 ,
772 2022 825 2054 lv,

143 2067 190 2115 69
198 2093 209 2112 ,
223 2074 275 2102 ter
285 2073 443 2102 centenas
448 2067 761 2110 erroribusexpleat
774 2077 828 2098 ut-

145 2121 213 2155 bes.
222 2137 266 2147 -·
278 2121 393 2162 Tecti3
410 2118 570 2154 Gronov.
582 2117 726 2163 conjicit
734 2119 830 2152 texti.

194 2171 269 2219 169.
298 2172 372 2214 Quo
394 2177 573 2215 postquam
600 2177 666 2206 etc.
700 2170 829 2206 Noster

148 2223 227 2259 Art.
238 2222 356 2258 Amat.
371 2223 408 2258 11
419 2247 429 2266 ,
445 2223 486 2257 23
497 2236 505 2257 :
518 2224 684 2257 Dordalus
694 2229 733 2259 ut
739 2225 831 2257 clau-

147 2278 196 2311 sit
210 2280 406 2320 conceptum
420 2278 558 2309 crimine
575 2278 694 2310 matris
717 2276 831 2310 Semi-

147 2331 323 2374 bovemque
335 2330 442 2362 virum
453 2331 701 2373 semivirumque
710 2330 833 2363 bovem.

150 2379 384 2417 Philochorus
392 2380 572 2425 scripserat
578 2379 832 2427 ,labyrinthum

147 2432 254 2468 fuisse
271 2430 467 2468 custodiam
479 2457 488 2473 ,
514 2431 552 2465 in
568 2443 636 2476 qua
648 2444 835 2466 servaren-

149 2492 211 2520 tur
224 2485 326 2531 pueri
348 2484 584 2520 Athenienses
601 2510 611 2528 ,
638 2491 678 2519 ut
701 2484 835 2529 praemii

149 2538 228 2574 loco
244 2538 485 2574 tribuerentur
499 2538 540 2572 iis
552 2564 562 2581 ,
577 2537 637 2582 qui
652 2537 836 2572 victoriam

151 2591 396 2637 deportassent
410 2591 447 2626 in
466 2590 557 2625 ludis
574 2590 755 2638 gymnicis.
768 2590 837 2626 Eo-

152 2656 236 2679 rum
247 2644 419 2679 victorum
427 2644 623 2691 principem
632 2645 735 2680 fuisse
746 2645 838 2679 Tau-

153 2709 236 2731 rum
258 2696 449 2742 quemdam
464 2724 474 2742 ,
501 2697 687 2732 hominem
710 2697 840 2732 crude-

156 2749 227 2785 lem
239 2775 250 2795 ,
269 2749 330 2796 qui
348 2748 484 2786 duriter
493 2751 573 2786 satis
584 2749 745 2791 habuerit
757 2762 840 2796 pue-

299 2817 396 2864 IV.

889 1180 948 1203 ros
960 1168 1045 1203 illos.
1061 1167 1144 1203 Vid.
1164 1167 1342 1203 Plutarch.
1345 1166 1393 1217 ad·
1408 1167 1430 1202 l.
1445 1185 1490 1195 —-
1508 1169 1580 1202 Ge·-

889 1225 1035 1261 minam,
1062 1228 1101 1257 ut
1120 1220 1156 1256 II
1169 1248 1178 1265 ,
1204 1221 1281 1255 630.
1299 1239 1343 1248 .-.
1359 1221 1458 1261 Sors,
1483 1228 1577 1255 sorte

888 1273 989 1308 electi
1004 1274 1104 1319 pueri
1119 1272 1313 1319 puellaeque
1326 1287 1334 1314 ;
1348 1272 1557 1308 Plutarchus
1568 1300 1577 1316 ,

887 1326 926 1360 in
943 1326 1084 1362 Theseo
1096 1352 1106 1370 ,
1136 1340 1186 1372 ¹7·
1218 1325 1388 1373 Virgilius
1401 1352 1411 1370 ,
1431 1326 1581 1361 AEneid.

887 1378 941 1414 Vl
958 1404 967 1422 ,
996 1392 1037 1413 22
1049 1405 1058 1423 ,
1077 1384 1150 1413 stat
1168 1380 1282 1413 ductis
1302 1382 1449 1414 sortibus
1469 1393 1554 1414 urna
1565 1406 1575 1420 ,

886 1430 948 1465 ubi
962 1430 1037 1466 haec
1053 1431 1125 1477 ipsa
1137 1431 1241 1466 resin
1255 1430 1361 1466 valvis
1374 1431 1497 1477 templi
1510 1444 1577 1466 ex-

887 1496 1006 1529 pressa
1022 1482 1295 1519 describitur.--
1305 1483 1358 1518 Ea
1367 1486 1513 1525 domuit,
1537 1497 1579 1519 ex

887 1535 929 1571 iis
943 1548 1036 1570 unus
1059 1536 1258 1579 interfecit,
1287 1548 1358 1582 quo
1382 1549 1487 1572 sensu
1506 1539 1577 1572 do—

888 1601 995 1629 mare,
1016 1595 1050 1622 et
1067 1589 1104 1632 1,
1124 1588 1188 1623 312
1204 1603 1213 1630 ;
1230 1588 1302 1632 lx,
1317 1589 1576 1636 98.—Nooenis

869 1643 990 1675 'annis
1011 1643 1150 1684 repetita
1173 1640 1368 1676 Glareanus
1391 1641 1574 1687 interpre-

889 1701 986 1730 tatur
1011 1694 1055 1729 de
1082 1694 1251 1740 vigesimo
1276 1695 1427 1741 septimo
1455 1708 1551 1730 anno
1567 1710 1577 1737 ;

890 1747 1036 1793 Regius,
1046 1754 1124 1793 post
1132 1760 1262 1783 novem
1274 1748 1484 1793 annos,quia
1494 1761 1576 1793 poe-

889 1808 934 1836 tae
943 1801 1170 1836 distributivis
1181 1808 1333 1836 utuntur
1343 1814 1408 1847 pro
1420 1801 1576 1836 cardina-

889 1853 990 1888 libus.
1009 1853 1215 1899 Quotannis
1230 1853 1338 1888 talem
1354 1860 1489 1888 sortem
1504 1866 1577 1889 esse

891 1906 1033 1941 missam
1054 1905 1092 1940 in
1112 1905 1278 1950 Cretam,
1297 1906 1439 1951 plurimi
1456 1914 1580 1941 aucto-

891 1972 948 1994 res
978 1957 1134 1994 tradunt.
1162 1958 1373 1995 Plutarchus
1386 1986 1396 2004 ,
1425 1960 1500 1996 loco
1522 1961 1580 1996 cit.

897 2013 956 2055 15,
978 2024 997 2046 e
1022 2023 1196 2046 consensu
1212 2011 1425 2057 scriptorum
1449 2013 1578 2058 tradit,

893 2063 1006 2099 soedus
1028 2063 1147 2100 iniisse
1179 2063 1335 2110 Atticos,
1362 2073 1402 2100 ut
1430 2066 1472 2102 δι’
1500 2069 1581 2102 ἐννέα

895 2118 989 2161 ἐτῶν,
1015 2130 1080 2163 per
1097 2128 1232 2153 novem
1251 2130 1362 2153 annos
1375 2145 1384 2162 ,
1407 2119 1581 2155 tributum

895 2171 1101 2214 mitterent;
1116 2177 1154 2206 et
1164 2197 1173 2215 ,
1187 2183 1260 2217 cap.
1274 2185 1325 2217 17,
1339 2171 1430 2206 hanc
1441 2174 1583 2208 tertiam

896 2231 1030 2260 sortem
1042 2231 1144 2259 vocat
1156 2230 1254 2270 τρίτον
1274 2227 1401 2270 δασμόν.
1413 2243 1456 2252 -·
1469 2228 1584 2262 Nullis

894 2281 1027 2318 iterata,
1042 2277 1085 2312 ad
1094 2290 1200 2323 quam
1208 2290 1317 2312 nemo
1324 2277 1439 2314 rediit.
1453 2279 1546 2326 1h.37
1553 2284 1585 2316 5:

902 2331 951 2365 Ut
963 2333 1023 2375 qui
1036 2336 1126 2365 tecta
1135 2357 1143 2370 ‚
1172 2329 1410 2374 novisormam
1436 2335 1585 2368 celantia

897 2385 1046 2423 monstri,
1058 2383 1231 2416 Intrarunt
1237 2394 1334 2416 caecoe
1343 2395 1410 2416 non
1418 2385 1588 2419 redeunda

899 2435 1028 2469 domus.
1040 2433 1136 2468 Male
1151 2433 1319 2468 Heinsius
1332 2433 1491 2470 defendit
1502 2440 1593 2472 nulli

900 2494 1058 2530 superata
1074 2514 1082 2527 ‚
1111 2486 1206 2531 quod
1229 2499 1247 2520 a
1266 2486 1424 2531 Spirensi
1442 2501 1588 2536 accepe—

901 2547 978 2581 rat;
1002 2540 1137 2574 etenim
1157 2545 1333 2582 superatur
1346 2540 1463 2585 janua
1479 2543 1587 2578 etiam

903 2593 945 2627 ab
960 2592 1000 2626 iis
1010 2592 1070 2637 qui
1082 2592 1225 2627 intrant.
1235 2593 1486 2638 Neapolitanus
1497 2609 1589 2642 quo-

904 2658 972 2690 que
983 2652 1018 2679 et
1032 2645 1215 2680 Mediceus
1225 2645 1411 2690 secundus,
1420 2656 1590 2693 superam

905 2697 1008 2742 Regii
1023 2697 1158 2741 nostri,
1174 2700 1306 2733 iterata.
1335 2699 1509 2735 Videatur
1525 2703 1590 2737 in-

904 2762 1010 2796 super
1032 2749 1215 2786 Bentleius
1241 2750 1286 2786 ad
1311 2752 1526 2800 Horatium,
1546 2757 1562 2790 1
1580 2782 1590 2800 ‚

1356 2837 1383 2865 2
