1820 3106
251 244 336 285 230

615 245 665 286 P.
707 244 942 288 OVIDII
979 243 1288 290 NASONIS

247 335 333 382 Hic
357 334 474 383 ferus
497 335 743 402 expositum
766 336 1006 402 peregrinis
1027 337 1183 400 anguis
1206 338 1348 386 arenis

249 412 316 460 Os
334 412 447 477 petit
462 450 473 470 ‚
499 424 542 461 et
565 431 741 479 sparsos
766 412 948 462 stillanti
971 432 1068 462 rore
1089 414 1283 481 capillos.

249 489 445 537 Tandem
466 489 662 538 Phoebus
685 490 831 548 adest,
859 509 1118 557 morsusque
1142 491 1301 540 inferre
1325 505 1548 558 parantem

247 566 381 614 Arcet
395 604 406 625 ,
432 578 475 614 et
498 566 543 614 in
568 566 758 634 lapidem
780 567 918 616 rictus
941 568 1155 634 serpentis
1179 580 1352 635 apertos

250 643 490 706 Congelat3
518 656 559 692 et
580 644 782 711 patulos,
807 657 859 699 ut
883 657 1003 694 erant
1021 682 1033 703 ‚
1055 644 1231 694 indurat
1253 646 1412 695 hiatus.
1619 661 1663 696 σο

249 721 416 768 Umbra
441 721 562 769 subit
587 734 752 779 terras;
778 734 822 771 et
836 760 848 781 ,
876 741 971 789 quae
992 722 1087 771 loca
1109 722 1275 771 viderat
1296 734 1395 772 ante
1412 761 1424 781 ‚

250 798 420 845 Cuncta
443 797 740 860 recognoscit3
769 818 1053 866 quaerensque
1075 818 1156 866 per
1173 819 1271 848 arva
1294 800 1471 866 piorum

249 873 423 922 Invenit
444 874 689 940 Eurydicen
708 912 720 933 ‚
745 874 1004 941 cupidisque
1029 875 1307 942 amplectitur
1329 875 1458 923 ulnis.

251 1000 375 1022 canere
388 1013 397 1030 ,
415 1000 520 1032 quam
537 986 613 1020 alibi
629 1000 636 1020 :
650 986 716 1021 vid.
739 987 927 1022 Pausanias

252 1041 361 1074 Boeot.
378 1052 411 1084 p.
435 1039 497 1085 769
509 1065 517 1080 ‚
539 1039 596 1072 ubi
618 1039 715 1083 plura
733 1038 775 1072 de
792 1038 926 1084 Orphei

249 1091 406 1136 sepulcro
416 1098 450 1125 et
461 1090 590 1125 ossibus
607 1090 720 1124 habes.
732 1091 856 1136 lyram
865 1092 889 1125 J
891 1103 926 1124 o-

251 1143 299 1176 vis
308 1149 342 1176 et
353 1142 521 1187 Apollinis
528 1142 705 1176 voluntate
716 1142 807 1176 inter
815 1142 928 1177 sidera

252 1195 406 1230 retulisse
418 1196 528 1229 Musae
541 1194 717 1235 dicuntum
728 1195 927 1241 Hygin.d.l.

297 1248 347 1282 56.
366 1250 573 1292 Expositum.
587 1246 703 1292 Vulgo
713 1250 863 1290 exposito
871 1273 880 1288 ‚
893 1254 929 1281 et

251 1314 352 1336 versu
369 1313 438 1344 seq.
457 1299 599 1344 quidam
610 1324 619 1341 ‚
640 1302 769 1332 obstitit
783 1311 846 1343 pro
860 1325 869 1342 ,
890 1311 929 1333 os

248 1357 343 1398 petit.
361 1353 418 1387 Sic
436 1352 518 1397 legit
534 1351 639 1385 etiam
658 1349 850 1393 Planudes,
869 1350 928 1395 qui

255 1406 360 1440 vertit
371 1431 380 1447 ‚
395 1407 494 1453 ἄγριος
511 1409 575 1452 ἕξις
587 1403 837 1443 ἀντέστη.υῐιιιε
852 1403 929 1437 Va-

253 1460 387 1494 ticanus
410 1461 530 1502 anguis
548 1460 581 1490 in
602 1459 721 1489 herbis.
744 1457 828 1490 Post
845 1469 930 1490 ver·—

256 1524 334 1546 sum
347 1514 385 1556 57
400 1536 409 1553 ,
422 1510 524 1554 vulgo
535 1508 696 1542 inseritur
712 1507 766 1541 hic
777 1521 784 1541 :
797 1508 935 1541 Lumbi!

255 1572 288 1598 et
304 1561 505 1606 hymnifi’ros
521 1564 630 1595 inhiat
642 1563 793 1594 divellere
808 1563 928 1599 vultus,

256 1629 362 1661 quem
374 1615 444 1659 jam
459 1613 627 1647 Ciofanus
640 1611 828 1646 delendum
840 1611 933 1645 indi-

257 1667 354 1703 cavit.
367 1667 438 1701 Pro
451 1678 493 1699 eo
506 1665 541 1698 in
550 1663 661 1698 Vossii
676 1663 745 1698 MS
756 1665 933 1707 Extemplo

257 1734 365 1756 morsu
381 1721 470 1754 cedit
482 1720 611 1752 laniare
619 1715 743 1759 serino.
769 1716 933 1750 Heinsius

257 1773 396 1815 coniioit
422 1773 510 1814 cepit
534 1772 672 1802 laniare.
703 1767 934 1812 Capoferreus

258 1832 375 1862 censet
393 1851 402 1867 ,
425 1836 466 1857 ex
488 1821 622 1856 duobus
640 1819 793 1855 versibus
815 1819 933 1854 confi-

259 1876 424 1913 ciendum
452 1874 545 1908 hunc
571 1885 680 1906 unum
699 1885 707 1906 ι
727 1884 766 1906 os
775 1874 880 1915 petit,
904 1875 938 1905 et

259 1941 375 1965 sacros
390 1929 501 1962 inhiat
514 1927 667 1960 divellere
680 1927 808 1967 vultus,
826 1936 935 1969 quum

262 1980 304 2014 de
321 1978 447 2023 capillis
462 1976 609 2010 otiosam
627 1976 845 2010 mentionem
864 1988 935 2009 esse

260 2029 460 2066 contendat.
473 2028 578 2062 Multi
588 2027 735 2072 antiqui,
744 2039 860 2070 sparso
866 2029 938 2060 stil-

261 2086 430 2117 lantes.-
444 2080 542 2125 Regii
558 2079 666 2114 nostri
679 2079 745 2114 *hos
761 2091 878 2114 versus
895 2077 937 2112 56

262 2142 298 2169 et
311 2136 350 2179 57
365 2159 374 2175 ,
391 2132 438 2166 ita
450 2132 571 2176 legunt
583 2146 590 2172 ς
612 2130 732 2165 Codex
743 2131 772 2164 A
785 2144 793 2164 ε
806 2129 938 2173 Hicse'-

262 2199 317 2221 rus
327 2187 477 2229 exposito
481 2186 664 2228 peregrinis
676 2186 796 2226 anguis
806 2184 939 2216 barem's

269 2239 408 2271 Obstitit
419 2237 469 2269 ad
482 2247 615 2279 sparsos
633 2237 780 2268 stillanti
790 2247 861 2268 rore
876 2246 935 2267 ca-

259 2291 362 2334 pillos
373 2300 384 2330 ;
403 2286 524 2322 Codex
535 2287 564 2321 B
578 2300 585 2320 :
602 2289 671 2320 Hic
673 2285 771 2329 fimas
778 2290 938 2330 expositis

258 2342 438 2385 peregrinis
452 2341 574 2383 anguis
588 2340 721 2372 harenis
738 2339 877 2373 Obstitit
889 2365 896 2377 ‚
907 2343 941 2372 et

265 2396 392 2437 sparsis
406 2388 554 2426 stillanti
563 2403 634 2425 rore
651 2392 795 2435 capillis.
820 2390 870 2423 Ex
887 2390 939 2425 his

266 2443 400 2479 duobus
419 2443 622 2478 lectionibus
645 2441 780 2487 vulgata
803 2442 940 2476 videtur

267 2495 369 2529 fuisse
385 2494 601 2529 concinnata.
614 2494 748 2528 Neuter
762 2492 868 2527 codex
883 2492 940 2526 ha-

268 2547 328 2580 bet
342 2558 459 2580 versus
476 2558 562 2590 quos
576 2544 682 2579 refert
697 2547 820 2589 Gierr'g.
830 2544 941 2579 Ed.—

267 2600 484 2642 Expositum,
509 2598 667 2643 ejectum.
683 2616 726 2623 —-
738 2599 829 2636 Bos,
853 2609 941 2642 aqua

268 2651 355 2684 roris
371 2651 478 2685 instar
499 2651 659 2697 guttatim
683 2651 877 2694 destillans,
902 2658 941 2685 ut

267 2703 325 2737 lib.
343 2703 375 2734 V
388 2730 397 2746 ,
420 2716 506 2738 vers.
523 2704 599 2738 635.

313 2757 363 2801 59.
387 2756 428 2789 In
449 2757 602 2799 lapidem.
629 2755 757 2801 Regius
775 2756 894 2791 noster
910 2756 940 2790 B

991 988 1079 1022 male
1096 991 1131 1022 in
1145 990 1498 1033 lapides.·--·Congelat
1505 1015 1514 1030 ,
1528 987 1565 1022 in
1580 987 1668 1033 lapi-

992 1039 1071 1074 dem
1094 1048 1226 1079 mutat‚
1257 1040 1336 1086 qnia
1359 1047 1394 1075 et
1415 1043 1491 1084 gelu
1516 1039 1669 1087 rigidum

992 1091 1116 1126 reddit.
1141 1094 1265 1127 Gelan»
1285 1093 1331 1127 sic
1353 1092 1443 1138 apud
1462 1092 1642 1133 Lucanum
1657 1118 1666 1136 ,

993 1143 1045 1178 lX
1057 1169 1065 1186 ,
1077 1143 1136 1177 681
1152 1170 1161 1184 ,
1175 1146 1347 1188 vultusque
1354 1146 1524 1188 gelassent
1530 1145 1670 1178 Perseos

993 1198 1110 1228 aversi.
1128 1195 1212 1229 Mox
1227 1197 1365 1229 indurat
1377 1194 1470 1229 idem
1482 1221 1492 1238 ‚
1512 1201 1548 1229 ut
1563 1195 1667 1230 etiam

995 1246 1086 1289 Vll,
1105 1247 1189 1290 446,
1207 1254 1242 1281 et
1260 1246 1324 1289 IV,
1343 1248 1406 1290 744
1419 1273 1428 1291 ,
1444 1249 1664 1288 rodarum-re,

993 1298 1142 1344 lapidem
1159 1298 1235 1333 fieri
1267 1298 1360 1333 Alibi
1382 1300 1525 1343 de'n‘geoe
1540 1304 1575 1334 et
1593 1305 1670 1333 tor-

987 1363 1067 1394 pere
1081 1350 1125 1386 de
1138 1364 1234 1386 saxea
1249 1358 1383 1387 natura.
1399 1350 1612 1386 Plutarchus*
1622 1351 1664 1386 de

995 1403 1146 1437 Flumin.
1165 1396 1304 1452 (ἔδρας)
1324 1410 1444 1438 auctor
1465 1409 1516 1438 est
1533 1402 1670 1449 Orphei

994 1461 1097 1499 caput
1112 1455 1147 1488 in
1164 1451 1352 1489 draconem
1371 1455 1670 1489 mutatura—Pa-

995 1510 1098 1546 tulos,
1115 1508 1179 1542 late
1192 1515 1349 1552 patentes
1358 1534 1367 1552 ,
1381 1507 1476 1543 latos.
1488 1507 1602 1542 Etiam
1614 1506 1672 1542 Si-

995 1557 1059 1591 iius
1074 1583 1083 1599 ‚
1101 1558 1155 1592 111
1165 1584 1174 1600 ‚
1195 1559 1239 1602 34
1249 1585 1258 1601 ,
1271 1562 1410 1602 patulus
1426 1561 1540 1592 hiatus
1555 1561 1672 1593 leonis.

1039 1609 1093 1642 62.
1125 1611 1249 1643 Umbra
1274 1613 1366 1644 subit
1386 1617 1500 1644 terras.
1529 1606 1652 1654 Imago*
1662 1634 1671 1651 ,

997 1659 1121 1693 animae
1135 1667 1170 1694 et
1183 1660 1338 1706 corporis
1351 1660 1576 1695 simulacrum
1589 1673 1596 1694 :
1607 1660 1674 1694 hoc

998 1704 1115 1745 auteni
1132 1724 1172 1745 ex
1196 1712 1360 1757 opinione
1384 1724 1508 1748 eorum
1522 1738 1531 1756 ,
1550 1711 1674 1756 quibus

999 1762 1107 1796 immo
1118 1771 1252 1798 constat
1264 1764 1379 1799 anima
1389 1790 1398 1807 ,
1416 1758 1560 1810 σοι-[ἦτε
1571 1790 1581 1808 ,
1593 1776 1675 1798 um-

999 1815 1060 1849 bra
1078 1829 1085 1856 ;
1113 1815 1266 1850 animam
1291 1817 1373 1851 caelo
1390 1842 1400 1860 ,
1428 1816 1525 1851 astris
1541 1843 1551 1860 ‚
1576 1816 1645 1850 aeri
1664 1829 1672 1857 ;

1000 1879 1123 1913 corpus
1137 1875 1237 1904 terrae
1250 1883 1257 1911 ;
1274 1869 1436 1903 umbram
1450 1868 1569 1903 inseris
1584 1866 1674 1903 tradi

1000 1921 1131 1957 volunt.
1144 1922 1256 1965 Dido,
1268 1923 1350 1956 AEn.
1364 1923 1430 1966 lv,
1444 1921 1522 1965 654,
1533 1919 1676 1956 Etnu'nc

1000 1987 1122 2018 magna
1138 1978 1206 2009 mei
1215 1978 1275 2009 sub
1286 1982 1390 2010 terras
1402 1977 1467 2009 ibit
1474 1978 1596 2018 imago.
1608 1971 1674 2008 Ed.

1001 2027 1176 2061 —Cuncta
1187 2030 1399 2071 recognoscit.
1410 2026 1543 2061 Seneca
1552 2051 1562 2069 ‚
1576 2024 1673 2060 Med.

1001 2077 1064 2111 632
1075 2103 1084 2120 ‚
1107 2080 1253 2122 Contlgrit
1267 2086 1379 2113 notam
1392 2079 1507 2124 Styga.
1523 2095 1567 2103 —-
1582 2077 1676 2111 Arm

996 2131 1141 2172 piomm,
1161 2131 1271 2175 campi
1284 2129 1390 2176 Elysii
1404 2155 1413 2172 ‚
1433 2141 1518 2174 quos
1537 2127 1674 2162 AEschi-

1003 2192 1064 2215 nes
1078 2206 1087 2224 ,
1106 2181 1237 2215 Socrat.
1260 2181 1338 2215 dial.
1363 2181 1418 2215 ΠΙ
1433 2207 1442 2224 ,
1463 2193 1527 2225 20,
1551 2183 1675 2216 εὖσεὲῶν

1005 2240 1102 2283 χῶρυν
1115 2260 1123 2277 ,
1137 2235 1259 2269 Horat.
1275 2233 1387 2279 Epod.
1403 2232 1492 2268 XVI
1503 2234 1580 2278 ,⁴41,
1594 2245 1676 2267 arva

1004 2288 1101 2319 beata
1117 2292 1151 2320 et
1169 2286 1204 2321 II
1219 2312 1227 2330 ,
1250 2285 1319 2321 Od.
1338 2300 1374 2321 ιιι
1387 2312 1396 2330 ,
1414 2287 1509 2334 sedes
1517 2288 1672 2329 piorunm·

1006 2337 1132 2372 Cicero
1150 2338 1238 2373 Phil.
1258 2337 1366 2380 XIV,
1389 2350 1425 2371 ια
1440 2362 1449 2380 ‚
1469 2339 1598 2381 piorum
1613 2347 1676 2369 se-

1004 2393 1077 2425 dem
1092 2397 1126 2424 ct
1139 2389 1247 2424 locum'
1261 2397 1368 2424 vocat.
1385 2389 1436 2424 Ibi
1450 2387 1579 2434 reperit
1594 2387 1676 2422 Eu—

1004 2443 1147 2490 rydicen
1161 2457 1168 2483 ;
1187 2444 1269 2477 Illic·
1286 2442 1379 2476 enim
1395 2448 1462 2481 est,
1490 2443 1680 2485 cuicumque

1004 2508 1111 2539 rapax
1128 2507 1216 2528 mors
1231 2496 1320 2528 venit
1333 2495 1476 2533 amanti,
1496 2492 1541 2526 ait
1552 2491 1676 2526 Tibul-

1005 2548 1057 2582 lus
1071 2575 1080 2592 ,
1099 2549 1114 2583 Ι
1130 2575 1139 2592 ,
1156 2559 1202 2582 111
1214 2573 1223 2591 ,
1241 2547 1293 2581 65.
1314 2546 1365 2581 Ibi
1383 2546 1486 2581 etiam
1508 2547 1680 2580 Threicias

1004 2603 1106 2644 longa
1121 2613 1194 2634 cnm
1211 2606 1299 2632 veste
1311 2601 1470 2632 sacerdos
1487 2598 1682 2648 ObloquituJ

1005 2654 1147 2686 numeris
1171 2657 1289 2694 septem
1317 2653 1510 2693 dzscrt'rnt'n'a
1538 2658 1675 2688 vocum,·

1006 2703 1103 2748 Virg.
1122 2702 1203 2735 AEn.
1223 2702 1293 2745 Vl,
1311 2702 1384 2746 645.
1400 2714 1443 2729 —
1459 2701 1681 2744 Amplectitur

1005 2758 1104 2791 ulmzc.
1122 2754 1340 2789 Twisdenius
1360 2755 1568 2799 amplectitur
1584 2752 1670 2790 alis,
