1820 3106
281 280 359 320 188

642 278 694 321 P.
735 279 965 324 OVIDII
1005 278 1301 325 NASONIS

271 390 297 411 >›
323 370 451 416 Nunc
472 369 572 435 quia
592 380 679 417 tam
696 389 818 418 meus
843 383 931 429 est,
953 391 1043 419 non
1063 384 1129 420 est
1144 391 1293 430 meus;
1314 373 1495 440 ipsaque
1519 374 1679 423 damno

275 467 299 489 >›
326 447 410 492 Est
431 446 538 493 mihi
562 447 853 511 proximitas.
875 448 1011 498 aliena
1032 450 1256 515 potentior
1279 468 1429 498 essem

1615 464 1681 510 340

276 543 298 564 »
327 523 394 570 Ire
418 521 529 571 libet
550 524 704 589 procul
728 524 856 583 hinc,
881 527 1138 592 patriosque
1158 526 1402 593 relinquere
1426 526 1560 584 fineS‚

276 620 298 640 >›
327 599 445 647 Dum
468 599 607 649 scelus
627 601 832 664 effugiam
853 622 862 650 ε
882 602 1041 651 retinet
1063 603 1201 651 malus
1226 623 1346 652 error
1367 615 1607 662 amantem,

276 698 298 717 »
326 677 388 724 Ut
408 696 600 742 praesens
631 691 823 745 spectem
847 680 1050 745 Cinyram
1065 717 1075 736 ‚
1097 691 1358 746 tangamque
1373 717 1384 738 ,
1408 680 1651 747 loquarque
1667 716 1678 738 ,

275 776 297 796 »
327 754 578 822 Osculaque
602 757 853 805 admoveam
870 795 881 815 ‚
909 758 945 805 si
969 756 1031 804 nil
1056 757 1310 805 conceditur
1328 757 1455 806 ultra.

276 853 297 870 υ
327 830 456 879 Ultra
477 844 621 879 autem
645 852 815 898 sperare
838 833 1003 899 aliquid
1022 845 1149 899 potes
1163 871 1174 891 ‚
1200 834 1333 900 impia
1354 835 1511 897 virgo?

1617 847 1682 893 345

273 928 295 948 »
323 908 413 955 Nec
429 946 441 965 ‚
469 921 580 974 quot
601 909 843 958 confundas
864 921 907 957 et
924 910 1020 974 jura
1042 922 1085 957 et
1108 910 1309 968 nomina,
1335 911 1506 959 sentis?
1534 942 1536 944 -

273 1004 296 1025 >›
324 984 450 1032 Tune
476 985 561 1032 eris
586 996 630 1032 et
650 985 801 1032 matris
825 984 994 1050 pellex,
1017 997 1061 1033 et
1083 985 1278 1034 adultera
1301 986 1471 1052 patris?

273 1081 296 1101 ·»
323 1061 450 1108 Tune
476 1080 603 1109 soror
624 1062 769 1124 gnati,
794 1061 1075 1128 genetrixque
1098 1063 1309 1111 vocabere
1331 1063 1512 1112 fratris?

275 1159 296 1183 »
326 1138 416 1185 Nec
439 1150 605 1186 metues
628 1151 722 1186 atro
743 1139 920 1187 crinitas
942 1158 1081 1202 angue
1105 1140 1288 1188 Sorores
1302 1178 1314 1198 ‚

274 1236 295 1255 »
324 1216 448 1279 Quas
463 1253 475 1273 ‚
500 1217 669 1265 facibus
694 1217 815 1265 saevis
839 1216 991 1265 oculos
1015 1229 1144 1283 atque
1168 1236 1241 1265 ora
1263 1228 1486 1283 petentes,

270 1327 346 1369 III,
363 1327 384 1360 6
403 1339 410 1361 z
427 1332 467 1363 Εἰ
482 1333 619 1369 πλουτοίη
637 1333 668 1363 d‘i
680 1332 785 1364 Μίδεω
795 1334 847 1363 καὶ
856 1335 946 1364 Κινυ-

271 1380 347 1427 piato
364 1382 458 1413 πλέον.

311 1431 385 1477 339.
403 1433 486 1465 Tam
502 1445 592 1466 meus
605 1432 701 1467 dedit
718 1434 885 1468 Heinsius
901 1447 941 1468 ex

268 1481 527 1527 Langermanui
544 1483 681 1526 codice;
702 1478 802 1529 vulgo
826 1486 937 1529 (etin

268 1535 393 1570 nostris
408 1535 548 1581 Regiis)
558 1537 636 1579 jam
647 1550 747 1572 meus.
774 1540 862 1580 Quia
871 1543 941 1572 lam

268 1599 358 1620 meus
371 1594 424 1621 est
437 1594 499 1621 etc.
519 1587 688 1633 Oxymori
704 1589 853 1633 speciem
870 1588 945 1622 ha-·

267 1638 343 1681 bet,
363 1639 441 1683 quia
453 1645 523 1673 tam
536 1640 750 1685 propinquus
766 1641 853 1674 mihi
869 1647 938 1684 est,

269 1698 453 1735 propterea
479 1703 553 1725 non
577 1704 717 1736 possum
742 1692 773 1726 ei
797 1692 940 1726 nubere.

269 1742 339 1776 Sed
357 1742 436 1777 talia
454 1743 508 1777 vix
529 1756 600 1778 esse
627 1743 790 1778 videntur
804 1743 940 1789 *despe-

269 1794 375 1828 rantis
394 1794 510 1828 animi.
525 1813 570 1821 ·-
589 1797 795 1830 proximitas
812 1802 847 1829 et
863 1795 939 1828 alibi

269 1844 358 1889 apud
375 1846 543 1880 Nostrum
560 1846 719 1880 occurrit.
730 1864 774 1873 —-
784 1846 910 1880 Aliena
924 1872 933 1885 ‚

267 1897 294 1930 si
310 1897 440 1940 aliena,
457 1910 528 1931 non
541 1897 609 1931 filia
619 1909 747 1938 essem;
767 1897 818 1931 lx
829 1922 838 1939 ,
854 1896 937 1939 326,

267 1952 379 1983 aliena
392 1953 554 1994 sanguine
565 1957 681 1984 vestro.
698 1968 742 1976 —
756 1952 934 1988 Potenffor,

267 2001 412 2044 beatior,
429 2008 468 2035 ut
484 2002 549 2044 IV,
565 2002 639 2036 325.
654 2000 871 2035 Schirachius
882 2013 940 2034 ex-

269 2052 370 2097 plicat
381 2078 391 2095 ,
410 2052 586 2097 potentior
601 2052 681 2086 voti.

310 2105 385 2148 341.
394 2107 449 2139 Ire
462 2108 545 2139 libet
553 2108 674 2149 procul
684 2107 771 2140 hinc.
784 2105 941 2149 Proper-

268 2155 348 2198 tius,
362 2156 430 2199 111,
445 2167 503 2199 xx,
512 2169 545 2202 9,
564 2158 673 2190 Unum
683 2159 747 2190 erit
756 2158 939 2190 auxilium:

268 2211 422 2250 mutatis,
447 2210 591 2254 Cynthia
607 2235 615 2249 ,
633 2213 730 2243 lerrt's
742 2235 749 2249 ,
774 2210 940 2251 Quantum

266 2263 373 2294 oculis
385 2287 393 2301 ‚
411 2263 523 2295 animo
539 2267 607 2294 tam
616 2262 740 2304 procul
748 2262 811 2293 ibit
825 2260 939 2295 Amor.

269 2332 312 2338 —
326 2315 476 2348 Patrios.
489 2340 496 2349 .
509 2339 516 2346 .
529 2315 631 2358 .fines
652 2326 693 2347 ex
718 2312 882 2357 Naugerii
906 2319 941 2346 et

270 2378 342 2400 uno
359 2366 573 2400 Bononiensi
587 2365 683 2399 dedit
698 2364 864 2400 Heinsius
876 2378 939 2409 pro

263 2420 383 2459 patria·
394 2443 419 2451 ..
429 2443 436 2451 .
444 2419 535 2461 fines
553 2415 668 2461 (quod
685 2415 815 2449 habent
831 2415 941 2449 nostri

271 2468 371 2512 Regii
383 2468 407 2510 ).

312 2519 385 2561 342.
398 2520 514 2552 Malus
528 2531 623 2553 error.
637 2518 753 2563 Vulgo
763 2519 871 2550 malus
882 2530 940 2550 ar-

269 2572 332 2603 dor
344 2584 354 2604 :
371 2570 523 2614 quidam,
539 2583 603 2615 pro
615 2576 790 2610 amantem,
805 2575 941 2603 cuntem.

269 2640 312 2648 -—·
330 2623 431 2667 Regii
446 2623 556 2657 nostri
573 2649 582 2666 ,
601 2625 704 2657 ardor
713 2627 942 2661 amantem.—

270 2678 421 2710 Errorem
436 2676 526 2720 apud
538 2682 655 2720 poetas
666 2675 708 2709 de
719 2675 841 2709 insano
850 2686 941 2708 amo-

271 2739 308 2760 re
333 2725 398 2760 dici
411 2751 432 2769 ,2
445 2726 546 2761 docet
565 2726 752 2768 Heinsius3
778 2725 883 2759 Trist.
902 2725 938 2768 I,

273 2789 303 2811 11
317 2803 326 2822 ,
343 2790 387 2825 99
401 2803 410 2822 ,
435 2781 527 2813 sime
542 2780 650 2815 malus
665 2780 804 2813 abstulit
816 2790 912 2812 error.

1615 1231 1682 1266 350

1055 1329 1204 1372 346.Nec
1213 1334 1289 1374 quot
1295 1328 1680 1365 emendavitConstaut.

1010 1381 1096 1415 Fan.
1114 1380 1230 1424 Vulgo
1242 1382 1291 1414 Et
1304 1382 1398 1425 quod.
1414 1399 1458 1406 —
1473 1380 1590 1416 Nostri
1607 1381 1680 1415 Re-

1008 1431 1052 1475 gii
1065 1456 1074 1473 ,
1093 1444 1154 1465 nec
1164 1458 1172 1471 ‚
1188 1438 1319 1475 φησι-
1331 1430 1526 1474 Confundas
1536 1434 1680 1465 nomina.

1008 1482 1070 1515 Illa
1085 1482 1271 1516 nominum
1289 1483 1444 1517 confusio
1460 1483 1514 1517 vel
1529 1483 1678 1518 maxime

1008 1532 1108 1567 docet
1125 1534 1295 1568 Naturam
1313 1534 1460 1568 aversari
1474 1534 1580 1569 talem
1591 1546 1679 1569 con-

1007 1586 1176 1620 cubitum.

1048 1638 1121 1683 347.
1137 1638 1260 1672 Matris
1270 1664 1277 1672 .
1288 1664 1310 1671 ..
1323 1663 1331 1671 .
1340 1641 1462 1681 patris.
1482 1638 1586 1673 Unus
1596 1638 1682 1673 Me-

1007 1689 1121 1724 diceus
1139 1717 1148 1733 ,
1178 1694 1303 1731 matr1‘5
1340 1697 1424 1724 tunc
1453 1691 1678 1725 Burmannus

1004 1742 1102 1776 malit
1117 1748 1150 1775 et
1163 1745 1276 1785 patri,
1296 1749 1330 1776 et
1345 1754 1426 1775 mox
1435 1748 1538 1785 gnato
1551 1748 1587 1776 et
1597 1741 1680 1785 sra-

1004 1796 1070 1835 trt‘,·
1087 1806 1191 1838 quam
1205 1794 1355 1827 sormam
1371 1792 1538 1837 loquendi
1553 1805 1680 1828 exem-

1005 1845 1068 1890 plis
1087 1846 1218 1890 probat.
1241 1863 1284 1870 —-
1307 1845 1408 1889 Regii
1429 1845 1538 1879 nostri
1551 1844 1680 1890 vulga—

1006 1905 1077 1931 tam
1093 1904 1247 1931 tuentur.
1264 1896 1429 1941 AEnigma
1443 1896 1553 1930 simile
1565 1896 1680 1941 posuit

1006 1950 1048 1984 de
1059 1963 1094 1984 se
1108 1950 1282 1994 OEdippus
1293 1948 1511 1983 inThebaide
1524 1948 1678 1992 Senecae,

1003 2016 1104 2037 versu
1122 2003 1181 2045 134
1206 2015 1214 2036 z
1235 2002 1307 2036 Avi
1316 2015 1434 2045 gener,
1448 2004 1621 2046 patrisque
1631 2005 1680 2035 νί-

1004 2057 1090 2088 valis
1107 2057 1178 2094 sui,
1203 2055 1320 2087 Frater
1333 2066 1462 2087 suorum
1474 2055 1611 2087 liberu‘m
1621 2080 1629 2093 ‚
1646 2058 1681 2087 et

993 2106 1145 2150 sratmm
1151 2117 1275 2149 parens
1285 2116 1297 2147 ,·
1318 2105 1392 2138 Uno
1404 2108 1483 2138 avia
1488 2109 1589 2148 partu
1600 2106 1681 2138 libc·
1695 2115 1698 2117 ’

1003 2170 1058 2191 ros
1062 2160 1192 2200 peperit
1199 2159 1270 2190 viro
1279 2183 1287 2196 ,
1307 2157 1362 2191 Ac
1375 2158 1446 2190 sibi
1457 2160 1597 2200 nepotes.
1613 2154 1677 2189 Ed.

1047 2209 1124 2255 349:
1139 2208 1279 2242 Metues.
1305 2208 1530 2241 Burmannus
1549 2207 1678 2252 legeret

1003 2260 1116 2305 potius
1132 2272 1214 2294 cum
1230 2259 1328 2293 Junii
1346 2266 1382 2293 et
1396 2259 1528 2304 Sprotii
1547 2257 1678 2293 codici-

1003 2311 1067 2345 bus
1092 2316 1230 2345 metuas.
1244 2329 1289 2336 —-
1303 2310 1391 2344 Atro
1406 2312 1547 2344 crinitas
1559 2321 1678 2352 angue.

1006 2362 1164 2407 Quidam
1178 2375 1275 2396 sacro
1286 2364 1427 2395 crinitas
1441 2372 1565 2404 angue,
1593 2371 1679 2404 pro-

1003 2414 1108 2447 bante
1119 2413 1280 2447 Viviano.
1290 2431 1333 2437 —
1346 2411 1446 2457 Regii
1461 2410 1572 2445 nostri
1580 2423 1679 2445 sacro

1005 2465 1097 2510 quod
1115 2465 1199 2499 ferri
1221 2471 1334 2510 potest
1352 2477 1362 2504 ;
1393 2461 1564 2508 quidquid
1581 2462 1679 2496 enim

1005 2516 1047 2550 ad
1062 2516 1157 2550 Deos
1172 2516 1366 2561 superiores
1380 2540 1390 2557 ,
1407 2514 1461 2548 vel
1476 2513 1677 2556 inferiores,

1003 2567 1211 2613 pertinebat,
1221 2579 1353 2600 sacrum
1365 2565 1554 2599 dicebatur.
1563 2566 1630 2599 Ed.
1639 2582 1682 2590 ——

1007 2621 1153 2654 Crinitus
1172 2630 1299 2662 angue,
1332 2616 1500 2662 anguibus
1519 2642 1528 2660 ,
1547 2615 1679 2650 dictum

1004 2678 1044 2705 ut
1053 2682 1154 2704 versu
1165 2683 1202 2703 αι
1216 2695 1225 2713 ,
1238 2671 1361 2702 villosa
1372 2669 1677 2710 colubria—Quas.

1005 2725 1027 2758 J
1031 2724 1179 2758 unianus
1193 2724 1309 2764 Quam,
1322 2728 1359 2754 ut
1371 2727 1459 2754 esset
1471 2720 1677 2755 exclamatio.

1003 2793 1047 2805 -
1062 2773 1185 2811 Nostri
1205 2772 1325 2817 Regii,
1346 2773 1449 2816 Quas.
