1820 3106
237 241 316 284 152

603 244 655 287 P.
697 244 932 291 OVIDII
961 245 1261 292 NASONIS

227 334 386 383 Adfuit
409 333 480 384 ille
505 336 705 403 quidem:
733 338 809 386 sed
832 359 910 388 nec
935 339 1144 388 solemnia
1163 339 1294 389 verba
1310 377 1322 398 ‚

222 412 315 460 Nec
339 411 463 462 laetos
485 413 633 463 vultus
650 453 660 473 ‚
689 435 769 464 nee
791 413 894 465 felix
918 417 1066 478 attulit
1090 437 1234 467 omen.
1626 431 1648 466 5

225 492 316 540 Fax
340 512 542 559 quoque,
568 513 698 560 quam
723 496 884 551 tenuit,
909 495 1150 562 lacrymoso
1174 493 1356 544 stridula
1376 493 1498 542 fumo

222 571 377 636 Usque
398 572 483 619 fuit
498 610 510 630 ‚
535 571 768 639 nullosque
791 573 958 622 invenit
984 573 1182 621 motibus
1203 571 1342 635 ignes.

222 648 382 696 Exitus
405 648 602 715 auspicio
629 649 823 711 gravior3
849 669 949 698 nam
971 662 1111 717 nupta
1131 668 1211 716 per
1230 648 1391 697 herbas

225 724 343 772 Dum
364 744 475 773 nova
501 725 714 774 Naiadum
736 726 865 774 turba
890 727 1094 774 comitata
1115 737 1295 788 vagatur
1312 762 1324 783 ‚

221 800 429 859 Decidit,
453 802 499 849 in
523 802 659 851 talum
683 803 900 869 serpentis
926 804 1052 852 dente
1075 816 1262 869 recepto.
1606 825 1646 849 ιι»

219 929 290 961 tias
305 934 369 962 etc.
393 927 544 962 formula
560 927 724 963 solemnis
744 942 752 970 3
777 934 813 963 et
829 955 838 972 ,
863 934 903 964 ut

220 978 345 1013 Burm.
354 979 425 1024 ipse
437 980 567 1014 fatetur
576 1006 585 1023 ,
605 993 685 1014 voce
693 993 812 1016 vocare
823 994 903 1026 pas-

218 1031 286 1067 sim
302 1031 393 1077 apud
409 1031 579 1067 Ovidium
595 1033 766 1075 occurrit,
784 1045 900 1078 neque

217 1082 397 1128 ingratum
423 1083 507 1117 illud
530 1084 671 1119 auribus
696 1098 768 1119 esse
793 1092 899 1130 puto:

220 1134 299 1170 vide
316 1135 357 1169 ad
378 1135 394 1169 I
413 1162 421 1178 ,
449 1148 514 1182 '²99
528 1162 538 1178 ,
558 1135 696 1170 mollius
713 1143 806 1171 certe
824 1144 899 1182 est,

221 1199 327 1232 quam
344 1186 428 1220 illud
446 1186 559 1223 Cicer.
580 1188 652 1223 Off.
671 1189 687 1222 I
702 1215 711 1231 ‚
736 1189 775 1223 61
789 1215 798 1232 ‚
817 1192 901 1234 ple-

218 1242 310 1274 πίονα
321 1252 395 1283 ore;
412 1246 471 1273 aut
482 1238 572 1274 infra
584 1266 594 1284 ,
611 1241 720 1285 XIII,
737 1241 798 1286 734
810 1267 818 1284 ,
832 1244 902 1275 ale·-

218 1306 283 1338 quo
294 1305 427 1338 quoque.
764 1305 768 1310 '

264 1347 337 1388 4-7.
347 1346 383 1379 A
385 1344 679 1390 dsuilt'llequt‘dem.
691 1347 773 1381 Non
780 1348 899 1383 saustae

167 1424 169 1427 .
219 1399 318 1432 suere
335 1398 400 1432 illae
416 1399 557 1443 nuptiae.
577 1398 724 1442 Confer,
742 1401 795 1435 VI
808 1426 817 1444 ,
835 1402 900 1444 428

220 1463 293 1495 sqq.
314 1449 354 1484 Id
371 1444 466 1485 nunc
483 1450 525 1484 ad
543 1451 780 1498 Hymenaeum
797 1452 900 1496 ejus-

221 1515 287 1547 que
302 1502 413 1536 facem
427 1503 586 1537 refertur.
597 1521 640 1529 —
649 1505 815 1538 Solemm'a
826 1518 901 1539 ver-
926 1526 933 1528 f

219 1557 273 1589 ba.
298 1555 401 1590 Unus
420 1556 603 1591 Basilensis
621 1560 784 1591 solemnia
789 1558 896 1602 juta‚·

220 1605 315 1651 quod
329 1620 369 1641 ex
382 1614 458 1642 tura
468 1615 587 1642 ortum
597 1609 822 1644 Burmannus
832 1622 901 1654 pu—

219 1666 278 1694 tat.
288 1660 455 1693 solemnia
465 1663 564 1694 verba
573 1687 580 1701 ,
595 1668 715 1695 cantus
726 1661 899 1696 solemnes

220 1717 255 1744 et
266 1711 360 1745 laetos
370 1737 379 1754 ,
393 1725 410 1745 a
424 1711 548 1756 quibus
557 1713 775 1759 Hymenaeus
787 1717 902 1758 εὐηχης

220 1762 552 1808 dictus.—Necsel1'2·
565 1769 680 1801 attulit
692 1779 787 1800 omen
796 1794 804 1805 ‚
824 1779 899 1800 non

219 1816 319 1860 fecit,
339 1824 376 1851 ut
392 1816 511 1852 laetum
523 1830 627 1852 omen
642 1819 775 1864 sponsis
785 1820 900 1854 offer—

216 1875 319 1903 retur
327 1895 336 1911 ,
350 1869 444 1914 quod
457 1869 535 1904 felix
546 1870 750 1916 conjugium
764 1871 803 1906 iis
814 1884 899 1917 pro-

222 1921 387 1956 mitteret.
413 1922 610 1967 Diligenter
635 1930 753 1957 autem
781 1923 900 1958 omina

223 1980 303 2006 ante
319 1974 457 2018 nuptias
472 1975 719 2020 captabantur:
735 1976 812 2011 vide
826 1977 876 2010 IX
888 2003 898 2020 ‚

222 2024 721 2072 766.-—Lacrymosumfi1mum
733 2055 741 2069 ,
762 2029 821 2072 qui
842 2029 900 2062 la-

219 2089 355 2122 crymas
365 2077 432 2111 ciet
444 2104 453 2119 ,
471 2077 576 2113 habet
588 2080 629 2112 ab
642 2079 808 2123 Horatio,
825 2081 897 2115 Sat.

220 2129 256 2170 I,
272 2129 317 2172 V,
330 2131 593 2171 {ta—Stridula,
615 2144 743 2177 nempe
754 2131 898 2167 humida

220 2195 302 2217 cum
317 2183 464 2218 stridore
482 2180 892 2230 fumabat—Usquefin't,

219 2237 399 2280 nullosque.
416 2236 519 2271 Unus
534 2237 648 2271 Vossii
663 2244 696 2271 et
713 2251 802 2272 unus
816 2237 899 2272 Lei-

221 2286 336 2321 densis
357 2289 463 2332 thue
475 2288 553 2332 suit
567 2315 574 2329 ,
606 2292 717 2323 nullos
743 2292 890 2329 maem't,

223 2338 316 2382 quod
331 2340 438 2383 placet
456 2340 658 2375 Heinsio.—
669 2341 770 2385 Regii
786 2341 898 2375 nostri

221 2390 352 2425 habent
370 2391 556 2427 lectionem
571 2399 810 2438 receptam.—-
822 2393 898 2425 Us-

220 2455 281 2485 que
292 2443 364 2476 vim
383 2443 503 2487 habet,
522 2456 637 2489 neque
655 2443 743 2477 adeo
758 2450 897 2477 mutan-

221 2494 307 2528 dum
324 2508 331 2529 ε
348 2498 492 2529 invenire
508 2496 684 2542 eleganter
698 2508 762 2541 pro
776 2521 785 2538 ,
803 2508 897 2531 con-

221 2547 341 2590 sequi,
369 2547 521 2592 accipere
536 2561 544 2588 ;
563 2549 683 2582 confer
695 2574 705 2591 ,
728 2549 764 2583 II
779 2574 789 2591 ‚
813 2561 895 2594 729;

220 2598 297 2633 Art.
310 2599 428 2633 Amat.
442 2599 477 2633 II
490 2625 499 2642 ‚
514 2601 590 2642 441,
605 2601 698 2644 Ignis
710 2603 898 2634 exstinctas

218 2653 352 2685 admoto
367 2652 494 2695 sulfure
499 2655 660 2696 flammas
676 2655 814 2687 Invenit.
835 2653 897 2687 Si—

217 2704 345 2739 militer
375 2707 518 2738 invenire
545 2709 675 2739 veniam
690 2732 697 2745 ‚
733 2708 876 2748 gloriam
885 2731 894 2746 ,

215 2769 312 2801 opes:
329 2756 397 2791 vid.
419 2756 575 2791 Graevius
592 2757 635 2790 ad
652 2757 781 2791 sustin.
798 2757 869 2791 XII
883 2782 892 2800 ,

968 940 1052 972 vm,
1067 928 1287 969 xsstmotibus,
1303 927 1565 972 rotatione,qua
1576 940 1646 963 sus-

966 981 1163 1015 citabantur
1171 980 1251 1014 sacis
1262 980 1358 1026 ignes
1369 993 1377 1014 :
1388 979 1466 1013 vide
1476 980 1530 1015 IV
1542 1005 1552 1023 ,
1570 981 1644 1015 508.

967 1034 1112 1066 Lumina
1128 1030 1311 1075 motasace
1326 1030 1473 1066 Heroid.
1486 1031 1522 1066 Π
1532 1057 1541 1075 ,
1562 1043 1645 1073 1203

956 1085 1115 1128 jactatas
1130 1090 1220 1118 mola
1225 1083 1313 1127 face
1333 1096 1478 1118 crescere
1482 1085 1646 1128 flammas'

966 1136 1090 1170 Amor.
1108 1137 1146 1179 Ι,
1165 1147 1214 1179 11,
1239 1149 1287 1170 11.

1009 1192 1040 1226 8.
1064 1192 1188 1224 Exitus
1207 1192 1359 1233 auspicio
1379 1192 1521 1233 gravior.
1545 1188 1642 1224 Finis

965 1242 1118 1288 conjugii
1137 1242 1267 1276 tristior
1297 1242 1404 1276 etiam
1425 1241 1535 1275 initio.
1560 1242 1643 1276 Ini-

964 1294 1053 1328 tium
1071 1293 1155 1329 dixit
1167 1297 1350 1338 auspicium
1365 1294 1455 1328 sorte
1471 1305 1552 1327 cum
1570 1306 1645 1328 res-

964 1354 1068 1392 pectu
1090 1347 1133 1381 ad
1153 1346 1242 1381 mala
1259 1346 1378 1380 omina
1395 1359 1403 1381 z
1419 1349 1551 1390 gravis,
1578 1346 1643 1381 in-

965 1399 1053 1433 felix.
1069 1417 1114 1425 —-·
1131 1401 1244 1443 Nupta
1266 1398 1417 1444 Agriope
1438 1405 1581 1433 vocatur
1600 1399 1643 1433 ab

967 1450 1227 1485 Hermesianac.
1242 1470 1286 1477 —
1301 1452 1460 1494 Vagatur.
1475 1449 1644 1495 Fugiebat

966 1502 1153 1537 Aristaeum
1174 1504 1210 1537 in
1228 1504 1301 1549 ripa
1324 1503 1499 1545 fluminis;
1523 1503 1644 1548 Virgil.

965 1561 1001 1589 et
1016 1555 1111 1602 Hyg.
1129 1555 1161 1589 d.
1179 1555 1198 1589 Ι.
1221 1555 1293 1590 Sed
1309 1556 1438 1591 Noster
1454 1555 1536 1590 alios
1553 1568 1643 1590 auc-

965 1614 1057 1642 tores
1073 1615 1210 1642 secutus
1225 1607 1373 1642 videtur.
1390 1607 1466 1652 Ipsa
1486 1614 1561 1641 erat
1573 1619 1644 1641 una

964 1662 1150 1701 Naiadum,
1171 1666 1230 1693 aut
1246 1658 1439 1693 secundum
1457 1658 1643 1703 Virgilium

965 1712 1268 1758 Dryadum—Pro
1286 1713 1455 1745 Naiadum
1471 1710 1644 1745 secundus

967 1764 1144 1799 Palatinus
1153 1789 1162 1806 ,
1184 1764 1271 1798 alter
1281 1763 1503 1798 Twisdenius
1515 1769 1550 1797 et
1560 1762 1644 1796 alius

964 1815 1096 1851 habent
1113 1817 1385 1850 ,Ma-ualidum—
1392 1814 1492 1859 Regii
1509 1813 1620 1848 nostri
1633 1840 1643 1858 ,

964 1871 1145 1904 Naiadum.
1162 1887 1206 1895 -—
1220 1870 1359 1902 Decidit
1382 1881 1401 1901 e
1424 1868 1644 1902 Francosur-

965 1922 1054 1956 tensi
1072 1929 1106 1956 et
1119 1922 1250 1956 Strozae
1266 1921 1382 1956 codice
1399 1921 1527 1966 recepit
1542 1920 1643 1955 Bur-

965 1987 1116 2008 mannus
1132 1986 1195 2018 pro
1211 1972 1343 2018 vulgari
1358 1973 1643 2007 accida-Dect·-

963 2029 1032 2065 dit,
1053 2025 1180 2060 scilicet
1196 2024 1239 2058 ad
1255 2024 1385 2059 inferos
1399 2049 1408 2066 ,
1424 2029 1564 2057 mortua
1580 2029 1642 2057 est.

965 2077 1133 2111 Horatius
1149 2103 1158 2119 ,
1179 2077 1233 2111 IV
1246 2103 1255 2120 ,
1280 2076 1350 2111 Od.
1367 2088 1442 2119 vu,
1469 2078 1507 2119 ¹4
1520 2102 1529 2119 ,
1549 2077 1639 2117 Nos,

962 2133 1023 2163 ubi
1034 2131 1216 2163 decidt'mus
1228 2155 1236 2169 ‚
1259 2130 1333 2171 Quo
1343 2130 1424 2172 pius
1438 2129 1564 2162 AEneas
1576 2134 1640 2162 etc.

964 2180 1022 2215 Sic
1039 2181 1143 2214 etiam
1164 2180 1202 2214 in
1223 2179 1392 2224 lapidibus
1412 2179 1478 2214 hoc
1495 2179 1640 2213 verbum

963 2234 1133 2268 occurrit:
1149 2233 1226 2267 vide
1242 2234 1438 2268 Burmann.
1456 2232 1640 2279 Hyginus,

962 2286 1028 2319 sab.
1045 2287 1084 2329 14
1097 2312 1105 2329 ,
1115 2287 1422 2329 deciditpercussus
1429 2284 1470 2319 ab
1479 2295 1572 2329 apr0.
1583 2283 1641 2317 Sic

961 2339 1104 2382 dejicere
1121 2351 1185 2383 pro
1202 2337 1401 2372 interficere
1418 2335 1508 2381 apud
1526 2335 1642 2369 Clau-

963 2389 1126 2432 dianum,
1144 2390 1246 2435 Rapt.
1260 2390 1357 2424 Pros.
1371 2388 1427 2430 Il,
1440 2387 1503 2434 39:
1521 2393 1641 2420 tamen

963 2443 1155 2477 Mitscherl.
1172 2443 1238 2477 hoc
1260 2442 1335 2476 loco
1351 2439 1523 2475 revocavit
1542 2443 1643 2473 occi-

961 2496 1065 2528 dite-
1075 2494 1174 2540 Regii
1190 2493 1300 2528 nostri
1316 2492 1446 2526 habent
1462 2494 1642 2525 decidit.—

961 2548 1125 2591 Serpentis·
1135 2549 1230 2580 dente
1243 2551 1370 2588 recepto
1380 2571 1388 2584 ‚
1406 2556 1538 2586 morsa,
1557 2543 1641 2577 vul—

961 2606 1083 2632 nerata
1100 2598 1205 2633 dente
1221 2597 1390 2642 serpentis
1406 2596 1443 2631 in
1462 2596 1570 2630 herba
1589 2595 1641 2629 la-

961 2652 1075 2686 tentis.
1098 2653 1233 2695 Recipit
1243 2650 1373 2693 serrum
1386 2676 1394 2690 ,
1422 2649 1482 2694 qui
1496 2661 1539 2682 eo
1554 2647 1638 2681 vul-

961 2710 1117 2746 neratur,
1128 2710 1186 2737 aut
1195 2701 1429 2737 transfoditur.
1446 2702 1560 2741 Talus,
1571 2712 1636 2745 pro

961 2756 1051 2791 calce
1069 2755 1207 2800 positus.
