1820 3106
309 211 397 267 304

669 214 721 257 Ρ.
766 212 1012 260 OVIDII
1048 215 1362 262 NASONIS

305 303 514 370 Bellaque
537 323 629 353 non
653 306 859 355 transfert
881 326 891 353 :
913 317 957 355 et
974 318 1100 365 sunt,
1126 309 1203 374 qui
1224 327 1400 375 parcere
1424 309 1570 376 Trojae

305 381 563 449 Neptunum
585 382 787 440 credant,
815 383 917 449 quia
938 384 1097 433 moenia
1117 385 1278 434 fecerat
1296 386 1411 434 urbi.

303 462 368 510 At
392 480 483 509 non
503 459 791 509 Thestorides
811 481 821 509 ε
840 480 919 511 nec
943 462 1057 510 enim
1080 463 1269 512 nescitve
1285 501 1296 521 ‚
1322 475 1483 512 tacetve

305 535 526 599 Sanguine
550 535 747 602 virgineo
770 536 1024 603 placandam
1049 538 1229 602 virginis
1253 539 1362 587 iram

302 612 412 660 Esse
435 612 537 659 Deae
556 631 566 659 :
590 623 823 679 postquam
846 613 1049 679 pietatem
1073 613 1249 680 publica
1271 634 1397 662 causa
1411 651 1424 672 ‚

287 691 486 757 rRexque
506 702 675 757 patrem
699 691 826 748 vicit,
850 704 1105 758 castumque
1129 692 1506 742 datura-cruorem
1643 731 1645 733 .
1671 707 1716 741 30

300 765 529 815 Flentibus
552 777 652 815 ante
675 785 791 815 aram
814 767 937 815 stetit
957 767 1187 834 Iphigenia
1209 767 1444 816 ministris:
1662 770 1667 773 ’

303 886 387 910 nem
402 875 525 910 volunt
543 874 724 910 Lueretius
737 900 746 918 ‚
770 875 788 909 Ι
801 901 811 917 ,
832 877 874 909 85
889 888 952 920 sqq
965 888 975 916 ;

306 928 431 963 Cicero
455 927 559 964 Offic.
582 928 661 971 ΙΙΙ,
688 930 729 962 25
744 941 753 970 ;
781 928 948 971 Virgilius
966 953 976 970 ,

303 981 386 1015 AEn.
399 980 436 1015 II
448 1006 458 1024 ,
475 980 552 1021 1163
568 979 735 1014 Horatius
746 1005 755 1022 ‚
775 980 810 1014 ΙΙ
825 1005 834 1022 ,
852 979 922 1014 Sat.
937 980 975 1020 33

300 1032 505 1079 Propertius
519 1059 529 1075 ‚
555 1033 610 1067 ΙΙΙ
624 1058 634 1076 ,
656 1043 699 1075 v,
720 1032 773 1075 64.
794 1031 840 1066 Et
862 1031 978 1066 solitos

300 1083 482 1120 interdum
490 1097 562 1119 esse
572 1083 712 1118 Graecos
720 1082 909 1117 sacrificare
919 1081 979 1115 ho-

302 1137 415 1172 mines
440 1134 592 1171 ostendit
618 1135 781 1170 Potterus
807 1132 976 1168 Archaeol.

303 1196 388 1224 tom.
400 1188 435 1231 1,
452 1201 484 1233 p.
495 1189 559 1222 520
570 1212 580 1230 ‚
591 1186 672 1221 edit.
685 1185 810 1221 Ramb.
825 1185 976 1220 Cervam

302 1254 375 1277 esse
391 1239 620 1287 suppositam,
638 1238 809 1283 virginem
826 1245 942 1273 autem
957 1251 977 1273 a

302 1293 419 1328 Diana
435 1292 471 1325 in
489 1291 624 1325 Tauros
634 1316 644 1334 ,
663 1290 813 1337 Scythiae
828 1290 952 1325 urbem
965 1316 975 1333 ,

301 1344 500 1380 translatam
513 1368 522 1385 ,
535 1349 576 1376 ut
588 1342 634 1376 ibi
645 1355 738 1377 sacra
749 1342 813 1377 sibi
827 1343 955 1377 faceret
964 1368 974 1386 ,

301 1401 479 1441 praeeunte
502 1393 670 1439 Euripide
692 1393 768 1438 Iph.
790 1393 869 1427 Aul.
887 1394 976 1428 etin

304 1448 410 1483 Taur.
420 1446 562 1481 tradunt
574 1446 720 1480 Pausan.
729 1445 840 1479 Boeot.
850 1458 882 1489 p.
899 1447 973 1489 748,

301 1500 360 1534 ubi
377 1505 412 1533 et
427 1498 500 1533 aliae
515 1496 716 1531 traditiones
731 1510 740 1538 ;
759 1496 892 1530 Anton.
907 1496 976 1529 Li-

301 1551 424 1587 beralis
435 1576 445 1593 ,
470 1561 542 1594 cap.
559 1562 599 1594 ²7
615 1562 623 1590 3
649 1548 811 1595 Hyginus
825 1574 833 1590 ,
850 1547 915 1582 fab.
932 1548 975 1594 98

302 1611 338 1638 et
354 1603 414 1637 261
433 1616 441 1644 ;
467 1600 608 1637 Servius
623 1598 666 1633 ad
680 1599 780 1644 Virg.
795 1597 828 1632 d.
843 1598 863 1632 l.
879 1597 975 1634 Nihil

299 1655 359 1691 hic
373 1652 694 1690 transformationis.

344 1708 396 1743 25.
411 1708 576 1750 Bellaque
588 1717 654 1739 non
668 1702 847 1746 lranfir13
863 1701 976 1736 Hein-

301 1760 387 1802 sius,
405 1757 520 1792 invitis
535 1756 695 1791 omnibus
707 1755 800 1789 libris
817 1753 877 1800 (et
893 1766 977 1788 nos—

302 1812 363 1847 tris
372 1809 533 1855 Regiis),
544 1808 694 1843 malebat
703 1810 858 1852 velaque;
871 1806 974 1851 idque

302 1870 420 1909 postea
432 1862 471 1896 in
483 1861 656 1896 Vossiano
667 1859 797 1905 reperit
805 1860 977 1893 Burman-

303 1928 369 1950 nus
380 1940 390 1958 ,
417 1921 453 1949 et
466 1913 596 1959 recepit
614 1911 860 1948 Mitscherlich.
875 1913 977 1945 Bella

302 1980 367 2002 non
380 1965 557 2010 transfirt;
574 1964 812 2010 belligerantes
831 1964 975 1999 transire

302 2030 374 2052 non
390 2017 530 2063 patitur.
547 2016 681 2051 Plinius
694 2043 703 2060 ‚
720 2029 800 2061 pan.
817 2015 911 2059 XII,
931 2016 952 2050 3
965 2041 974 2059 ,

303 2073 441 2105 duratus
459 2072 570 2113 glacie
586 2075 676 2113 tergo
698 2071 787 2102 bella
806 2075 978 2111 transpor-

303 2129 357 2157 tat
363 2133 375 2164 ,·
395 2121 519 2156 Cicero
534 2132 598 2165 pro
612 2120 689 2165 lege
704 2120 804 2154 Man.
824 2133 860 2154 12
874 2146 883 2164 ‚
899 2121 983 2153 belli

303 2178 442 2218 impetus
449 2175 633 2216 ηανιζςανίη
647 2171 782 2214 Florus,
794 2172 829 2206 II
839 2197 848 2214 ‚
857 2181 888 2204 11
899 2197 908 2214 ‚
924 2185 935 2204 ι
944 2185 975 2216 7,

305 2227 425 2259 bellum
440 2228 476 2258 in
490 2223 644 2268 Africam
658 2225 848 2266 navigabat.
863 2240 906 2248 —-
921 2222 976 2256 De

307 2278 469 2312 moem'bus
477 2273 639 2319 Troianis
647 2273 726 2308 vide
737 2274 810 2317 XI,
829 2286 891 2308 202
903 2286 975 2319 sqq.

349 2342 400 2373 27.
417 2329 489 2362 Nec
504 2330 590 2360 enim
608 2329 751 2360 nescitve
770 2332 834 2360 etc.
853 2326 977 2361 Dianae

302 2381 390 2414 iram
404 2379 597 2413 irritaverat
608 2378 864 2423 Agamemnon,
873 2378 978 2411 inter-

303 2433 393 2467 fecta
405 2445 506 2466 cerva
526 2432 588 2477 ipsi
604 2444 708 2466 sacra.
730 2431 842 2465 Aliter
858 2438 976 2465 tamen

309 2485 434 2520 Cicero
449 2484 554 2519 Offic.
570 2485 643 2527 111,
666 2487 707 2519 25
722 2496 731 2518 t
748 2498 765 2514 «
785 2484 976 2529 Agamem-

309 2553 325 2568 »
342 2550 415 2571 non
429 2550 537 2581 quum
549 2536 740 2571 devovisset
747 2536 979 2581 Dianae,quod

307 2604 325 2620 ν»
342 2590 378 2623 in
387 2601 450 2624 suo
457 2601 566 2634 regno
576 2589 847 2634 pulcherrimum
855 2596 979 2622 natum

308 2655 325 2670 »
344 2648 432 2675 esset
446 2640 504 2674 illo
517 2652 627 2684 anno,
639 2641 831 2674 immolavit
844 2639 980 2685 Iphige-

307 2705 326 2721 »
343 2691 438 2725 niam
462 2691 475 2735 (
490 2691 646 2737 adeoque
664 2692 718 2726 vix
736 2691 976 2735 anniculam),

1043 889 1061 906 »
1079 888 1145 920 qua
1159 874 1245 909 nihil
1257 882 1330 909 erat
1342 888 1383 909 eo
1397 874 1538 920 quidem
1549 887 1642 910 anno
1651 888 1717 910 na-

1044 937 1062 957 »
1078 935 1151 962 tum
1167 928 1352 973 pulchrius.
1372 929 1585 963 Promissum
1603 929 1717 975 potius

1044 995 1061 1011 »
1077 994 1150 1015 non
1161 980 1358 1015 faciendum
1369 1008 1378 1023 ,
1390 994 1493 1026 quam
1504 988 1575 1017 tam
1586 988 1717 1018 tetrum

1045 1045 1063 1061 »
1078 1030 1211 1066 facinus
1226 1030 1482 1066 admittendum
1497 1031 1572 1068 fuit.
1587 1047 1604 1063 »
1622 1032 1718 1067 Hinc

1044 1083 1149 1117 etiam
1176 1096 1194 1118 a
1218 1083 1507 1119 declamatoribus
1533 1085 1616 1119 olim
1643 1084 1718 1119 hoec

1041 1136 1155 1171 fabula
1163 1137 1301 1172 tractari
1310 1137 1716 1181 solebat.—Placaudam,·

1042 1189 1294 1224 Ambrosianus
1319 1192 1512 1233 pacandam
1525 1202 1538 1233 ‚-
1571 1197 1606 1225 et
1634 1202 1716 1224 mox

1044 1238 1207 1273 Cantabr.
1231 1243 1375 1274 numinis
1394 1244 1479 1275 iram
1502 1242 1591 1275 Esse
1610 1243 1715 1276 docet.

1041 1292 1191 1338 -Regii
1206 1293 1315 1328 nostri
1330 1293 1419 1328 bene
1431 1293 1559 1328 habent
1567 1296 1715 1338 placan-

1041 1345 1118 1377 dam
1131 1346 1269 1388 vl‘rgthtlr
1282 1347 1366 1378 iram
1378 1345 1580 1379 EssaDeoe..

1085 1409 1137 1443 29·
1153 1396 1299 1430 Publica
1315 1409 1420 1431 causa
1433 1422 1442 1438 ,
1466 1394 1690 1431 commodum
1702 1421 1712 1439 ,

1040 1445 1166 1480 utilitas
1177 1446 1288 1492 gentis
1300 1473 1309 1491 ‚
1326 1454 1366 1482 ut
1375 1459 1481 1481 causa
1491 1449 1630 1492 impen'i,
1645 1449 1713 1480 mi·-

1033 1499 1178 1540 publicoe
1193 1498 1283 1543 apud
1299 1498 1716 1543 Ciceronem.——Bexque

1033 1555 1162 1593 patrem
1179 1553 1281 1592 vt'c1'l‚·
1307 1549 1474 1585 Ciofanus
1487 1551 1604 1596 inepte
1622 1552 1715 1585 con-'—

1038 1601 1176 1646 jiciebat
1188 1603 1320 1647 Resque
1328 1607 1456 1647 patrem
1463 1613 1476 1645 ,·
1493 1613 1623 1636 novem
1637 1604 1715 1635 vin·-

1039 1656 1095 1687 cit.
1106 1672 1150 1678 —
1162 1654 1203 1688 In
1220 1653 1346 1689 nostris
1357 1653 1480 1699 Regiis
1495 1655 1632 1698 Bexque
1640 1665 1715 1697 pa-

1039 1712 1119 1739 trem
1135 1709 1226 1740 vicit.
1241 1724 1285 1732 -
1302 1707 1395 1747 Bet,
1422 1703 1578 1740 officium
1598 1705 1687 1750 regis
1702 1730 1713 1748 ,

1034 1764 1172 1801 patrem,
1191 1757 1349 1791 animum
1359 1763 1557 1802 paternum,
1570 1769 1632 1802 per
1643 1769 1714 1790 me-

1041 1809 1236 1855 tonymiam
1268 1808 1414 1854 subjecti
1445 1820 1509 1854 pro
1538 1807 1716 1853 adjuncto.

1041 1862 1132 1897 XIII
1141 1887 1150 1905 ,
1166 1863 1230 1909 ,¹87
1243 1888 1253 1904 ,
1270 1864 1307 1895 in
1321 1874 1395 1905 rege
1407 1867 1516 1895 tamen
1526 1865 1628 1904 pater
1639 1867 1714 1903 est,-

1041 1914 1203 1949 Valerius
1216 1914 1308 1948 Max.
1320 1913 1371 1957 V,
1383 1922 1454 1949 vlu
1463 1938 1474 1956 ,
1492 1925 1522 1955 1,
1535 1910 1579 1948 de
1587 1911 1713 1957 Bruto,

1039 1969 1133 2001 exuit
1148 1971 1277 2010 patrem
1291 1991 1299 2005 ‚
1331 1970 1371 1999 ut
1387 1965 1555 1999 consulem
1575 1969 1711 2008 agen-m·

1040 2029 1143 2062 supra
1166 2016 1218 2050 VI
1236 2042 1245 2059 ,
1270 2015 1336 2062 629
1355 2041 1364 2058 ,
1387 2027 1430 2050 ex
1454 2017 1560 2049 nimia
1579 2019 1714 2049 matrem

1033 2072 1160 2111 pietate
1174 2069 1288 2101 labate
1302 2069 1426 2107 sensit,
1440 2066 1500 2101 ubi
1513 2065 1583 2100 vid.
1598 2065 1716 2101 Hein-

1040 2120 1118 2155 sius.
1129 2121 1316 2155 Persuasus
1327 2119 1485 2165 precibus
1497 2117 1651 2165 Menelai
1663 2130 1714 2161 ar·

1040 2173 1172 2207 cessivit
1187 2171 1414 2217 Iphigeniam.
1672 2203 1675 2206 .

1084 2226 1138 2260 30.
1164 2226 1259 2259 Dare
1275 2251 1284 2265 ‚
1313 2223 1506 2259 effundere.
1524 2222 1715 2269 Sequentia

1040 2277 1274 2323 pulcherrime
1288 2278 1446 2312 tractavit
1458 2277 1637 2312 Lucretius
1647 2275 1680 2310 d.
1692 2275 1715 2311 l.

1041 2331 1100 2376 qui
1117 2330 1210 2365 locus
1226 2329 1351 2375 dignus
1366 2336 1436 2373 est,
1456 2329 1515 2374 qui
1529 2341 1609 2364 curn
1625 2340 1714 2362 nos-

1042 2389 1097 2416 tro
1111 2388 1355 2427 comparetur!
1372 2395 1389 2411 α
1408 2380 1476 2414 Cui
1490 2379 1715 2414 simul'insula

1043 2448 1061 2463 ι»
1081 2433 1252 2478 virgineos
1268 2431 1480 2467 circumdata
1495 2439 1653 2476 comptus
1663 2431 1716 2466 Ex

1043 2499 1061 2516 >²
1078 2492 1222 2530 utraque
1241 2484 1314 2529 pari
1328 2484 1498 2518 malarum
1514 2490 1610 2529 parte
1627 2495 1716 2528 pro-

1044 2551 1061 2567 »
1077 2536 1150 2571 fusa
1166 2543 1217 2571 est
1229 2562 1239 2579 ,
1259 2535 1305 2570 Et
1326 2542 1488 2570 moestum
1509 2535 1612 2570 simul
1633 2541 1714 2569 ante

1044 2601 1062 2617 »
1080 2601 1153 2622 aras
1169 2587 1300 2622 adstare
1318 2595 1499 2632 parentem
1515 2586 1654 2630 Sensit,
1679 2592 1714 2620 et

1044 2653 1061 2670 »
1079 2639 1173 2674 hunc
1191 2646 1333 2685 propter
1356 2638 1490 2674 ferrum
1512 2638 1622 2673 celare
1639 2636 1712 2672 mi-

1043 2706 1060 2724 »
1078 2693 1224 2736 nistros,
1247 2691 1491 2738 Adspectuque
1512 2703 1575 2726 suo
1595 2690 1712 2736 lacry-

1646 323 1776 364 ,ξδ’
