1820 3106
346 265 1043 316 METAMORPHOSEON
1082 266 1211 312 LIB.
1249 267 1341 311 XI.

1469 283 1556 328 299

135 368 239 416 Non
259 375 428 428 agreste
451 374 613 419 tamen,
642 379 724 409 nec
744 359 1089 428 inexpugnabile
1116 360 1271 408 Amori

135 446 297 495 Pectus
317 443 487 492 habens
501 479 513 499 ,
539 441 669 491 silvas
694 435 911 508 captatam
937 459 1050 507 saepe
1073 459 1154 508 per
1177 459 1329 490 omnes

135 523 339 591 Adspicit
358 520 603 588 Hesperien
625 521 767 588 patria
789 519 1039 570 Cebrenida
1059 521 1157 587 ripa
1171 558 1184 579 ,

135 603 325 668 Injectos
345 601 541 651 humeris
564 601 797 650 siccantem
823 598 916 649 sole
940 599 1138 667 capillos.

1493 622 1561 658 πθ

135 678 240 728 Visa
261 678 378 744 fugit
392 677 597 747 Nymphe
611 716 623 735 ,
647 677 782 727 veluti
805 676 1035 745 perterrita
1054 675 1227 725 fulvum

137 756 272 805 Cerva
292 753 472 822 lupum,
498 754 718 822 longeque
739 753 835 802 lacu
860 752 1074 820 deprensa
1095 752 1250 801 relicto

134 831 400 899 Accipitrem
422 831 608 881 fluvialis
630 850 737 882 anas
761 852 770 879 ε
795 850 925 898 quam
948 830 1112 878 Troius
1132 829 1267 878 heros

132 909 413 975 Insequitur,
436 908 707 976 celeremque
730 920 851 957 metu
873 906 987 957 celer
1005 918 1134 970 urget
1156 925 1315 955 amore.

132 989 246 1037 Ecce
269 987 411 1038 latens
433 988 572 1038 herba
596 988 777 1038 coluber
798 987 1011 1052 fugientis
1034 987 1208 1036 adunco

1485 998 1564 1062 ¹775

132 1065 277 1113 Dente
300 1065 459 1132 pedem
483 1066 687 1125 strinxit,
711 1066 920 1134 virusque
943 1065 991 1113 in
1013 1083 1201 1130 corpore
1222 1062 1367 1130 liquit.

135 1144 250 1192 Cum
267 1145 358 1192 vita
380 1163 617 1211 suppressa
637 1146 743 1207 fuga
762 1157 829 1192 est
847 1163 857 1192 :
877 1143 1159 1210 amplectitur
1181 1161 1332 1191 amens

133 1222 413 1282 Exanimem,
434 1223 681 1291 clamatque
696 1262 707 1282 ,
736 1247 759 1267 «
781 1223 935 1287 Piget,
960 1223 1080 1290 piget
1104 1241 1200 1271 esse
1221 1233 1448 1270 secutum:

139 1322 163 1343 »
190 1301 279 1350 Sed
300 1319 393 1349 non
414 1300 503 1350 hoc
527 1300 677 1359 timui3
703 1320 782 1350 nec
804 1313 896 1350 erat
914 1300 1024 1349 mihi
1048 1299 1222 1348 vincere
1244 1298 1369 1346 tanti.

138 1398 162 1420 >›
189 1376 473 1427 Perdidimus
491 1377 695 1427 miseram
718 1397 804 1426 nos
828 1389 870 1426 te
893 1377 983 1425 duo
1005 1396 1016 1425 ι
1042 1375 1203 1425 vulnus
1224 1375 1280 1424 ab
1304 1392 1475 1438 angue,
1503 1388 1577 1433 780<

139 1475 164 1497 2)
188 1454 229 1502 A
252 1473 323 1503 me
347 1473 483 1507 causa,
498 1455 597 1504 data
620 1465 716 1503 est:
739 1473 819 1517 ego
845 1455 925 1503 sim
951 1453 1204 1503 sceleratior
1230 1451 1310 1500 illo
1325 1489 1338 1511 ,

139 1552 164 1574 »ι
187 1529 247 1579 Ni
265 1528 350 1580 tibi
365 1542 508 1580 morte
529 1549 625 1580 mea
644 1531 801 1580 mortis
825 1531 983 1580 solatia
1005 1531 1191 1580 mittam.
1220 1552 1244 1573 »ι

136 1606 290 1666 Dixit;
315 1619 359 1657 et
380 1627 404 1658 e
427 1608 614 1677 scopulo
629 1647 641 1669 ,
666 1628 798 1677 quem
822 1628 953 1658 rauca
976 1608 1214 1657 subederat
1233 1605 1377 1664 unda,

136 1687 194 1737 Se
217 1687 342 1738 dedit
361 1689 408 1738 in
431 1701 622 1757 pontum
644 1690 842 1757 :Tethys
866 1690 1074 1739 miserata
1096 1688 1326 1738 cadentem

136 1765 340 1817 Molliter
360 1769 532 1836 excepit
545 1807 558 1828 ,
578 1779 845 1836 nantemque
867 1787 949 1835 per
971 1787 1147 1836 aequora
1167 1767 1327 1835 pennis
1504 1777 1570 1823 785

135 1905 187 1934 tes
201 1906 237 1935 et
249 1902 285 1934 in
299 1912 411 1936 arcem
429 1913 474 1936 ez·
486 1903 567 1936 urbe
581 1903 720 1944 removi,
744 1902 822 1936 Non

136 1954 230 1987 mala
244 1964 297 1987 me
309 1955 449 1988 ambitio
458 1955 579 1998 perdit.

183 2003 256 2050 767.
271 2004 431 2050 Agreste,
454 2005 586 2042 durum
600 2014 635 2042 et
652 2007 821 2042 invenus-

138 2057 418 2102 tum—captare
425 2058 590 2104 puellam,
602 2073 679 2095 eam
691 2059 820 2105 ubique

139 2122 297 2155 quoerere
307 2136 318 2154 ,
336 2122 481 2146 omnem
497 2124 643 2158 operam
658 2112 741 2148 dare
753 2139 763 2157 ,
782 2119 822 2148 ut

139 2174 218 2197 eam
228 2162 347 2198 videre
360 2189 371 2207 ,
385 2170 421 2199 et
434 2177 515 2199 cum
527 2179 568 2200 ea
578 2165 728 2211 colloqui
742 2178 819 2212 pos-

139 2215 201 2250 sis:
218 2214 298 2251 vide
314 2216 370 2252 Vl
384 2216 475 2252 Fast.
490 2217 556 2262 334
568 2220 820 2264 sqq—Hespe-

138 2271 220 2303 rien.
233 2267 292 2303 Sic
306 2267 430 2315 vulgo;
449 2269 623 2305 Planudes
638 2263 820 2322 [imfimo.—

138 2319 242 2366 Regii
257 2320 368 2355 nostri
381 2322 546 2366 Eperiem
564 2322 611 2357 ita
628 2330 663 2357 et
679 2323 820 2368 plurimi

139 2379 208 2407 vet.
224 2379 310 2408 teste
328 2372 487 2408 Heinsio.
503 2375 623 2410 Ed.—
634 2376 794 2410 Cebrenia
805 2403 813 2417 ,

140 2438 219 2471 pars
231 2425 396 2470 Trojanae
410 2432 512 2461 terrae
524 2452 534 2470 ,
553 2427 612 2462 ubi
622 2426 749 2462 fluvius
760 2430 822 2463 Ce-

139 2480 262 2512 brem's.
273 2477 480 2513 Secundum
492 2479 750 2525 Apollodorum
761 2480 822 2516 du—

142 2531 190 2566 xit
206 2531 402 2577 Asteropen
421 2539 501 2575 aut,
520 2540 559 2571 ut
571 2533 626 2568 alii
638 2533 819 2580 exhibent,

144 2584 316 2630 Steropen
326 2611 336 2627 ,
352 2584 524 2620 Cebrenis
539 2585 656 2620 filiam.

185 2648 258 2681 772.
271 2637 384 2671 Cerva.
399 2635 556 2682 Quidam
573 2638 823 2684 agnam—Regii

141 2686 252 2721 nostri
264 2699 372 2721 cerm.
384 2706 430 2714 —
441 2689 522 2724 Hoc
535 2697 628 2725 recte
644 2704 678 2725 se
697 2690 800 2725 habet
810 2715 820 2734 ,

141 2750 225 2773 nam
241 2745 277 2773 et
293 2742 396 2778 cervi.
417 2742 567 2784 luporum
578 2744 695 2785 praeda
716 2755 824 2787 rapa-

142 2793 229 2826 cium
241 2792 446 2838 Horat.lV,
461 2792 533 2829 Od.
549 2805 602 2839 xv,
617 2796 660 2830 50
674 2807 683 2839 ;
696 2795 732 2839 1,
752 2793 823 2830 Od.

887 1912 948 1945 XV,
965 1913 1008 1935 20
1019 1927 1029 1945 ,
1046 1900 1108 1936 ubi
1120 1899 1246 1935 eadem
1259 1896 1461 1934 similitudo.
1482 1898 1571 1932 celc-

886 1967 1016 1999 remque
1029 1959 1094 1988 etc.
1110 1953 1124 1988 Ι
1138 1979 1146 1996 ,
1162 1952 1227 2000 539
1236 1965 1286 1997 sq.
1304 1949 1497 1997 Sequentia
1509 1949 1573 1984 ali—

887 2015 941 2044 ter
957 2008 1062 2043 habet
1079 2006 1314 2054 Apollodorus
1333 2019 1341 2041 :
1358 2004 1455 2040 duxit
1471 2003 1567 2039 enim

887 2073 966 2095 eam
982 2073 1126 2096 uxorem
1141 2086 1151 2104 ,
1175 2066 1210 2095 et
1233 2065 1344 2095 πενθῶν
1366 2059 1570 2094 &nemmem

888 2116 1081 2163 ἀπωρνεώθη,
1093 2114 1217 2160 lugens
1227 2119 1406 2149 mortuam
1418 2111 1454 2146 in
1468 2123 1569 2146 avem

883 2174 1039 2203 mutatus
1048 2167 1337 2202 ese—Strinxit...
1345 2166 1452 2210 hbuit.
1464 2162 1571 2198 Multi

883 2225 1020 2266 stringit
1030 2227 1066 2255 et
1079 2223 1219 2265 lu'nquil,
1234 2218 1329 2265 quod
1341 2219 1570 2254 Burmannus

884 2273 1031 2309 librariis
1040 2273 1202 2318 imputat,
1213 2271 1272 2317 qui
1284 2270 1467 2318 rythmum
1478 2280 1570 2304 ama-

884 2324 1138 2361 rint—Codex
1155 2324 1287 2370 Regius
1304 2324 1336 2358 A
1353 2322 1446 2358 solus
1463 2324 1549 2356 stria
1560 2340 1571 2345 -

883 2383 949 2424 git.
959 2405 982 2413 ..
991 2378 1361 2423 l1'nqu1't.—S¹1ppressa
1366 2375 1467 2419 suga.
1484 2373 1567 2407 Me·-

886 2430 1003 2466 diceus
1019 2430 1284 2475 suspensa-ln
1305 2427 1432 2462 nostris
1454 2424 1571 2471 Regiis

886 2495 1076 2527 suppressa.

932 2534 1004 2579 781.
1016 2533 1106 2568 Vide
1118 2532 1159 2567 ad
1174 2531 1427 2577 702.—-]l!1‘tlcre
1434 2530 1569 2565 solatia,

885 2592 926 2620 ut
940 2589 1068 2620 miltere
1079 2585 1223 2629 inflerias
1234 2611 1242 2624 ,
1260 2595 1396 2617 munera
1405 2583 1540 2616 umbris.

933 2639 1005 2684 783.
1029 2639 1173 2677 Rauca,
1198 2648 1343 2671 raucum
1362 2647 1489 2670 sonum
1511 2633 1570 2668 sa-

886 2690 982 2726 ciens
995 2717 1004 2734 ‚
1022 2697 1061 2724 ut
1076 2702 1213 2724 raucum
1229 2701 1285 2723 oes.
1303 2706 1347 2713 —
1362 2689 1406 2722 Se
1422 2689 1515 2722 dedit
1534 2690 1570 2720 1'11

883 2751 1032 2788 pontum.
1042 2743 1159 2789 Vulgo
1173 2744 1228 2787 (et
1241 2742 1278 2777 in
1289 2742 1415 2777 nostris
1428 2740 1544 2787 Regiis
1558 2741 1570 2782 )

888 2792 1014 2831 decidit
1026 2799 1062 2831 in
1072 2803 1234 2840 pontum,·
1260 2794 1361 2830 multi
1378 2796 1493 2831 desilit
1509 2807 1517 2828 :
1534 2806 1570 2827 se*
