1820 3106
345 228 1044 276 METAMORPHOSEON
1075 231 1213 276 LIB.
1250 233 1396 278 XIV.

1499 234 1588 290 463

165 324 354 374 Lumina
372 323 576 373 viderunt
596 321 776 388 inopem
799 323 1033 390 somnique
1056 322 1233 390 cibique
1249 361 1260 382 ‚

168 401 255 451 Per
267 401 375 468 juga
390 437 403 460 ,
423 419 504 468 per
526 397 686 457 valles,
711 419 799 467 qua
818 399 912 449 fors
937 400 1150 460 ducebat,
1175 413 1364 451 euntem.
1523 416 1590 463 [με

168 479 367 533 Ultimus
383 478 584 546 adspexit
601 478 761 528 fessam
783 477 996 547 luctuque
1019 480 1174 548 viaque

166 558 384 627 Thybris,
409 569 455 607 et
471 558 518 606 in
540 557 685 622 gelida
707 571 950 626 ponentem
970 578 1157 627 corpora
1178 561 1289 628 ripa.

166 634 264 698 Illic
286 652 385 683 cum
408 633 612 701 lacrymis
635 635 736 702 ipso
764 635 992 684 modulata
1009 635 1162 685 dolore

135 766 138 770 ⁴
166 711 312 760 Verba
327 750 340 771 ‚
366 730 476 761 sono
497 712 622 762 tenui
644 731 859 772 moerens,
884 713 1127 772 fundebat3
1152 726 1204 762 ut
1229 714 1336 763 olim

168 788 374 839 Carmina
393 790 483 856 jam
505 791 697 839 moriens
721 791 839 840 canit
859 791 1124 858 exsequialia
1145 811 1320 860 cycnus.

164 866 383 916 Luctibus
407 879 650 924 extremum
674 880 828 917 tenues
852 868 1086 936 liquefacta
1110 869 1324 919 medullas

165 944 358 1004 Tabuit;
382 945 518 1013 inque
541 945 660 995 leves
683 946 896 1014 paulatim
919 949 1094 997 evanuit
1116 967 1256 998 auras.

166 1026 302 1074 Fama
326 1037 474 1075 tamen
497 1026 668 1090 signata
690 1026 793 1078 loco
820 1038 913 1086 est;
937 1046 1066 1094 quem
1087 1028 1172 1077 rite
1195 1029 1438 1078 Canentem

166 1103 360 1152 Nomine
381 1102 436 1152 de
457 1103 679 1171 Nymphae
700 1116 867 1154 veteres
892 1104 1040 1154 dixere
1066 1105 1276 1154 Camenae.

167 1178 292 1229 Talia
313 1179 453 1230 multa
474 1180 585 1230 mihi
607 1180 793 1246 longum
815 1194 988 1231 narrata
1012 1202 1092 1250 per
1108 1201 1270 1232 annum
1285 1222 1296 1241 ,

1534 1199 1597 1243 435

167 1258 363 1326 Visaque
387 1270 494 1308 sunt
515 1279 526 1308 :
549 1257 736 1318 resides,
762 1272 806 1309 et
830 1260 1118 1310 desuetudine
1140 1262 1256 1310 tardi

167 1335 345 1384 Rursus
366 1335 478 1384 inire
501 1335 687 1394 fretum,
712 1355 869 1387 rursus
893 1338 995 1387 dare
1018 1338 1112 1386 vela
1134 1339 1362 1404 jubemur:

166 1411 487 1479 Ancipitesque
507 1412 621 1471 vias,
650 1424 695 1461 et
716 1413 799 1462 iter
819 1414 996 1464 Titania
1019 1426 1193 1463 vastum

169 1488 379 1548 Dixerat,
404 1502 449 1539 et
469 1490 571 1539 saevi
592 1502 756 1539 restare
777 1491 974 1557 pericula
996 1492 1141 1559 ponti.

173 1567 413 1626 Pertimui‚
441 1567 607 1626 fateor,
630 1580 872 1637 nactusque
890 1569 975 1618 hoc
999 1569 1105 1619 litus
1124 1569 1299 1618 adhaesi.
1323 1593 1345 1613 »

1535 1584 1600 1629 440

232 1651 314 1700 IV.
336 1649 531 1700 Finierat
555 1651 815 1710 Macareus;
838 1671 1037 1719 urnaque
1062 1652 1220 1701 AEneia
1241 1652 1394 1700 nutrix

208 1768 284 1814 ⁴28.
298 1769 379 1813 Ipso
394 1769 568 1804 modulata
587 1771 712 1805 dolore.
735 1770 778 1805 In
795 1770 848 1806 his

166 1820 280 1857 verbis
292 1833 367 1855 non
377 1827 453 1856 erat
463 1834 527 1856 cur
536 1821 712 1857 haererent
723 1822 848 1858 Heius.

167 1882 203 1910 et
218 1875 415 1910 Burmann.
436 1874 555 1910 Cantu
579 1874 750 1911 excellens
763 1889 850 1911 uxor

167 1938 262 1962 nunc
273 1938 410 1972 quoque
422 1929 626 1962 modulatam
637 1927 762 1963 edebat
769 1941 851 1974 que—

169 1978 278 2014 relam
296 1993 304 2021 ;
331 1979 432 2015 dolor
463 1980 560 2015 enim
588 1980 692 2015 dabat
716 1981 849 2016 modos.

170 2031 338 2067 Heinsius
364 2032 504 2078 conjicit
527 2035 658 2077 spissos
678 2035 851 2068 modulata

170 2087 300 2120 dolores
310 2096 324 2128 ,·
340 2085 461 2121 Burm.
472 2089 548 2131 ipso
559 2087 751 2120 modulante
760 2088 850 2120 dolo-

169 2138 345 2173 re.——Sono
352 2141 448 2173 tenui
453 2151 598 2173 marens.
615 2137 746 2173 Moreti
760 2151 806 2172 un
812 2151 852 2173 us

171 2193 269 2226 modo
284 2194 374 2227 tenui
387 2203 534 2226 metens.
551 2208 595 2217 -
610 2191 850 2236 Ezsequialt'a,

171 2242 335 2278 funebria
347 2268 357 2286 ,
375 2255 507 2278 novum
519 2242 672 2277 vocabul.
687 2259 732 2268 —
744 2244 832 2278 Olim
841 2269 850 2283 ‚

172 2292 247 2329 fere
265 2319 275 2337 ‚
294 2293 330 2328 in
346 2291 629 2328 similitudinibus
642 2293 794 2338 ponitur.
809 2312 853 2320 —

173 2343 230 2380 De
245 2351 350 2380 cantu
361 2357 537 2391 cycnorum
547 2343 626 2378 vide
638 2344 683 2379 ad
694 2345 730 2379 ll
744 2371 753 2388 ,
777 2346 851 2380 253.

218 2396 293 2440 431.
309 2396 471 2431 Luctibus
486 2402 676 2430 extremum.
694 2395 851 2430 Floren-

174 2447 268 2483 tium
283 2455 318 2483 et
333 2447 405 2483 duo
423 2446 479 2482 alii
495 2447 658 2482 Luctibus
672 2452 853 2490 extremis,-

176 2499 341 2536 Heinsius
351 2500 449 2536 malit
460 2503 607 2536 Fletibus
616 2504 770 2537 extremis
785 2515 795 2536 .·
806 2503 854 2537 sic

176 2552 250 2587 Vll
262 2578 272 2596 ,
290 2554 355 2588 380
366 2555 499 2599 ‚flendo
516 2555 657 2588 delicuit
670 2564 682 2594 ‚·
704 2555 751 2597 V,
766 2555 826 2600 4²7
841 2580 851 2598 ,

173 2607 332 2652 lacrymis
341 2608 587 2641 absumitars-
602 2607 742 2645 Tenues,
763 2606 856 2642 mol-

175 2655 234 2692 les.
252 2656 400 2692 Plurimi
412 2658 509 2693 MSS
520 2665 670 2696 teneras.
690 2664 728 2692 ut
743 2665 778 2693 et
794 2657 855 2693 ali-

175 2708 221 2743 bi.
233 2727 277 2735 --
287 2709 328 2743 In
339 2722 441 2743 auras
448 2714 584 2744 evanuit
594 2736 602 2748 ,
626 2709 662 2744 in
682 2721 781 2744 auras
797 2723 856 2745 re-

177 2759 287 2796 solnta
304 2761 456 2797 evanuit.
467 2779 510 2788 -—·-
522 2762 629 2796 I'bma
638 2764 772 2806 signata
781 2767 853 2803 est,

913 1777 1047 1804 servata
1062 1776 1134 1810 est,
1151 1768 1260 1805 haesit.
1275 1770 1416 1805 Nomen
1430 1768 1601 1807 Canentis

915 1821 991 1857 loco
1008 1822 1163 1858 inditum
1180 1823 1269 1869 signi
1290 1822 1400 1858 instar
1420 1823 1511 1868 fuit,
1531 1836 1601 1869 quo

913 1882 1048 1909 servata
1065 1882 1116 1910 est
1140 1874 1191 1910 rei
1217 1875 1264 1909 ibi
1288 1883 1391 1921 gestae
1413 1877 1596 1911 memoria.

916 1927 1085 1963 Similiter
1100 1927 1175 1962 fere
1193 1927 1316 1974 Virgit.
1337 1927 1368 1960 V
1371 1929 1408 1964 11
1420 1955 1430 1973 ,
1454 1930 1475 1964 3
1490 1956 1499 1973 ,
1519 1942 1600 1964 ossa

915 1995 1031 2016 nomen
1053 1985 1198 2026 signant.
1223 1999 1267 2008 -—-
1290 1983 1419 2017 Dixere
1438 1985 1599 2018 Camenoe.

916 2034 1034 2080 Vulgo
1045 2034 1096 2078 (et
1107 2034 1143 2068 in
1155 2034 1274 2080 Regiis
1283 2034 1472 2080 codicibus)
1488 2039 1601 2070 dixere

915 2089 1034 2122 coloni.
1054 2087 1084 2121 A
1107 2088 1262 2121 Camenis
1276 2086 1467 2133 antiquitus
1484 2087 1539 2123 illa
1550 2088 1601 2123 lo-

915 2151 953 2173 ca
972 2138 1122 2173 habitata
1138 2152 1148 2180 ;
1167 2139 1237 2173 XV
1249 2165 1258 2183 ,
1278 2140 1353 2182 482.
1380 2139 1492 2174 Erant
1510 2153 1598 2175 mu-

915 2188 1017 2225 lieres
1030 2190 1254 2226 vaticinantes
1267 2217 1276 2234 ‚
1288 2190 1380 2226 forte
1395 2199 1430 2226 et
1440 2192 1601 2227 vaticinia

917 2255 978 2276 sua
988 2243 1142 2278 versibus
1152 2243 1342 2288 composita
1353 2244 1510 2286 edentes;
1523 2252 1600 2290 post

917 2308 998 2330 cum
1025 2295 1137 2330 Musis
1154 2296 1309 2331 confusa:
1334 2308 1342 2330 ε
1362 2296 1440 2331 vide
1465 2295 1600 2344 Heynii

919 2347 1000 2382 Exc.
1020 2348 1053 2381 V
1066 2374 1076 2391 ,
1095 2347 1136 2382 ad
1156 2347 1297 2382 AEneid.
1316 2349 1399 2383 vll.

962 2402 1036 2444 435.
1055 2402 1156 2435 Talia
1171 2403 1278 2434 multa
1295 2402 1381 2434 mihi
1392 2407 1456 2435 etc.
1476 2400 1600 2435 Hein-

918 2453 986 2487 sius
996 2451 1140 2495 metuit,
1154 2465 1198 2487 ne
1215 2452 1287 2487 haec
1301 2451 1508 2498 interpolata
1517 2453 1600 2487 sint.

964 2506 1037 2548 440.
1054 2506 1246 2549 Nactusque
1257 2507 1320 2539 hoc
1332 2507 1422 2539 litus.
1434 2503 1576 2551 Ulysses
1586 2531 1597 2549 ‚

919 2554 1039 2589 relicto
1055 2556 1297 2600 promontorio
1316 2554 1451 2590 Circaeo
1462 2582 1471 2599 ,
1488 2568 1598 2601 quum

920 2620 1018 2642 oram
1038 2606 1144 2642 ltaliae
1160 2607 1277 2652 legens
1293 2606 1425 2642 fretum
1439 2607 1598 2645 Siculum

919 2666 1071 2704 peteret,
1086 2658 1247 2694 Caietam
1256 2659 1435 2705 praeteriit,
1449 2661 1506 2695 ubi
1518 2660 1599 2695 Ma-

920 2724 1039 2746 careus
1056 2711 1192 2747 mansit.

965 2765 1093 2807 441-51
1104 2776 1129 2797 ι.
1146 2765 1326 2799 Diomedes
1343 2764 1484 2800 Venulo
1501 2766 1599 2800 auxi-
