1820 3106
359 200 362 202 -
397 155 1092 222 METAMORPHOSEON
1127 177 1257 220 LIB.
1297 178 1357 221 x.

1511 180 1596 221 215

165 271 285 320 Hinc
308 270 391 320 tria
413 269 529 334 forte
549 287 647 317 mea
669 267 848 317 veniens
873 268 1081 336 decerpta
1100 268 1295 318 ferebam

154 350 316 398 'Aurea
335 365 467 414 poma
489 363 651 402 manu3
674 344 877 412 nullique
897 346 1109 405 videnda,
1135 347 1222 397 nisi
1245 347 1359 414 ipsi,

1533 364 1602 397 650

167 426 480 493 Hippomenen
507 423 624 481 adii3
650 423 872 491 docuique
889 462 901 483 ‚
927 425 1027 491 quis
1047 443 1155 477 usus
1178 425 1226 473 in
1250 424 1351 474 illis.

170 504 305 567 Signa
329 501 447 551 tubae
469 500 709 560 dederant,
735 522 873 569 quum
888 507 1070 553 vcarcere
1090 523 1264 572 pronus
1288 516 1476 571 uterque

169 580 364 640 Emicat,
386 592 431 630 et
453 599 669 631 summam
693 580 825 631 celeri
846 581 958 648 pede
977 581 1090 632 libat
1110 601 1300 632 arenam.

168 661 306 710 Posse
328 671 458 727 putes
484 658 585 708 illos
609 659 727 708 sicco
751 659 865 709 freta
886 659 1039 711 radere
1064 679 1198 727 passu
1213 698 1225 719 ‚

168 740 230 787 Et
255 737 416 802 segetis
438 756 554 787 canae
580 749 746 787 stantes
770 757 1028 805 percurrere
1053 738 1223 787 aristas.

1542 751 1611 787 655

166 815 398 882 Adjiciunt
416 816 589 866 animos
608 816 758 882 juveni
783 816 1039 884 clamorque
1054 855 1066 878 ‚
1091 816 1302 883 favorque
1317 853 1330 874 ‚

168 947 210 969 ex
223 934 318 970 Fast.
338 935 355 970 1
372 961 382 978 ‚
408 948 447 981 77
464 961 474 979 ,
491 936 646 970 Flamma
670 938 776 970 nitore
795 948 857 970 suo

167 990 360 1032 templorum
370 990 522 1022 verberat
534 1000 651 1022 aurum
659 1014 668 1029 ,
686 995 721 1022 et
732 994 857 1023 tremu-

168 1038 238 1074 lun't
255 1053 387 1074 summa
402 1042 535 1084 spargit
549 1043 585 1074 1⁵11
602 1042 673 1074 oede
682 1041 799 1084 jubar.
814 1058 859 1066 —

172 1091 275 1138 Regii
298 1092 409 1127 nostri
430 1099 574 1127 servant
594 1094 855 1136 crepitantibus,

174 1144 269 1190 quod
285 1145 461 1180 sincerum
474 1151 572 1190 puto.
585 1146 652 1180 Ed.

218 1197 294 1244 649.
310 1197 392 1232 Mea
406 1200 552 1232 veniens.
563 1197 668 1232 Unus
680 1196 859 1232 Leidensis

177 1261 253 1284 mea
259 1249 422 1294 juvemlw
448 1248 617 1284 Heinsius
636 1249 779 1295 conjicit
786 1250 859 1294 ju-

179 1304 273 1344 vene}
293 1299 523 1336 Constantius
536 1301 622 1336 Fan.
634 1309 669 1337 et
679 1302 862 1336 Burman-

179 1364 247 1387 nus
262 1365 332 1387 meo
341 1353 486 1398 juveni,
508 1359 547 1387 ut
567 1352 703 1388 Adonis
722 1353 860 1394 intellie

179 1411 303 1450 gatur3
327 1404 408 1440 satis
429 1404 556 1440 blande
583 1412 619 1440 et
643 1405 801 1440 comiter.
818 1424 862 1431 ·—

179 1457 282 1505 Regii
306 1459 419 1495 nostri
441 1463 601 1496 veniens:
625 1458 727 1494 lectio
743 1459 867 1503 juveni

178 1510 282 1556 paulo
291 1509 450 1546 subtilior
455 1509 605 1545 videtur.
615 1511 769 1544 Ed.-In
778 1512 861 1551 illis,

175 1563 317 1598 illorum
330 1590 340 1608 ,
360 1571 420 1599 aut
431 1589 442 1608 ‚
460 1563 536 1599 illis.
553 1563 611 1599 Sic
625 1563 678 1598 lX
692 1590 702 1607 ,
720 1564 786 1609 670
798 1590 808 1607 ,
826 1566 862 1597 in

173 1619 251 1658 illo,
272 1617 362 1653 illius
378 1632 387 1661 ;
405 1618 480 1653 Vll
495 1644 505 1662 ‚
530 1618 619 1660 682;
643 1618 734 1654 XIV
746 1643 756 1660 ,
786 1617 862 1652 268.

176 1669 295 1706 Etiam
314 1669 480 1718 Hyginus
495 1673 634 1705 edoctus
645 1697 654 1711 ,
688 1673 764 1715 quis
781 1682 863 1704 usus

175 1726 212 1758 in
228 1726 279 1758 eth·
293 1729 391 1758 esset.

221 1775 300 1810 652.
323 1775 430 1820 Signa
439 1777 527 1809 tubae
537 1777 708 1809 dederant.
726 1774 769 1808 In
781 1786 867 1819 seqq

179 1826 344 1874 expressit
367 1827 524 1862 nobilem
545 1826 747 1862 certaminis
766 1839 864 1861 nau-

180 1881 239 1917 tici
250 1880 522 1926 descriptionem
538 1880 630 1927 apud
642 1880 765 1926 Virgil.
780 1880 865 1915 AEn.

183 1936 239 1978 V,
264 1935 419 1980 1²4⁸qq·
442 1935 539 1968 Tubu
556 1934 696 1981 signum
717 1933 868 1969 dabatur

184 1993 220 2022 et
238 1986 276 2022 in
290 1986 416 2033 preliis
436 1993 472 2022 et
489 1987 526 2022 in
545 1986 806 2022 certaminibus.
823 2005 868 2013 —

184 2040 316 2074 Pronus
331 2038 469 2085 egregie
485 2039 597 2085 pingit
616 2039 733 2074 nisum
751 2045 787 2073 et
803 2037 869 2072 ha-

185 2092 299 2127 bitum
321 2104 446 2127 eorum
458 2119 467 2136 ,
487 2092 547 2140 qui
560 2119 570 2137 ,
589 2099 630 2127 ut
645 2093 716 2128 vim
736 2092 869 2128 addant

186 2145 350 2181 emicanti
361 2146 500 2191 corpori
511 2173 520 2190 ‚
538 2153 680 2181 extenso
693 2147 802 2181 altero
812 2159 869 2192 pe-

185 2198 229 2233 de
239 2198 472 2244 inclinataque
485 2197 529 2233 ad
544 2205 675 2234 terram
688 2199 868 2245 superiore

183 2250 340 2296 corporis
354 2257 452 2296 parte
466 2277 475 2293 ‚
497 2263 532 2285 se
549 2251 717 2286 emittunt
736 2251 774 2286 in
791 2258 869 2287 sta-

185 2301 295 2337 dium.
311 2301 384 2337 Sed
399 2301 435 2336 id
452 2302 581 2337 Noster
598 2302 703 2338 habet
715 2315 733 2337 a
749 2303 872 2348 Virgi-

184 2354 249 2398 lio,
263 2354 357 2390 dicto
371 2354 447 2395 loco
457 2381 466 2397 ,
478 2367 566 2390 vers.
582 2357 640 2401 ¹47
652 2381 662 2399 ,
672 2355 732 2390 ubi
741 2355 872 2402 aurigae

180 2410 286 2450 prom·
296 2410 332 2441 in
348 2409 486 2441 verbera
496 2408 645 2452 pendent
655 2434 663 2448 ,
690 2413 725 2441 et
741 2407 873 2454 Georg.

185 2460 241 2495 III
252 2486 262 2504 ,
281 2472 356 2506 107,
368 2458 472 2503 pm'm'
479 2462 566 2494 dant
577 2462 659 2494 lora.
672 2459 786 2505 Supra
799 2461 852 2495 lx
862 2486 872 2503 ,

188 2513 229 2556 44
243 2538 252 2556 ,
275 2511 370 2547 idem
386 2513 506 2547 vocab.
527 2511 570 2546 de
593 2511 814 2547 luctantibus.
830 2530 875 2537 —-

192 2564 332 2599 Can-en·
347 2576 412 2610 pro
429 2564 608 2599 usitatiore
620 2590 629 2607 ,
645 2564 850 2599 carceribus.

235 2615 309 2659 654.
327 2617 435 2651 Posse
443 2623 554 2660 putes.
580 2615 634 2650 Ita
650 2614 877 2650 celerrimum

194 2680 335 2702 cursum
350 2680 525 2713 equorum
539 2667 795 2712 hominumque
813 2667 878 2702 ‹le-

195 2721 407 2767 scripserunt
422 2721 569 2758 Veteres
585 2748 593 2765 ‚
615 2721 763 2756 Homer.
785 2721 875 2764 ΙΙ.Υ,

924 936 989 970 225
997 948 1059 983 sqq
1073 949 1081 977 ;
1097 933 1259 981 Apollon.
1272 934 1302 978 I,
1319 944 1399 979 179;
1414 931 1513 978 Virg.
1527 931 1612 966 AEn·

924 986 998 1022 Vll
1013 1013 1022 1031 ,
1041 987 1108 1022 808
1122 999 1197 1032 sqq.
1216 986 1268 1021 Ea
1282 984 1506 1020 volubilitatis
1521 984 1610 1018 ratio

924 1038 1074 1074 offendit
1085 1038 1215 1073 multos
1228 1064 1237 1082 ,
1253 1037 1309 1071 vix
1321 1043 1441 1072 autem
1453 1035 1614 1070 oss'endet

925 1104 1005 1136 eos,
1031 1091 1157 1137 quibus
1178 1102 1322 1126 cursum
1348 1101 1524 1134 equorum
1544 1099 1614 1122 eo-

923 1159 1005 1182 rum
1013 1173 1023 1190 ,
1036 1158 1121 1191 quas
1130 1144 1253 1180 Batavi
1261 1145 1612 1184 Harttrabervocant,

925 1205 1081 1245 spectare
1102 1197 1258 1243 contigit.
1283 1197 1337 1231 Ita
1357 1195 1455 1230 enim
1474 1195 1521 1229 illi
1543 1207 1615 1228 vo—

925 1251 1019 1292 lant,
1033 1258 1074 1286 ut
1084 1257 1216 1285 terram
1229 1248 1368 1295 ungulis
1380 1250 1524 1294 tangere
1537 1260 1612 1281 non

925 1297 1123 1339 videantur.
1146 1303 1276 1338 Noster
1299 1300 1388 1336 adeo
1403 1327 1412 1343 ,
1439 1300 1491 1335 rei
1515 1300 1616 1335 mol—

924 1355 1051 1392 liendae
1075 1367 1177 1390 causa
1191 1378 1200 1398 ,
1227 1352 1324 1388 addit
1340 1379 1349 1398 ‚
1378 1355 1486 1389 Posse
1502 1359 1614 1397 putes.

926 1409 995 1444 Sed
1012 1407 1103 1455 apud
1124 1407 1309 1454 Hyginum
1334 1406 1400 1440 sab.
1419 1406 1462 1453 89
1476 1432 1485 1449 ,
1509 1405 1589 1451 equi
1606 1432 1615 1449 ,

926 1475 1013 1508 quos
1033 1462 1122 1496 Troi
1149 1460 1295 1496 dederat
1318 1459 1461 1505 Jupiter
1481 1485 1490 1503 ,
1519 1472 1620 1503 super

925 1527 1033 1559 aquas
1049 1521 1083 1549 et
1092 1516 1223 1550 rart'stas
1236 1514 1423 1547 ambulant.
1431 1514 1593 1547 —Passu
1602 1539 1610 1551 ,

926 1566 1026 1613 pede.
1038 1567 1174 1600 Radere
1184 1592 1192 1605 ‚
1212 1564 1284 1599 leni
1298 1563 1430 1609 pedum
1442 1570 1542 1598 motu
1556 1575 1620 1608 per

926 1618 1109 1654 intervalla
1135 1617 1259 1652 leviter
1291 1616 1463 1661 attingere
1499 1627 1507 1650 :
1538 1614 1618 1650 vide

928 1670 1107 1706 Walken.
1115 1669 1158 1705 ad
1169 1667 1379 1715 Euripidem
1390 1667 1515 1703 Phoen.
1528 1680 1616 1702 vers.

933 1725 1026 1771 ¹399·
1045 1721 1152 1768 Apud
1174 1721 1378 1757 Minucium
1399 1719 1472 1754 Fet.
1495 1720 1530 1755 ΙΙ
1546 1746 1555 1763 ,
1573 1720 1593 1754 3
1608 1743 1617 1760 ‚

929 1783 1017 1810 testa
1033 1775 1109 1818 illa,
1131 1787 1198 1819 qua
1211 1773 1310 1819 pueri
1325 1772 1472 1811 ludunt,
1492 1771 1620 1805 dicitur

931 1829 1074 1864 dorsum
1088 1827 1194 1861 maris
1204 1827 1328 1860 radere.
1338 1825 1452 1870 Supra
1461 1823 1527 1867 IV,
1541 1823 1583 1857 56
1591 1837 1602 1857 1
1610 1849 1619 1867 ,

930 1881 978 1915 sic
989 1887 1040 1914 est
1054 1877 1458 1922 destringere—Staures,
1478 1882 1621 1910 erectas.

932 1933 1120 1979 Propertio
1134 1958 1143 1976 ,
1162 1932 1215 1967 IV
1229 1957 1239 1975 ,
1257 1942 1294 1974 v,
1315 1944 1352 1965 12
1366 1957 1375 1974 ,
1392 1933 1523 1964 stantia
1538 1936 1622 1964 sunt

929 1993 1081 2033 segetes,
1102 1984 1259 2027 frutices,
1278 1984 1620 2018 arbores-Percur-

931 2052 1000 2073 rerc
1021 2041 1148 2072 aristas
1165 2064 1174 2078 ‚
1198 2049 1340 2071 currere
1363 2045 1469 2081 super
1492 2035 1622 2069 aristas.

935 2091 1100 2139 Virgilius
1117 2090 1150 2125 d.
1166 2090 1187 2125 l.
1200 2091 1270 2124 Illa
1283 2092 1344 2124 vel
1354 2092 1490 2124 t‘ntaclae
1500 2091 1622 2133 segetis·

927 2159 991 2191 per
1001 2152 1132 2180 summa
1143 2147 1273 2180 volaret
1288 2146 1473 2184 Gramina,
1496 2155 1558 2177 nec
1572 2147 1623 2177 te-

933 2212 1033 2234 neras
1049 2210 1149 2234 cursu
1164 2199 1307 2231 Ioesisset
1319 2199 1457 2231 aristas.

979 2251 1056 2286 656.
1070 2252 1181 2285 Fauor
1190 2249 1330 2295 proprie
1347 2249 1390 2283 de
1404 2247 1507 2282 variis
1523 2246 1625 2293 plau-

934 2317 991 2340 sus
1016 2302 1203 2349 generibus
1222 2329 1231 2347 ‚
1265 2301 1389 2347 quibus
1418 2301 1454 2334 in
1486 2299 1625 2334 theatro

935 2356 1123 2390 histriones
1140 2361 1174 2388 et
1190 2354 1226 2388 in
1239 2353 1351 2388 stadio
1369 2358 1542 2387 certantes
1559 2350 1623 2384 in·-

936 2408 1032 2443 citari
1047 2406 1215 2442 solebant.
1226 2406 1324 2450 Virg.
1336 2405 1444 2447 AE.V,
1462 2404 1536 2447 1483
1550 2403 1624 2437 Ho-

938 2475 1024 2496 mer.
1044 2460 1083 2495 ll.
1099 2465 1147 2500 Ψ,
1166 2459 1240 2504 766.
1255 2477 1301 2484 --
1315 2459 1415 2493 Nunc
1427 2484 1435 2498 ‚
1455 2468 1544 2491 nunc
1559 2462 1625 2490 etc.

940 2528 958 2549 e
969 2513 1130 2559 Virgilio,
1143 2525 1230 2554 vers.
1245 2513 1325 2559 189:
1337 2512 1502 2545 Hortatur
1509 2510 1628 2543 Mnes-

938 2569 1034 2601 theus
1050 2578 1059 2599 .·
1075 2577 1180 2605 nunc,
1204 2576 1293 2598 nunc
1309 2566 1469 2609 insurgite
1482 2565 1629 2596 remis...-

940 2630 1028 2652 nunc
1046 2619 1127 2651 illas
1137 2618 1282 2660 promite
1302 2619 1390 2650 vires
1401 2643 1410 2658 ‚
1433 2628 1523 2650 nunc
1544 2616 1630 2648 ani-

942 2681 1014 2702 mos
1023 2693 1075 2702 .....
1088 2669 1163 2702 Hoc
1185 2670 1319 2702 vincite.
1347 2686 1392 2694 —
1415 2668 1631 2707 lncumbere,

941 2719 1081 2755 incitari
1101 2719 1137 2754 in
1153 2731 1266 2754 cursu.
