1820 3106
352 274 1048 320 METAMORPHOSEON
1082 277 1211 321 LIB.
1246 279 1394 324 XIV.

158 370 264 418 Non
285 381 432 418 tamen
454 366 631 426 oblitae,
653 386 785 434 quam
808 368 949 417 multa
971 368 1166 436 pericula
1191 389 1304 419 saevo

107 509 109 512 Α
158 443 433 494 Pertulerint
447 442 604 510 pelago
619 481 631 502 ‚
655 444 828 510 jactatis
854 464 969 512 saepe
992 446 1151 495 carinis

159 525 443 591 Subposuere
467 542 647 581 manus,
672 524 761 573 nisi
783 525 822 573 si
847 544 933 592 qua
955 526 1143 575 vehebat
1163 526 1372 576 Achivos.

159 599 308 650 Cladis
326 600 471 650 adhuc
491 600 698 668 Phrygiae
720 620 960 660 memores,
988 603 1118 663 odere
1141 603 1379 668 Pelasgos;

156 677 425 744 Neritiaeque
447 678 555 727 ratis
577 678 786 726 viderunt
806 678 1021 742 fragmina
1045 678 1157 728 laetis

155 756 396 816 Vultibus,
420 768 465 805 et
485 755 594 805 laet'ae
617 755 765 805 videre
790 756 1005 820 rigescere
1029 759 1218 825 puppim

156 836 378 897 Cautibus
400 835 607 895 Alcinoi,
635 854 878 903 saxumque
899 836 1145 886 increscere
1171 837 1308 901 ligno.
1526 853 1591 888 565

222 916 325 963 VII.
352 915 466 982 Spes
489 927 584 964 erat
600 952 611 973 ‚
640 914 687 962 in
709 914 942 983 Nymphas
965 915 1158 964 animata
1180 916 1317 966 classe
1340 918 1531 968 marinas
1545 958 1559 979 ‚

154 991 292 1041 Posse
315 1004 438 1041 metu
462 991 652 1040 monstri
675 991 896 1041 Rutulum
916 991 1125 1041 desistere
1148 992 1283 1043 bello.

152 1070 352 1128 Perstat3
376 1069 602 1136 habetque
623 1070 745 1118 Deos
764 1089 868 1137 pars
890 1082 1077 1137 utraque
1091 1108 1102 1129 ,
1131 1071 1296 1138 quique
1310 1110 1322 1131 ,
1346 1074 1546 1122 Deorum

153 1149 325 1209 Instar,
347 1147 518 1197 habent
540 1148 711 1197 animos
734 1168 743 1196 ε
765 1168 846 1197 nec
864 1149 954 1215 jam
980 1148 1146 1198 dotalia
1166 1169 1302 1214 regna
1319 1190 1330 1211 ‚

152 1226 246 1274 Nec
270 1225 411 1274 soceri
433 1238 656 1293 sceptrum
675 1264 687 1284 ‚
709 1245 791 1275 nec
816 1237 857 1274 te
874 1264 886 1285 ,
912 1226 1099 1275 Lavinia
1123 1227 1248 1291 virgo
1263 1266 1275 1287 ,

1528 1243 1595 1290 570

155 1303 244 1353 Sed
265 1304 420 1353 vicisse
438 1316 625 1372 petunt;
653 1304 995 1372 deponendique
1018 1305 1189 1372 pudore

151 1381 279 1431 Bella
303 1371 465 1446 gerunt
488 1402 499 1430 ε
522 1383 787 1450 tandemque
809 1385 962 1432 Venus
983 1384 1179 1434 victricia
1203 1385 1298 1434 nati

151 1461 291 1509 Arma
313 1459 435 1526 videt
448 1480 459 1520 3
483 1461 753 1529 Turnusque
777 1462 894 1511 cadit
913 1482 924 1511 ε
947 1462 1067 1511 cadit
1088 1462 1235 1511 Ardea
1251 1501 1263 1521 ,
1290 1464 1446 1512 Turno

154 1538 360 1607 Sospite,
386 1539 502 1589 dicta
523 1551 685 1607 potens
703 1560 712 1588 :
736 1560 868 1608 quam
891 1553 1131 1609 postquam
1153 1541 1370 1591 barbarus
1392 1542 1508 1605 ignis

159 1674 162 1675 ν
195 1652 271 1688 563.
283 1654 432 1695 Neritia,
446 1653 545 1688 navis
557 1652 692 1702 Ulyssis
703 1667 723 1688 a
733 1653 840 1689 Neri-

151 1710 189 1738 ιο
200 1729 210 1748 ,
221 1712 345 1740 monte
359 1704 497 1741 Ithacae.
513 1706 594 1741 Hoc
603 1706 694 1741 bene
711 1719 839 1741 emen-

151 1757 247 1794 davit
263 1759 417 1806 Regius,
431 1773 543 1805 quum
560 1767 642 1795 ante
660 1759 839 1806 legeretur

148 1814 326 1860 Naryc1‘oe,·
339 1814 360 1848 i.
371 1827 403 1848 e.
415 1813 531 1858 Aiacis
543 1812 637 1849 Oilei
649 1814 746 1849 navis
755 1841 763 1857 ‚
777 1814 837 1860 qui

149 1864 220 1900 fuit
243 1865 424 1913 Narycius.
440 1884 485 1893 —-
499 1865 664 1913 Ulyssem
683 1866 836 1913 benigne

150 1917 284 1964 excepit
310 1919 479 1953 Alcinous
493 1945 503 1960 ,
530 1918 721 1954 Phaeacum
747 1933 808 1955 rex
825 1946 835 1964 ‚

151 1974 303 2016 cumque
314 1982 402 2005 nave
416 1983 477 2005 sua
489 1971 622 2016 portari
633 1971 732 2016 jussit
743 1971 839 2006 liha-

151 2035 229 2058 cam
244 2036 253 2064 ;
282 2023 465 2058 Homerus
479 2050 488 2067 ,
515 2023 587 2059 Od.
610 2030 634 2059 11
648 2050 657 2066 ,
678 2024 754 2059 328.
780 2023 837 2059 De

151 2075 227 2121 ejus
238 2075 435 2111 mutatione
448 2076 485 2111 in
497 2089 619 2112 saxum
630 2075 700 2111 od.
714 2084 759 2119 N,
775 2078 836 2111 155

151 2140 225 2174 sqq.
237 2128 431 2174 Procopius
442 2154 455 2172 r
468 2128 512 2164 de
523 2127 622 2164 Bello
632 2128 838 2164 Gothorum

153 2182 227 2217 IV:
241 2197 259 2212 κ
275 2182 411 2219 Navem
425 2195 468 2217 ex
477 2182 554 2217 alba
569 2190 667 2228 petra
680 2209 689 2227 ‚
708 2196 786 2229 quae
799 2184 835 2218 in

153 2249 172 2265 ἰ
190 2234 373 2270 Phaeacide
385 2234 528 2280 regione
540 2234 632 2280 apud
643 2248 741 2271 mare
753 2236 837 2271 visi-

152 2301 171 2318 »
190 2293 262 2331 tur,
274 2287 380 2333 aliqui
389 2299 468 2321 eam
476 2299 549 2322 esse
560 2294 757 2332 anui-mant,
767 2301 837 2334 qua

151 2352 171 2370 »
191 2338 338 2386 Ulysses
346 2338 503 2375 Ithacam
512 2338 584 2374 suit
592 2339 765 2375 advectus.
779 2355 797 2371 υ

195 2391 358 2427 566-580.
369 2393 496 2433 Ardea,
512 2391 596 2426 urbs
603 2391 834 2437 Rutulorum,

149 2441 340 2479 interfecto
350 2443 478 2478 Turno
489 2469 498 2487 ,
508 2442 673 2478 incendio
683 2443 834 2488 deletur,

154 2502 238 2531 etex
243 2496 417 2532 cineribus
426 2495 662 2531 oriturArdea
669 2497 836 2533 avis.--ln

153 2550 331 2595 IVymplms
343 2553 497 2584 animata
515 2549 668 2584 breviter
679 2548 812 2584 dictum
824 2577 834 2594 ,

155 2600 309 2636 animata
329 2608 366 2637 et
390 2614 488 2636 versa
510 2601 547 2636 in
571 2601 754 2649 Nymphas
765 2628 776 2646 ‚
796 2610 838 2638 ut

156 2654 224 2699 IV,
234 2654 301 2690 618
312 2680 322 2699 ,
338 2661 496 2699 exceptas
507 2658 621 2690 varios
629 2658 794 2690 animavi!
799 2659 836 2691 in

152 2708 441 2752 angues—Posse
459 2709 618 2742 desistere
632 2720 697 2754 pro
707 2734 717 2753 ‚
735 2707 812 2743 fore
823 2735 838 2753 r

154 2759 584 2797 utdesistat.—Monstrum
594 2788 603 2803 ,
620 2761 708 2796 mira
721 2768 838 2796 trans-

152 2811 318 2849 formatio
335 2839 344 2858 ,
369 2819 410 2849 ut
429 2826 519 2861 saepe
541 2813 634 2860 apud
653 2813 835 2851 Nostrum.

904 1656 999 1690 Deos
1010 1682 1019 1697 ‚
1038 1668 1119 1691 suos
1134 1655 1231 1691 Deos
1243 1682 1252 1700 ,
1271 1655 1306 1690 id
1321 1662 1372 1690 est
1388 1655 1451 1690 sibi
1470 1655 1592 1701 propi-

904 1707 1160 1754 tios—Quique
1175 1722 1216 1743 ex
1231 1709 1347 1754 primo
1363 1708 1514 1743 Strozzae
1527 1720 1591 1752 pro

904 1759 1040 1795 diversa
1050 1761 1204 1796 lectione
1214 1761 1313 1796 dedit
1323 1760 1491 1795 Heinsius
1501 1774 1509 1801 ;
1522 1761 1591 1795 Pa-

904 1813 1036 1848 latinus
1066 1821 1101 1849 et
1131 1827 1222 1849 unus
1257 1814 1417 1860 ejusdem
1450 1813 1590 1848 Heinsii

903 1868 1064 1911 quicqum
1082 1866 1207 1912 reliqui
1225 1867 1241 1913 (
1257 1874 1292 1902 et
1310 1867 1411 1913 Regii
1427 1866 1590 1909 codices)

902 1920 1062 1963 quodque.
1098 1921 1226 1964 Quique
1236 1946 1244 1953 .
1257 1945 1265 1953 .
1278 1946 1286 1953 .
1300 1922 1433 1954 animos
1446 1945 1456 1963 ,
1482 1918 1587 1954 duces

906 1969 1015 2005 fortes
1033 1977 1068 2005 et
1084 1984 1190 2006 acres.
1209 1971 1347 2006 Laudat
1360 1971 1528 2007 Heinsius
1544 1971 1588 2006 il-

900 2022 962 2057 lud
979 2023 1150 2058 Mezentii
1165 2050 1174 2068 ,
1192 2026 1325 2059 Dextra
1340 2026 1428 2059 mz'bi
1438 2026 1544 2060 Deus.

947 2076 1022 2119 571.
1046 2078 1178 2111 Wmse
1193 2090 1304 2123 graeco
1320 2088 1419 2113 more
1435 2090 1499 2123 pro
1511 2103 1520 2121 ,
1538 2078 1589 2112 vi-

901 2127 1320 2174 moriam—Deponas,
1337 2129 1466 2168 scilicet
1475 2142 1586 2174 arma,

901 2179 1044 2215 bellum.
1063 2181 1186 2216 Mores
1194 2181 1403 2217 bellatorum
1416 2182 1506 2217 bene
1519 2192 1588 2217 no-

902 2233 974 2268 tati.
991 2251 1036 2258 —
1048 2234 1153 2267 Bella
1164 2242 1292 2278 gerunt.
1320 2234 1478 2280 Quidam
1499 2237 1588 2270 bella

894 2292 1039 2331 petuam
1055 2286 1191 2323 Arond.
1209 2301 1273 2333 pro
1289 2288 1424 2323 diversa
1438 2287 1586 2323 lectione

900 2341 991 2373 bella
1006 2342 1123 2374 volunt
1133 2367 1141 2381 ,
1164 2340 1258 2386 quod
1278 2340 1410 2376 arridet
1426 2341 1587 2376 Heinsio.

900 2410 944 2417 —-
956 2391 1079 2427 Codex
1094 2393 1180 2438 Reg.
1194 2393 1226 2427 A
1241 2395 1330 2428 bella
1337 2400 1473 2437 getan&
1490 2393 1586 2428 idem

900 2443 938 2478 in
961 2443 1080 2478 codice
1098 2444 1128 2478 B
1143 2470 1153 2488 ‚
1178 2451 1214 2479 et
1234 2457 1299 2490 pro
1321 2445 1414 2479 varia
1436 2444 1587 2480 lectione

900 2497 990 2530 bella
994 2502 1168 2540 petunt.—-
1176 2498 1387 2542 Tandemque
1393 2503 1457 2532 etc.
1467 2496 1588 2531 Etiam

902 2548 1062 2583 Tibullus
1074 2574 1084 2591 ,
1101 2549 1159 2592 11,
1173 2560 1210 2591 v,
1227 2550 1287 2592 46,
1301 2548 1344 2583 de
1357 2548 1424 2584 hoc
1435 2550 1592 2584 Veneris

902 2601 1027 2635 auxilio
1036 2600 1163 2635 AEneae
1179 2600 1333 2645 praestito
1345 2627 1355 2645 ‚
1378 2602 1527 2636 Tandem
1542 2606 1593 2637 ad

906 2653 1074 2696 Trojanos
1091 2654 1169 2686 diua
1184 2654 1327 2697 superba
1342 2656 1487 2689 venit.—
1493 2655 1588 2688 Tur—

900 2718 965 2740 nus
974 2707 1070 2741 cadit
1079 2705 1284 2741 interfectus
1293 2706 1335 2741 ab
1344 2706 1459 2741 AEnea
1469 2706 1506 2741 in
1516 2719 1588 2741 cer·

902 2760 1035 2796 tamine
1045 2760 1210 2807 singulari
1223 2776 1231 2804 ;
1244 2761 1344 2808 Virg.
1354 2762 1429 2797 XII
1441 2787 1450 2805 ,
1461 2768 1547 2796 extr·

950 2815 1024 2861 574.
1041 2814 1084 2850 In
1100 2816 1263 2850 barbarus
1278 2817 1368 2860 ignis
1384 2814 1490 2859 (olim
1507 2812 1590 2848 ede*
