1820 3106
255 275 338 302 :412

627 263 678 306 P.
711 263 948 308 ov1D11
979 251 1285 311 NASONIS

251 378 274 399 »
303 356 488 406 Perdere
512 355 642 405 vult?
662 376 855 423 caraeque
874 359 1000 423 jubet
1020 359 1268 410 discrimine
1290 361 1388 409 vitae

252 457 274 477 »
305 433 574 499 Conjugium
595 445 742 500 petere
766 434 887 483 hoc?
910 454 1003 483 non
1028 455 1124 484 sum
1138 474 1150 495 ,
1172 456 1240 485 me
1259 437 1403 503 judice
1417 475 1428 495 ‚
1456 438 1590 496 tanti;

247 534 271 554 υ
297 514 389 561 Nec
408 511 547 560 forma
569 523 753 574 tangor:
774 523 971 577 poteram
993 524 1136 562 tamen
1158 514 1240 562 hac
1265 533 1442 581 quoque
1468 515 1600 579 tangi.

248 612 272 633 »
301 588 455 653 Quid?
472 588 594 655 quod
604 588 745 637 adhuc
757 608 868 656 puer
877 591 971 638 est?
985 610 1076 639 non
1089 611 1157 640 me
1171 604 1318 641 movet
1328 593 1437 659 ipse,
1452 593 1527 641 sed
1537 604 1650 642 aetas.

246 689 269 709 »
300 665 460 731 Quid?
482 666 605 732 quod
627 666 741 715 inest
760 667 899 716 virtus
913 705 925 726 ‚
949 680 993 716 et
1009 687 1131 717 mens
1154 669 1352 719 interrita
1373 669 1484 719 leti?

1588 684 1654 718 616

246 766 271 788 »
299 743 458 808 Quid?
481 743 603 810 quod
625 744 681 792 ab
704 762 905 809 aequorea
927 759 1182 795 numeratur
1203 747 1371 811 origine
1395 750 1609 814 quartus?

243 843 268 865 »
297 821 455 885 Quid?
481 819 603 887 quod
627 832 765 878 amat,
790 822 986 888 tantique
1010 836 1139 890 putat
1161 826 1382 874 connubia
1401 839 1573 892 nostra,

243 921 266 942 ι)
294 900 555 965 Πῐρετεαῐ,
581 897 618 946 si
637 916 705 946 me
727 897 820 946 fors
843 898 909 946 illi
931 900 1039 949 dura
1060 903 1265 964 negarit?

241 999 263 1019 »
292 977 413 1024 Dum
425 975 549 1033 lieet,
564 975 725 1042 hospes
741 1013 753 1031 ‚
778 977 851 1023 abi
864 1013 875 1033 ‚
896 977 1200 1044 thalamosque
1219 979 1418 1046 relinque
1434 992 1649 1029 cruentos.

238 1078 260 1096 ))
291 1054 561 1118 Conjugium
582 1052 758 1100 crudele
780 1072 927 1101 meum
948 1066 1043 1103 est:
1065 1055 1148 1103 tibi
1171 1056 1339 1105 nubere
1359 1056 1483 1105 nulla

1585 1073 1646 1107 621

238 1155 262 1174 »
290 1130 425 1180 Nolet
440 1168 452 1188 ‚
476 1143 520 1179 et
541 1131 684 1197 optari
706 1141 834 1196 potes
856 1150 880 1178 a
904 1131 1099 1197 sapiente
1122 1132 1281 1199 puella.

225 1230 259 1252 ι»
289 1209 381 1257 Cur
404 1220 550 1256 tamen
571 1219 638 1255 est
657 1207 766 1255 mihi
791 1226 894 1255 cura
918 1208 1010 1266 tui,
1038 1221 1108 1257 tot
1127 1210 1216 1274 jam
1239 1222 1338 1259 ante
1359 1211 1600 1277 peremtis?

238 1310 260 1328 »
288 1285 461 1333 Viderit
481 1305 490 1332 :
511 1285 720 1342 intereat,
746 1285 956 1350 quoniam
978 1299 1048 1335 tot
1070 1288 1182 1359 caede
1205 1307 1442 1355 procorum

235 1385 258 1407 2>
285 1363 556 1410 Admonitus
579 1381 670 1410 non
692 1373 783 1419 est,
809 1363 1041 1430 agiturque
1061 1365 1108 1413 in
1133 1365 1264 1415 taedia-
1278 1367 1389 1415 vitae.

225 1476 371 1512 tumque
386 1478 506 1501 secum
520 1464 700 1508 deliberat,
718 1465 905 1501 vincet-ene

227 1519 309 1554 velit
328 1526 363 1554 et
380 1517 526 1564 perdere
545 1517 810 1562 Hippomenem
826 1543 835 1560 ,
861 1531 907 1557 an

228 1571 319 1608 vinci
328 1578 364 1606 et
372 1570 505 1605 nubere
519 1568 551 1604 ei
562 1568 670 1602 malit.
680 1567 779 1610 Illinc
790 1568 906 1614 gloriae

227 1623 353 1670 cupido
388 1628 423 1657 et
452 1620 675 1655 oraculorum
704 1620 907 1662 [reverentia

226 1684 384 1724 pugnant
399 1702 408 1719 ,
428 1675 511 1710 hinc
533 1687 633 1709 amor
655 1681 694 1715 et
712 1674 904 1712 commise-

223 1730 324 1764 ratio.
340 1746 383 1754 -
401 1728 587 1766 Formosis,
615 1728 739 1770 inquit,
761 1729 904 1770 iniquus.

229 1781 399 1826 Quinque
413 1804 424 1823 ,
439 1778 625 1822 formosam
640 1779 748 1819 dhrim·
772 1777 905 1822 primus

227 1831 480 1868 Ambrosianus
481 1830 633 1874 sortum's
642 1832 764 1874 iniquis
768 1840 779 1870 ,·
795 1830 905 1864 Hein-

223 1885 293 1920 sius
307 1883 450 1929 conjicit
459 1882 586 1926 formis
601 1886 691 1922 tam,
709 1883 814 1921 decit,
829 1884 904 1915 ini—-

223 1949 371 1982 quus.-
386 1934 516 1980 Regius
529 1933 638 1968 codex
653 1933 685 1966 A
697 1959 707 1976 ,
714 1931 897 1976 formastis-¹,

224 1992 333 2033 1'nqu1't
346 1990 496 2031 ianuus5
514 1985 622 2020 codex
631 1985 661 2019 B
674 1985 762 2019 male
771 1984 905 2028 sormo-

223 2053 297 2074 sum
307 2066 316 2079 ‚
334 2042 461 2083 inquit,
479 2038 808 2081 mquam—Perdere
824 2039 904 2071 vult.

228 2091 394 2126 Cantabr.
416 2097 452 2124 et
478 2102 569 2123 unus
592 2089 795 2124 Basileensis
810 2102 904 2133 pen-

225 2147 310 2178 dere.
325 2160 370 2168 -
382 2141 480 2186 Regii
498 2141 607 2175 nostri
619 2143 766 2184 perdere.

258 2195 280 2229 6
286 2195 334 2230 ι3.
345 2195 418 2228 Non
425 2205 564 2231 summe
566 2191 903 2235 judice,tant1·.Trist.

227 2247 264 2283 II
276 2273 285 2290 ‚
306 2258 391 2293 209,
410 2247 485 2279 Non
498 2257 572 2278 sum
584 2247 685 2282 tanti,
705 2250 743 2277 ut
757 2257 903 2278 renovem

225 2305 285 2334 lua
296 2299 453 2338 vulnera5
471 2294 585 2330 Tibul.
599 2295 633 2328 11
646 2320 655 2337 ,
671 2304 710 2327 VI
724 2320 733 2337 ,
751 2296 791 2337 42
805 2321 814 2337 ,
829 2297 903 2330 Non

223 2363 283 2395 ego
298 2362 371 2383 sum
387 2351 492 2387 tanti,
511 2350 621 2391 ploret
633 2352 672 2380 ut
684 2349 747 2379 illa
762 2350 870 2381 semel.

268 2401 344 2446 617.
364 2401 529 2444 AEquorea
546 2400 636 2442 ortjgo
650 2398 801 2431 breviter
821 2398 902 2433 dic-

227 2461 304 2488 tum
317 2479 326 2495 ,
347 2452 442 2486 Deus
458 2462 653 2495 aequoreus,
677 2449 770 2483 unde
789 2450 901 2495 origi-

227 2517 310 2539 nem
334 2503 453 2543 (lucin
475 2502 539 2536 nisi
565 2501 663 2535 malis
680 2504 836 2544 orae'giuem
857 2501 900 2536 de

226 2565 365 2592 auctore
379 2555 516 2600 generis
533 2554 684 2599 accipere
699 2566 707 2587 :
725 2554 794 2597 IX,
815 2554 878 2597 264
890 2580 899 2597 ,

223 2612 267 2643 ab
282 2612 406 2653 origine
422 2611 553 2642 ductum
565 2610 702 2648 malain·
716 2606 879 2652 Virgilius
889 2633 898 2650 ,

225 2661 351 2706 Georg.
365 2660 420 2694 III
430 2686 439 2703 ,
458 2673 515 2693 122
529 2685 538 2702 ‚
554 2660 702 2702 Neptuni
712 2661 790 2702 ipsa
799 2659 901 2691 dedu-

224 2720 281 2748 cat
286 2711 678 2756 or1grmegentem.--Fors
683 2712 775 2743 dura.
787 2710 899 2755 Vulgo

224 2777 315 2807 som
332 2769 466 2809 septem
476 2764 569 2805 dira,
593 2761 687 2806 quod
699 2773 770 2796 non
782 2760 900 2806 displi-

1580 1382 1648 1417 625

972 1475 1027 1502 cet
1043 1468 1250 1504 Burmanno
1261 1495 1270 1512 ,
1292 1470 1372 1515 quia
1387 1477 1424 1505 et
1439 1484 1541 1508 versu
1558 1473 1623 1519 634
1635 1500 1645 1517 ‚

971 1522 1158 1562 importuna
1166 1520 1266 1564 sata,
1286 1521 1320 1565 id
1338 1529 1408 1566 est,
1430 1535 1517 1558 saeva
1532 1549 1542 1567 ,
1561 1524 1647 1560 dira.

971 1586 1016 1595 ·—
1029 1569 1130 1614 Regii
1146 1571 1256 1604 nostri
1262 1567 1344 1614 fars
1357 1574 1451 1607 dum.

972 1647 973 1650 ,
995 1620 1089 1661 630.
1119 1622 1282 1656 Thalami
1296 1628 1443 1666 cruenti,
1465 1632 1500 1660 et
1521 1627 1645 1671 conjn-

967 1673 1057 1714 gium
1066 1674 1196 1705 crudele
1204 1700 1212 1712 ,
1226 1674 1428 1720 conjugium
1438 1702 1448 1720 ,
1462 1677 1554 1721 quod
1563 1691 1644 1713 cum

970 1723 1048 1757 vitae
1058 1723 1211 1768 periculo
1224 1726 1353 1771 petitur
1362 1753 1372 1772 ,
1390 1736 1426 1764 et
1433 1729 1488 1774 cui
1494 1742 1533 1764 us
1543 1743 1644 1766 causa

970 1775 1041 1819 jam
1064 1775 1165 1810 multi
1189 1778 1379 1822 perierunt.
1397 1799 1440 1806 —
1455 1782 1637 1826 Relinque,

970 1837 1043 1859 non
1059 1833 1148 1871 pete.
1159 1843 1202 1853 ·—
1217 1829 1370 1876 Sapiente
1384 1834 1509 1874 puella.
1534 1833 1644 1870 Dotes

970 1884 1065 1920 tuas,
1084 1878 1135 1912 uti
1151 1892 1213 1924 par
1224 1887 1294 1924 est,
1314 1883 1524 1929 aestimante,
1543 1892 1578 1920 et
1587 1888 1642 1922 cui
1658 1911 1661 1914 -

968 1930 1099 1975 nuptiae
1116 1932 1222 1966 cordi.
1240 1935 1305 1968 Ed.

1012 1982 1086 2026 624.
1120 1985 1249 2019 Viderit
1269 1999 1279 2020 .’
1307 1989 1456 2024 intereat.
1485 1990 1642 2035 Quidam

969 2036 1203 2072 emendarunt
1225 2040 1353 2074 Videre?
1363 2044 1499 2077 1>1terea.
1506 2045 1643 2081 —Haec

969 2087 1169 2122 emendatio
1182 2115 1191 2131 ,
1215 2090 1279 2125 etsi
1301 2103 1374 2126 non
1393 2092 1543 2130 habeant
1563 2110 1641 2133 eam

971 2137 1117 2174 Codices
1134 2141 1241 2175 nostri
1256 2168 1265 2185 ,
1283 2155 1356 2177 non
1372 2143 1490 2180 infelix
1502 2155 1564 2183 est.
1577 2151 1640 2186 Ed.

967 2191 1223 2226 —Admonitus.
1240 2193 1442 2231 Basileensis
1456 2202 1640 2235 attonitus:

966 2243 1156 2276 admonitus
1178 2257 1245 2278 non
1267 2251 1321 2279 est
1333 2272 1341 2286 ,
1363 2246 1490 2283 scilicet
1516 2256 1554 2284 ut
1575 2250 1640 2286 sibi

967 2291 1172 2331 consuleret.
1184 2296 1325 2333 Plenius
1333 2299 1491 2336 Justinus
1500 2327 1511 2345 ‚
1523 2302 1590 2346 IV,
1601 2314 1637 2347 v,

968 2357 1004 2378 ιι
1021 2372 1029 2388 ,
1056 2348 1174 2380 Nicias
1194 2361 1236 2382 ne
1256 2350 1490 2384 Demostbemzr
1510 2355 1639 2396 quidem

965 2401 1113 2443 exemplo
1127 2426 1134 2438 ,
1156 2407 1195 2434 ut
1209 2404 1280 2435 sibi
1289 2405 1491 2446 consuleret,
1513 2406 1637 2440 admo-

965 2454 1064 2486 nitus.
1074 2471 1117 2478 —
1128 2453 1217 2496 Agi,
1237 2461 1275 2488 ut
1290 2454 1367 2488 alibi
1371 2453 1465 2497 ferri
1475 2455 1638 2493 dicuntur

966 2503 1024 2545 qui
1042 2515 1111 2546 prae
1128 2503 1234 2537 nimia
1252 2503 1436 2549 cupiditate
1452 2507 1611 2542 nesciunt
1627 2535 1636 2552 ,

966 2552 1047 2597 quid
1065 2562 1167 2599 agant
1181 2581 1189 2597 ,
1208 2562 1266 2589 aut
1282 2556 1340 2600 qui
1355 2556 1418 2590 alia
1432 2570 1636 2604 quacunque

966 2605 997 2638 vi
1014 2606 1270 2650 compelluntur
1286 2603 1328 2640 a'd
1349 2607 1475 2653 aliquid
1491 2623 1499 2650 ;
1526 2610 1636 2645 Phae-

965 2656 1066 2700 drus,
1086 2658 1151 2701 IV,
1163 2669 1234 2702 ΧΠ,
1250 2658 1271 2692 3
1281 2684 1290 2700 ,
1310 2661 1539 2703 adpernicietn
1552 2664 1638 2696 sole!

963 2712 1026 2753 agi
1035 2713 1212 2743 sinceritas
1219 2722 1232 2753 ,·
1259 2716 1294 2744 et
1304 2711 1350 2754 V,
1363 2722 1399 2755 v,
1412 2712 1432 2745 3
1441 2737 1451 2755 ,
1468 2715 1635 2757 adpmu‘»

963 2763 1094 2796 tendum
1108 2764 1205 2796 rebus
1220 2763 1409 2806 mantsestis
1423 2767 1490 2808 agi.
