1820 3106
283 259 964 307 METAMORPHOSEON
1010 261 1124 305 LIB.
1172 262 1326 306 VIII.
1476 261 1532 318 43

108 379 128 398 n
156 355 288 406 Haud
307 354 506 424 equidem
524 353 668 423 'patiar
685 375 696 403 τ
716 366 864 423 pereat
885 349 1141 414 sceleratus3
1169 368 1211 404 et
1234 346 1306 404 ille

107 458 128 476 υ
158 434 381 502 Spemque¹
395 432 559 501 patris‚'
582 430 794 500 regnique
818 434 984 493 trahat,
1010 430 1249 502 patriaeque
1270 433 1456 482 ruinam.

107 535 131 555 n
158 513 286 561 Mens
306 510 386 560 ubi
407 523 602 560 materna
624 512 724 560 eSt?
746 511 827 560 ubi
847 530 962 561 nunc
983 513 1055 580 pia
1078 524 1179 562 vota
1200 512 1468 580 parentum?

107 614 131 635 2»
157 592 239 650 Et,
264 610 377 658 quos
399 590 612 649 sustinui,
636 590 708 639 bis
730 609 928 640 mensum
952 593 1147 658 quinque
1168 589 1375 639 labores?

1467 603 1533 637 500

106 691 129 711 »
157 669 200 717 0
222 668 389 718 utinam
412 669 566 737 primis
586 667 768 718 arsisses
789 669 968 732 ignibus
991 669 1160 718 infans!

104 769 128 790 »
153 747 293 814 quue
314 765 395 811 ego
418 766 546 815 passa
567 747 707 796 forem
726 749 737 796 l
760 743 907 797 vixisti
929 766 1107 796 munere
1129 758 1285 796 nostro
1304 767 1314 796 :

103 847 126 867 »
151 826 280 874 Nunc
298 826 454 876 merito
477 826 664 875 moriere
687 837 766 875 tuo
787 846 797 875 :
818 845 925 895 cape
946 826 1122 895 praemia
1142 826 1273 886 facti,

88 926 126 947 ·»
152 905 317 972 Bisque
337 905 482 954 datam
496 943 508 965 ‚
535 906 727 973 primum
749 918 879 974 partu
893 945 905 964 ‚
928 925 1032 955 mox
1056 905 1205 973 stipite
1224 916 1379 973 rapto,

103 1005 125 1025 »ι
152 982 304 1032 Redde
325 984 513 1032 animam
532 1004 542 1032 :
562 983 629 1032 vel
650 1003 720 1032 me
741 984 944 1034 fraternis
967 983 1076 1032 adde
1099 982 1322 1051 sepulcris.
1462 995 1527 1029 505

103 1083 124 1102 »
152 1061 213 1109 Et
231 1061 383 1129 cupio,
407 1073 450 1109 et
466 1077 637 1127 nequeo
656 1080 667 1109 ε
692 1061 800 1128 quid
820 1063 977 1125 agam?
993 1061 1128 1110 modo
1148 1060 1326 1109 vulnera
1343 1060 1527 1108 fratrum

102 1162 124 1182 »
149 1139 266 1188 Ante
287 1137 438 1188 oculos
459 1138 569 1187 mihi
592 1151 720 1198 sunt,
747 1151 791 1187 et
808 1151 939 1188 tanta!
962 1140 1090 1189 caedis
1114 1140 1285 1202 imago:
1346 1203 1358 1219 ι

100 1260 139 1295 16
154 1262 294 1296 :Pulvis
307 1267 342 1296 et
352 1255 470 1295 umbra
484 1271 614 1302 sumus;
627 1261 778 1306 Proper-

96 1313 177 1357 tius,
189 1313 258 1357 IV,
270 1324 300 1347 n
310 1339 320 1356 ,
338 1315 379 1358 14
389 1339 399 1357 ,
412 1315 469 1348 En
479 1326 555 1348 sum
565 1316 658 1359 quod
661 1315 779 1357 digthIr

96 1370 237 1411 quinque
250 1369 380 1402 levatur
391 1380 486 1402 onus.
499 1386 543 1393 —
557 1368 680 1402 Jaceae
694 1379 780 1412 pro-

94 1418 171 1464 'prie
192 1418 236 1453 ad
255 1418 412 1454 cinerem
435 1425 574 1454 tantum
598 1417 775 1464 pertinet,

96 1482 169 1504 non
183 1469 308 1505 itidem
319 1469 362 1505 ad
372 1469 524 1504 umbras.
535 1467 606 1504 Sed
617 1468 775 1504 solemne

95 1527 172 1557 erat
186 1521 254 1558 hoc
271 1522 420 1558 verbum
435 1522 585 1557 omnino
607 1521 650 1556 de
669 1534 776 1556 mor-

94 1573 162 1609 tuis
175 1587 354 1621 usurpare.
374 1575 434 1611 Sic
450 1581 486 1610 et
501 1575 677 1611 cadaveris
693 1576 776 1621 epi-

92 1625 218 1662 theton
238 1629 371 1672 gelidus
393 1627 436 1662 ad
459 1627 602 1663 umbras
619 1629 776 1664 transla-

90 1687 178 1715 tum.
189 1699 233 1707 —
248 1680 419 1716 Attamen
439 1681 564 1716 umbra
580 1694 646 1716 nee
660 1684 776 1726 gelida

91 1746 157 1768 nec
172 1732 303 1775 calida;
321 1733 381 1769 sed
401 1733 442 1768 ad
460 1741 617 1768 mortem
631 1735 777 1781 respici—

92 1793 162 1830 tur,
174 1798 251 1831 quae
260 1799 342 1821 cum
353 1786 482 1833 frigore
493 1786 592 1822 venit
603 1794 638 1822 et
649 1800 776 1833 corpus

91 1839 266 1885 privatum
280 1840 398 1875 anima
410 1840 579 1887 frigidum
595 1841 775 1887 relinquit.

90 1894 158 1927 Ed.
168 1910 213 1919 —
228 1893 372 1928 Tmhere
384 1897 516 1928 ruinam
525 1921 533 1933 ‚
552 1906 632 1929 eam
641 1895 774 1931 facere:

93 1943 235 1988 AEneid.
256 1944 291 1980 11
304 1970 314 1989 ,
332 1944 417 1989 4663
436 1944 498 1981 sed
514 1948 644 1982 trahere
659 1959 749 1991 spem
760 1973 769 1988 ‚

92 2010 171 2032 eam
185 2009 307 2033 secum
320 1997 476 2033 auferre.
501 1998 682 2040 Exstincto
702 1999 775 2036 filio

92 2050 245 2095 han-ede,
253 2062 367 2096 eoque
374 2050 577 2095 fortissimo,
587 2064 715 2098 magna
722 2065 776 2087 ca-

93 2101 227 2138 lamitas
242 2107 364 2147 patah
384 2103 610 2139 inserebatur.
633 2105 776 2139 Trahere

93 2161 251 2190 sumtum
271 2155 313 2190 ab
328 2168 395 2199 eo,
420 2155 481 2201 qui
502 2155 631 2192 cadens
653 2170 774 2193 secum

93 2207 207 2243 aufert
221 2205 350 2252 aliquid
362 2233 372 2252 ,
389 2207 484 2242 uude
496 2209 596 2243 ruina
608 2209 732 2244 oritur.

135 2261 212 2308 499.
230 2259 418 2302 Ub1'nunc,·
437 2260 494 2295 cui
506 2273 604 2296 nunc
614 2269 773 2307 prosunt.

90 2312 210 2347 -Pt'a
225 2318 326 2354 νοέω·
344 2311 470 2356 multi,
482 2314 636 2357 piajura
647 2341 656 2356 ‚
678 2315 774 2360 quod

89 2365 231 2410 prefert
247 2364 427 2400 Heinsius.
451 2367 540 2400 Vota
552 2365 608 2400 illa
621 2393 631 2410 ,
649 2367 774 2412 quibus

90 2417 292 2463 superstites
306 2418 370 2453 sibi
385 2426 515 2454 vovent
525 2427 688 2464 parentes
700 2445 710 2464 ,
727 2433 774 2456 ne

89 2470 253 2505 turbetur
262 2470 485 2506 mortalitatis
495 2471 594 2506 ordo.
609 2472 690 2507 Hoc
692 2473 775 2518 jus-

88 2525 256 2558 &simunt
277 2529 389 2558 votum
414 2530 514 2559 vocat
539 2524 674 2559 Seneca
691 2550 701 2567 ‚
731 2524 775 2559 ad

91 2574 202 2610 Marc.
212 2587 286 2620 cap.
300 2577 495 2621 10.Imp1'um
507 2573 630 2611 contra
642 2583 768 2619 votum,

91 2627 119 2661 si
140 2639 177 2662 se
200 2628 402 2673 superstites
422 2629 540 2664 liberis
560 2637 685 2675 optent
705 2643 775 2676 pa—

91 2686 221 2715 rentes.
233 2680 436 2725 Suetonius,
448 2682 529 2717 Tib.
538 2682 592 2717 62.
600 2683 776 2718 Euam,—

92 2732 245 2768 Mensum
262 2746 327 2779 pro
343 2738 504 2770 mensium
519 2736 652 2770 notavit
672 2735 775 2770 Pris—

93 2785 214 2821 cianus
224 2812 233 2830 ,
245 2786 301 2821 lib.
311 2788 383 2822 Vll
394 2787 557 2832 :Seneca‚
569 2788 682 2824 Theb.
696 2789 774 2833 535,

842 1261 911 1294 Per
917 1261 1027 1293 decem
1036 1271 1184 1292 mensum
1196 1261 1285 1292 uteri
1289 1259 1418 1292 labores
1429 1269 1440 1291 :
1449 1256 1527 1292 vide

843 1310 1067 1346 Gronovium
1088 1310 1132 1346 ad
1153 1310 1228 1345 Liv.
1247 1310 1372 1345 XXIX
1386 1337 1396 1354 ‚
1422 1311 1466 1352 33
1493 1319 1529 1345 et

843 1366 1044 1400 Buneman.
1069 1364 1110 1399 ad
1134 1364 1293 1399 Lactant.
1315 1364 1462 1399 carmin.
1483 1363 1527 1399 de

844 1416 966 1450 Phoen.
984 1430 1037 1462 27.
1050 1435 1094 1442 -—
1114 1414 1236 1450 Codex
1254 1415 1386 1461 Regius
1402 1416 1433 1450 B
1447 1443 1456 1460 ,
1475 1418 1528 1450 bis

841 1480 988 1502 mensum
1002 1470 1165 1513 quinque-5
1186 1466 1309 1502 Codex
1326 1466 1357 1502 A
1372 1495 1382 1512 ,
1401 1480 1530 1502 menses

841 1520 895 1555 bis
910 1525 1071 1567 quinque,
1093 1521 1189 1567 quod
1208 1529 1245 1557 et
1260 1521 1339 1556 libri
1359 1522 1491 1569 aliquot
1507 1535 1527 1556 a

843 1572 996 1608 Ciosano
1012 1574 1116 1609 citati.
1143 1574 1269 1609 Excusi
1286 1587 1411 1610 omnes
1428 1588 1527 1609 men-

840 1638 915 1660 sum
929 1625 1089 1661 retinent
1099 1653 1109 1670 ,
1126 1626 1296 1662 Prisciani
1311 1626 1391 1661 freti
1405 1633 1528 1662 aucto-

840 1679 955 1714 ritate.
976 1678 1053 1724 Ego
1069 1677 1164 1714 certe
1182 1679 1377 1725 genitivum
1395 1679 1527 1725 genui-

840 1745 931 1766 num
945 1731 1171 1767 scribendum
1199 1744 1326 1767 censeo
1345 1735 1527 1774 mensium,-

840 1784 936 1819 inter
949 1784 1193 1819 scandendum
1203 1797 1288 1819 vero
1300 1811 1309 1827 ,
1327 1784 1527 1830 11010ςίΡο-

840 1836 907 1871 diae
923 1835 1121 1882 oppedatur
1133 1862 1144 1880 ‚
1162 1836 1320 1871 adhiberi
1341 1849 1440 1882 posse
1456 1835 1527 1881 Sy-

841 1889 991 1924 naeresin
1011 1902 1073 1924 seu
1090 1889 1381 1936 Synecphonesin
1396 1915 1406 1933 ,
1427 1895 1474 1923 ut·
1488 1888 1525 1922 in

841 1941 984 1976 AEneid.
998 1942 1050 1977 Vl
1061 1967 1071 1985 ‚
1085 1942 1128 1976 33
1138 1968 1147 1985 ,
1165 1945 1244 1987 quin
1248 1944 1404 1985 protinus
1412 1946 1527 1976 omnia

841 1998 1051 2040 perlegerent
1058 1998 1179 2031 oculis.
1188 1996 1234 2031 Et
1242 1995 1334 2042 apud
1341 1997 1511 2031 Nostrum
1516 2023 1526 2038 ‚

841 2049 858 2084 1
871 2075 880 2092 ,
901 2052 983 2093 150,
1002 2048 1146 2094 quidam
1161 2048 1285 2094 legunt
1305 2049 1437 2083 Ultima
1451 2062 1525 2083 coe—

839 2104 971 2136 Iastium
986 2109 1094 2137 terras
1106 2103 1242 2137 Astraea
1257 2103 1398 2147 reliquit.
1416 2101 1529 2137 Ed.-

840 2156 987 2195 Decem‚·
1008 2166 1138 2200 nempe
1155 2153 1296 2189 lunares
1311 2167 1452 2191 menses
1467 2154 1526 2188 in-

840 2206 966 2252 tellige.
975 2207 1165 2241 —Munere
1175 2213 1311 2248 nostra3
1332 2219 1410 2252 quae
1425 2207 1526 2253 stipi—

842 2265 914 2293 tem
927 2271 990 2294 seu
1002 2265 1137 2293 torrem
1149 2258 1186 2293 in
1199 2258 1296 2294 hunc
1310 2272 1419 2304 usque
1430 2259 1524 2294 diem

840 2312 984 2347 servavi.
1000 2314 1067 2347 Ed.

886 2366 959 2400 503.
977 2366 1144 2407 Moriere‚·
1163 2365 1393 2400 Burmannus
1408 2364 1527 2399 mallet

840 2423 1002 2458 moriare,
1022 2419 1117 2465 quod
1134 2420 1267 2454 furenti
1282 2419 1405 2464 aptius.
1424 2418 1527 2465 Regii

839 2472 951 2506 nostri
964 2471 1052 2506 nihil
1062 2478 1213 2506 mutant.
1224 2489 1270 2497 --
1277 2473 1421 2506 Praemt'a
1430 2483 1443 2515 ,·
1457 2483 1525 2517 poe-

840 2537 949 2559 na.—
966 2526 1030 2559 Vel
1042 2538 1093 2559 me
1109 2532 1175 2560 etc.
1193 2524 1274 2570 quia
1292 2524 1420 2560 Manes
1433 2524 1526 2559 inse*

840 2576 908 2611 rias
927 2576 1113 2622 postulant.

886 2630 963 2663 506.
976 2631 1026 2664 Et
1031 2632 1130 2674 cupio
1142 2640 1154 2671 ‚·
1172 2629 1298 2664 fratres
1312 2629 1427 2665 ulcisci
1440 2630 1528 2666 sub-

840 2683 1064 2729 intelligatur.
1075 2685 1125 2719 Et
1133 2697 1256 2730 nequeo
1266 2684 1303 2719 in
1314 2684 1433 2731 ignem
1447 2698 1526 2719 con-

840 2736 946 2781 jicere
976 2743 1110 2772 torrem
1135 2738 1264 2784 pietate
1276 2765 1286 2783 ,
1317 2751 1386 2784 qua
1410 2738 1525 2773 filium

841 2802 1056 2835 prosequor,
1074 2789 1253 2837 impedita.
1271 2792 1337 2826 Ed.
1355 2809 1400 2817 -—
1417 2791 1525 2834 Sunt,-
