1820 3106
301 289 382 318 100

656 275 708 317 P.
745 275 983 322 OVIDII
1019 276 1323 322 NASONIS

290 368 418 434 Saepe
442 377 734 416 retentantem
760 378 878 415 totas
903 368 1139 431 refringere
1163 382 1304 418 vestes
1319 407 1332 428 ,

292 445 655 511 Sternentemque
680 444 826 493 trabes
842 483 853 503 ‚
878 446 1224 514 irascentemque
1248 447 1415 496 videres

290 523 527 572 Montibus
542 561 553 581 ,
579 535 655 571 aut
680 523 827 589 patrio
850 524 1099 572 tendentem
1122 526 1303 575 brachia
1326 526 1444 575 caelo.

1648 552 1712 578 210

289 602 404 649 Ecce
428 600 595 648 Lichan
621 599 870 666 trepidum,
894 612 936 648 et
958 599 1199 649 latitantem
1225 621 1334 668 rupe
1356 614 1503 651 cavata

290 677 496 744 Adspicit
519 696 528 725 :
554 688 692 743 utque
716 677 844 725 dolor
866 677 1033 726 rabiem
1059 678 1296 742 collegerat
1321 699 1520 738 omnem;

295 779 319 800 «
344 758 472 805 Tune
487 794 499 815 ,
525 755 661 804 Licha
678 793 690 814 ,
717 754 848 814 dixit,
874 755 1023 804 feralia
1047 756 1159 804 dona
1184 757 1360 806 tulisti?

293 858 317 878 »
346 835 474 883 Tune
497 853 601 882 meae
622 833 742 881 necis
766 845 919 882 auctor
941 833 1060 882 eris?
1086 856 1107 876 »
1131 835 1279 882 tremit
1300 834 1396 893 ille,
1419 846 1634 901 pavetque

289 912 513 971 Pallidus,
539 924 581 960 et
608 911 759 959 timide
785 911 919 959 verba
944 911 1194 959 excusantia
1217 911 1335 958 dicit.

1647 925 1712 959 215

290 991 522 1039 Dicentem
539 1027 551 1048 ,
577 989 853 1054 genibusque
877 1007 1032 1036 manus
1056 988 1265 1036 adhibere
1288 1000 1511 1055 parantem
1527 1020 1558 1047 ,-
1580 1036 1583 1038 ,

291 1066 491 1132 Corripit
512 1065 690 1113 Alcides
706 1102 718 1122 ,
745 1076 787 1112 et
813 1076 967 1130 terque
996 1076 1238 1130 quaterque
1261 1076 1456 1113 rotatum

287 1144 434 1194 Mittit
454 1144 502 1191 in
525 1142 775 1200 Euboicas,
802 1153 1022 1190 tormento
1046 1141 1207 1190 fortius
1223 1180 1234 1200 ,
1263 1142 1416 1191 undas.

286 1292 390 1325 quam
404 1275 557 1312 Hercule
571 1275 706 1320 dignius
718 1287 823 1319 quam
833 1279 966 1307 tremcn-

283 1330 505 1375 tem.—Regii
517 1329 626 1364 nostri
641 1333 848 1370 trementem
860 1339 967 1372 praes-

282 1392 333 1419 tat
335 1384 480 1428 fremere
491 1380 584 1426 quod
597 1387 648 1415 est
659 1380 838 1413 iratorum.
854 1381 965 1414 Ed.—

286 1436 520 1481 Caposerreus
538 1432 688 1477 conjecit
707 1431 884 1475 infringere
901 1432 965 1464 sil—

285 1501 344 1526 vas
357 1499 368 1529 ,·
392 1486 481 1521 male
506 1498 514 1519 z
537 1484 690 1518 insolens
713 1491 764 1518 est·
786 1483 965 1527 infringere

283 1545 393 1575 vestes
411 1539 423 1582 (
440 1536 533 1583 quod
549 1535 680 1570 habent
699 1535 809 1569 nostri
829 1534 930 1580 Regii
948 1533 963 1579 )

285 1604 350 1639 pro
361 1588 555 1625 discindere
567 1602 575 1628 ;
588 1586 668 1621 dedi
683 1598 766 1631 ergo
779 1598 818 1619 ex
829 1586 963 1620 Genev.

285 1652 322 1680 et
342 1655 415 1677 uno
439 1639 576 1676 Heinsii
597 1637 791 1682 refringere,
820 1638 913 1682 quod
931 1644 966 1671 et

284 1698 494 1732 Burmanno
514 1692 698 1727 arridebat.
713 1709 757 1717 -·
772 1692 965 1725 Retentan—

285 1755 368 1788 tem,
391 1746 509 1781 denuo
526 1750 734 1779 tentantem.
753 1742 967 1776 Tentaverat

284 1802 357 1847 jam
374 1812 461 1834 vers.
483 1798 554 1832 156.
568 1815 611 1822 —-
625 1797 798 1830 Montibus
815 1798 967 1829 trasceas

285 1852 458 1889 Hercules
477 1850 532 1884 vix
548 1848 632 1883 ferri
653 1854 776 1894 potest.
800 1846 967 1881 Heinsius

285 1905 428 1951 conjicit
454 1906 739 1944 incursantemque
754 1927 762 1940 ‚
796 1906 836 1933 ut
855 1898 945 1933 XIV
957 1925 966 1942 ‚

289 1957 351 1991 188
369 1982 378 1999 ‚
406 1953 644 2000 Polyphemus
666 1950 824 1985 similiter
846 1949 966 1983 furens

282 2010 420 2052 rupibus
446 2009 607 2040 incursat.
642 2002 713 2037 Sed
740 2002 967 2036 Burmannus

285 2064 482 2095 irascentem
500 2056 653 2091 absolu-te
671 2055 780 2100 capit,
802 2061 837 2088 et
852 2056 967 2087 monti-

286 2114 346 2145 bus
357 2109 538 2153 conjungit
549 2119 630 2142 cum
638 2119 710 2151 sqq.
720 2105 868 2139 Lenzius
879 2117 967 2138 mon-

286 2153 376 2200 tibus
392 2162 535 2207 explicat
552 2187 561 2204 ,
584 2161 622 2194 in
644 2159 831 2193 montibus.
859 2156 967 2192 Nobis

289 2215 428 2251 Heinsii
439 2212 640 2248 emendatio
650 2211 760 2256 placet
772 2222 841 2254 prae
852 2208 905 2243 his
916 2208 967 2241 in-

288 2264 608 2313 terpretationibus;
618 2275 701 2297 nam
712 2275 798 2313 vers.
806 2274 883 2306 207,
894 2261 967 2304 jam

287 2318 424 2356 induxit
436 2329 518 2351 eum
528 2321 628 2360 poeta
630 2314 837 2358 frementem,
849 2312 884 2345 id
895 2319 946 2346 est
954 2338 964 2355 ,

287 2374 497 2412 irascentem
510 2394 519 2411 ,
537 2380 619 2401 mox
635 2371 827 2399 sternentem
846 2366 967 2398 trabes.

289 2426 396 2460 Nunc
413 2434 495 2456 vero
510 2432 629 2454 rursus
644 2418 755 2462 simpl.
771 2421 967 2451 irascentem

290 2474 473 2521 subjecisse
492 2470 701 2508 credamus?
727 2470 804 2504 Imo
819 2476 968 2503 sternens

291 2530 403 2562 trabes
430 2531 465 2559 et
492 2528 667 2558 incursans
690 2523 854 2555 montibus
877 2520 965 2554 bene

294 2575 663 2613 conveniunt—Calo,
677 2572 719 2607 ad
731 2572 864 2607 caelum.

270 2622 272 2624 ‚
339 2643 414 2663 211.
439 2631 534 2672 Rupe
557 2634 702 2668 cavala;
728 2625 903 2660 Gebhard.
928 2639 968 2660 ex

294 2680 455 2716 Palatino
469 2706 477 2721 ,
494 2681 638 2717 caduca,
657 2685 696 2711 ut
707 2677 894 2711 imminens
904 2677 967 2711 in—

294 2730 622 2776 telligatur.—Regii
635 2728 744 2763 nostri
754 2735 874 2762 cavata
882 2741 894 2769 ‚-
903 2741 968 2763 nec

278 2791 288 2798 “
296 2783 398 2819 video
407 2782 447 2818 ad
458 2782 614 2827 >quid‘ista
626 2782 772 2817 mutatio
781 2781 968 2816 Gebhardi.

1031 1274 1142 1316 Ed.—7·
1150 1275 1293 1308 Babiem
1305 1276 1501 1318 collegeram
1513 1275 1641 1309 fecerat
1651 1301 1660 1319 ,
1672 1275 1732 1310 υἷ’

1031 1328 1152 1366 rabies,
1170 1338 1330 1360 summus
1338 1325 1464 1360 suroris
1476 1325 1601 1371 gradus
1611 1352 1621 1370 ‚
1635 1338 1712 1361 om-

1030 1376 1084 1411 nis
1102 1385 1314 1423 erumperet.
1340 1379 1502 1422 Colligere
1517 1381 1641 1413 rabiem
1660 1385 1713 1414 est

1028 1428 1133 1462 etiarn
1151 1431 1167 1464 I
1179 1456 1188 1473 ,
1202 1430 1266 1474 234
1277 1444 1285 1471 ;
1296 1432 1471 1464 collectum
1481 1432 1592 1464 odium
1601 1457 1608 1469 ,
1632 1430 1710 1474 111,

1029 1482 1113 1524 258;
1131 1485 1285 1527 colligere
1294 1486 1386 1517 silim
1397 1510 1405 1524 ‚
1424 1483 1478 1517 VI
1490 1509 1499 1527 ‚
1517 1483 1713 1527 341.—-Tu-

1029 1546 1079 1573 ne,
1100 1534 1160 1579 qui
1176 1548 1211 1568 es
1225 1541 1260 1569 et
1272 1535 1422 1570 famulus
1439 1548 1538 1570 meus
1550 1541 1585 1570 et
1598 1535 1713 1570 servili

1029 1585 1232 1621 conditione
1259 1587 1377 1622 homo.
1406 1587 1562 1632 Ideoque
1585 1587 1713 1632 repetit

1029 1638 1096 1672 hoc
1104 1640 1505 1675 vocabulum—Feralia
1514 1652 1526 1682 ‚·
1542 1640 1711 1675 Ciosanus

1021 1689 1194 1732 furialia;
1223 1692 1270 1726 sic
1288 1691 1384 1726 enim
1404 1691 1529 1727 Cicero
1541 1718 1551 1737 ,
1569 1692 1710 1728 Tuscul.

1033 1740 1069 1774 ῙῙ
1088 1767 1097 1784 ,
1125 1741 1229 1776 vertit
1246 1768 1256 1786 ‚
1291 1745 1415 1790 xifoevre'rv
1441 1744 1666 1793 o'tpaffcc'fflqcrpov
1687 1745 1711 1792 ᾦ

1034 1795 1181 1837 διέλλυμα
1199 1806 1206 1828 z
1221 1793 1296 1828 haec
1307 1806 1365 1828 me
1380 1794 1527 1830 irretivit
1541 1803 1635 1830 veste
1647 1796 1711 1830 su—

1031 1843 1105 1877 riali
1124 1844 1281 1879 inscium.
1298 1846 1363 1878 Ed.
1379 1863 1423 1871 —-
1441 1847 1584 1890 Tamti,-
1600 1846 1712 1882 nostri

1031 1896 1145 1942 Regii,
1159 1898 1290 1930 dedisti.
1306 1896 1348 1931 In
1360 1896 1471 1941 Ibide,
1482 1898 1557 1945 493,
1573 1899 1712 1942 Quido-

1031 1961 1077 1982 na
1091 1951 1170 1983 tulit
1176 1950 1313 1983 Lernoeo
1329 1951 1437 1983 tincta
1454 1963 1587 1984 veneno.
1601 1950 1667 1985 Ed.

1077 2001 1150 2034 216.
1170 2002 1319 2035 Genibus
1333 2013 1452 2035 manus
1467 2003 1636 2042 adbibere,
1656 2013 1714 2048 ge-·

1031 2065 1103 2086 nua
1114 2052 1287 2097 amplecti.
1300 2051 1485 2086 claudian.
1496 2052 1539 2086 R.
1552 2053 1592 2087 P.
1604 2053 1620 2087 I
1630 2079 1639 2096 ,
1653 2057 1707 2097 50,

1028 2106 1167 2148 genibus
1177 2106 1350 2138 admovere
1360 2116 1487 2138 manus.
1504 2104 1538 2138 Is
1549 2104 1635 2138 ritus
1645 2105 1711 2139 suit

1030 2155 1235 2201 supplicum.
1253 2154 1347 2189 Cum
1364 2168 1437 2200 sqq.
1453 2155 1574 2189 confer
1589 2155 1709 2190 Sene--

1032 2220 1108 2242 cam
1120 2208 1226 2241 Herc.
1239 2207 1312 2241 OEt.
1322 2208 1358 2242 81
1368 2221 1383 2252 7
1393 2220 1466 2252 sqq.
1476 2207 1535 2252 qui
1547 2220 1619 2241 non
1630 2209 1709 2243 satis

1030 2259 1176 2294 feliciter
1197 2259 1367 2294 Nostrum
1392 2259 1565 2304 expressit.
1591 2259 1708 2294 Etiam

1034 2311 1196 2358 Hyginus
1208 2337 1217 2354 ,
1240 2311 1307 2344 sab.
1325 2310 1368 2344 36
1379 2319 1399 2354 ,’
1412 2317 1553 2345 rotatum
1568 2313 1603 2345 in
1619 2324 1711 2345 mare

1022 2363 1202 2408 jaculatus
1220 2369 1279 2397 est.
1305 2361 1393 2396 Inde
1413 2363 1541 2396 fretum
1562 2362 1646 2395 illud
1665 2362 1707 2397 ab

1034 2415 1199 2462 AEschylo
1212 2414 1344 2448 dictum
1359 2416 1468 2457 τύμὸος
1489 2413 1588 2448 ἀθλίου
1607 2419 1707 2458 Λίχα.

1033 2467 1139 2512 Apud
1155 2466 1362 2511 Sophoclem
1377 2490 1386 2507 ,
1407 2464 1468 2511 793
1481 2490 1491 2507 ‚
1508 2464 1629 2499 Lichas
1644 2478 1708 2510 pe—

1033 2522 1095 2553 trae
1107 2518 1267 2552 alliditur.
1283 2518 1365 2552 Non
1381 2516 1511 2549 mirum
1528 2523 1578 2550 est
1591 2543 1600 2559 ,
1620 2517 1707 2552 Nos—

1032 2578 1127 2605 trum
1147 2569 1331 2615 praetulisse
1353 2568 1707 2603 transformationem.

1033 2625 1246 2658 —Euboicas
1255 2622 1376 2663 undas5
1386 2633 1482 2654 mare
1494 2620 1688 2654 Euboicum
1699 2633 1707 2654 :

1033 2688 1117 2710 nam
1136 2674 1305 2709 Cenaeum
1324 2672 1605 2718 promontorium
1617 2698 1627 2715 ,
1646 2672 1706 2706 ubi

1034 2727 1204 2762 Hercules
1224 2724 1474 2760 sacrificaturus
1499 2731 1593 2769 peste
1619 2735 1704 2757 cor-

1033 2787 1151 2825 reptus
1166 2785 1237 2823 est,
1258 2778 1420 2812 imminet
1437 2778 1592 2812 Euboico
1607 2776 1712 2811 mari:
