1820 3106
291 275 378 319 356

662 276 713 318 Ρ.
747 276 986 320 OVIDII
1024 274 1326 322 NASONIS

288 369 437 433 thue
462 378 553 433 erat
575 366 806 433 impatiens
830 367 1098 432 irae„Sigeia
1122 381 1248 418 torvo

287 444 437 492 Litora
456 443 671 509 respexit,
695 442 961 510 classemque
985 445 1030 492 in
1053 445 1201 514 litore,
1226 444 1379 494 vultu:

286 520 608 586 Intendensque
633 539 787 568 manus
803 558 815 579 ,
844 544 865 564 «
891 522 1101 584 Agimus,
1126 525 1208 589 pro
1230 523 1457 589 Juppiter!
1482 524 1655 592 inquit,
1676 539 1697 573 5

286 601 403 648 Ante
424 611 536 647 rates
559 618 755 658 causam;
784 611 827 648 et
852 618 1019 648 mecum
1045 601 1266 649 confertur
1289 601 1466 651 Ulixes!

284 680 348 727 At
367 697 458 726 non
482 678 708 726 Hectoreis
731 677 948 726 dubitavit
968 678 1115 727 cedere
1137 679 1345 740 flammis,

282 805 491 841 Homericus
507 804 710 839 transeundi
727 804 852 839 modus
863 831 873 849 ‚
896 796 957 849 ὅγε

281 857 347 893 κατ’
364 857 410 907 ἄρ’
427 861 519 898 ἕζετο·
539 866 620 892 τοῖσι
640 855 669 892 δ’
689 858 808 897 ἀνέστη·
832 859 883 890 ad
896 858 958 891 hos

281 919 378 954 τοῖσι,
406 909 449 944 ad
472 909 535 944 hos
558 910 663 944 verba
686 908 848 945 factums.
871 909 956 945 Sine

280 977 381 999 causa
400 963 567 997 Heinsius
589 962 772 1005 suadebat,
790 965 833 996 ab
849 964 958 997 hic.—

286 1017 427 1059 Vulgus,
443 1018 532 1057 λαὲς,
549 1015 674 1049 milites
685 1013 832 1060 gregarii
845 1041 854 1057 ,
868 1026 957 1059 quo-

279 1079 361 1101 rum
391 1069 508 1100 stabat
529 1079 651 1100 corona
667 1093 675 1106 ‚
705 1066 764 1111 qui
792 1066 956 1101 audiendi

278 1131 379 1153 causa
398 1130 598 1152 consessum
616 1117 774 1162 judicum
797 1117 893 1151 omni
915 1130 957 1151 ex

277 1176 374 1216 parte
383 1176 512 1204 stantes
520 1169 715 1214 cingebant.
726 1169 955 1214 Quamquam

277 1220 366 1266 apud
387 1221 534 1255 Homer.
548 1220 671 1266 vulgus
682 1220 790 1255 sedet.
800 1240 843 1246 —
856 1220 954 1265 Aiaci

278 1273 370 1319 apud
391 1274 593 1307 Homerum
607 1299 615 1314 ‚
633 1286 665 1307 v.
686 1286 714 1307 c.
732 1272 771 1306 Il.
793 1279 837 1315 H,
861 1285 923 1319 927
940 1298 950 1315 ,

274 1325 334 1359 ubi
357 1325 462 1359 etiam
482 1323 707 1366 describitur,
733 1323 836 1358 datur
855 1328 953 1360 ἔπτα-

275 1380 366 1412 Εέειον
399 1382 459 1409 aut
492 1377 643 1411 ἕπτάέαιον
671 1375 761 1413 being
780 1400 789 1418 ,
815 1382 951 1420 sepiem

206 1428 208 1430 ’
272 1429 380 1462 boum
393 1427 493 1461 coriis
510 1426 681 1460 obductus
693 1426 831 1471 clypeus
846 1439 854 1467 ;
871 1426 950 1460 vide

273 1478 317 1513 ad
339 1479 411 1513 XII
425 1504 433 1520 ‚
451 1480 518 1524 95:
536 1485 570 1511 et
593 1477 665 1521 ipse
690 1477 779 1521 Ajax
802 1481 950 1522 σακεσφό-

272 1548 332 1581 ρος,
344 1530 436 1576 quod
447 1529 834 1573 Nosterinterpretatur
842 1531 955 1574 clypei

271 1587 434 1619 dominus.

315 1637 347 1670 3.
372 1636 436 1674 Ut,
462 1641 582 1680 utpote
605 1634 686 1679 qui;
708 1632 857 1677 Cicero,
884 1646 948 1678 pro

273 1687 375 1722 Rose.
392 1686 472 1721 Am.
487 1700 523 1731 17
537 1712 546 1729 ,
564 1687 690 1725 Homo,
708 1691 747 1718 ut
759 1685 949 1729 eratsurio-

272 1753 347 1780 sus,
365 1740 556 1782 respondem
578 1738 626 1772 sic
648 1744 684 1771 et
706 1737 779 1772 XII
792 1762 801 1778 ,
818 1737 892 1771 258.
905 1756 948 1763 —

273 1794 455 1835 Impatiens
470 1793 527 1823 ira·
535 1817 542 1830 ,
555 1787 739 1824 iracundus
750 1802 758 1830 ;
768 1788 947 1833 Livius,V,

272 1843 315 1877 38
327 1868 336 1886 ,
355 1843 455 1876 Galli
449 1843 638 1887 flagrantes
648 1844 716 1880 ira,
730 1841 828 1886 cujus
844 1844 948 1885 impa-

270 1898 446 1937 tiensgens
455 1899 524 1935 est;
541 1892 609 1926 vid.
630 1892 806 1927 Heinsius.
821 1892 947 1937 Quint.

272 1945 391 1979 Calab.
410 1946 489 1987 180,
508 1944 575 1988 μέγ’
593 1945 769 1988 ἄσχαλάων.
790 1943 848 1978 Sic
865 1943 948 1977 bre-

270 1996 359 2030 viter
372 2008 486 2029 mores
499 1995 614 2039 Aiacis
625 2001 794 2029 notantur
805 2019 814 2037 ‚
834 2001 870 2028 et
884 1993 946 2027 ad-

271 2059 476 2088 monemur,
494 2046 601 2090 qualis
616 2046 688 2090 jam
703 2045 814 2080 oratio
829 2058 947 2089 exspe-

270 2097 394 2132 ctanda
410 2097 688 2140 site—Respexit,
709 2096 807 2130 vultu
822 2095 947 2139 ajudi-

269 2150 365 2184 cibus
381 2149 424 2184 ad
441 2149 541 2183 litora
559 2161 668 2183 verso.
689 2148 804 2194 Vulgo
820 2148 946 2193 legitur

263 2204 459 2246 prospext't‚·
489 2199 582 2245 quod
607 2200 754 2233 verbum
779 2200 851 2243 jam
881 2200 946 2234 da-

269 2253 403 2287 mnavit
420 2251 702 2296 Ciofan.—Regii
713 2250 846 2286 codices
860 2251 945 2286 dant

268 2309 436 2348 νεαγενῆ
455 2303 528 2337 haec
550 2315 632 2337 vera
655 2310 691 2337 et
718 2302 868 2348 genuina
893 2310 945 2337 est

268 2356 371 2391 lectio
380 2369 389 2396 ;
399 2367 483 2389 nam
490 2361 581 2389 torvo
590 2356 686 2388 vultu
697 2354 842 2388 mirifice
852 2367 943 2389 com-

269 2409 456 2443 mendatur
475 2423 483 2449 ;
510 2408 539 2442 si
563 2410 670 2442 oculis
687 2434 695 2447 ,
726 2420 799 2441 non
822 2410 914 2442 vultu
928 2436 937 2449 ‚

269 2461 406 2495 dixisset
416 2486 425 2503 ‚
444 2460 555 2505 aptius
571 2459 662 2493 soree
672 2463 865 2503 prospexm·
881 2459 943 2493 sed

269 2513 358 2556 Aiax
381 2525 400 2545 a
423 2511 594 2556 judicibus
619 2511 661 2544 ad
685 2523 781 2545 mare
808 2511 943 2545 vultum

267 2562 551 2609 indignabundus
571 2563 698 2607 vertit,
722 2574 804 2608 ergo
827 2575 943 2607 respe—

268 2618 324 2648 xit
339 2617 449 2648 litora.
467 2614 533 2647 Ed.

313 2670 343 2701 5.
369 2669 548 2702 Intendens
570 2679 698 2701 manus.
721 2669 891 2701 Intendere
908 2674 943 2702 et

267 2721 399 2754 tendere
418 2733 536 2753 manus
550 2720 742 2764 promiscue
764 2733 942 2765 usurpan—

270 2776 347 2813 tur,
363 2769 441 2805 vide
454 2770 630 2806 Drakenb·
644 2771 821 2807 :id-Silium
834 2797 843 2816 ‚
858 2771 940 2815 XV,

1022 804 1097 848 640.
1117 823 1161 832 —-
1180 806 1324 850 Agimus
1341 819 1490 841 causam.
1514 806 1603 852 Aiax
1620 819 1696 843 non

1021 858 1128 892 modo
1139 857 1174 892 id
1191 858 1330 903 agebat,
1349 865 1388 893 ut
1402 871 1498 893 arma
1508 860 1695 906 acciperet,

1021 908 1082 944 sed
1100 909 1303 943 fortitudine
1313 922 1375 944 sua
1387 935 1397 952 ‚
1410 922 1476 955 qua
1486 935 1496 953 ,
1514 908 1697 947 interfecto

1022 962 1175 1004 Achille,
1197 962 1347 1007 reliquos
1365 962 1469 997 duces
1487 974 1608 999 omnes
1627 977 1695 998 su-

1022 1015 1165 1060 perabat
1174 1041 1183 1058 ‚
1202 1015 1290 1049 adeo
1300 1015 1519 1060 superbiebat
1531 1042 1540 1060 ,
1555 1023 1594 1051 ut
1606 1017 1699 1052 iudi-

1021 1066 1182 1110 gnissime
1192 1065 1299 1100 ferret
1308 1092 1318 1109 ,
1330 1078 1540 1111 quemquam
1552 1066 1694 1111 audere,

1021 1117 1186 1164 Ulyssem
1199 1117 1358 1162 inprimis
1373 1144 1382 1161 ‚
1400 1131 1472 1153 non
1489 1130 1594 1153 manu
1608 1145 1618 1162 ,
1634 1118 1696 1154 sed

1020 1168 1205 1204 calliditate
1221 1176 1256 1203 et
1271 1169 1431 1204 facundia
1445 1170 1669 1212 excellentem
1684 1196 1694 1214 ,

1019 1233 1138 1255 secum
1149 1219 1374 1256 contendere.
1396 1220 1472 1256 Hac
1488 1220 1694 1267 indignitate

1018 1277 1235 1305 commotum
1260 1271 1418 1305 animum
1441 1271 1602 1317 praeclare
1626 1285 1694 1306 ex·-

1018 1323 1138 1367 primit
1165 1323 1231 1358 hoc
1257 1322 1437 1357 exordium
1464 1335 1551 1358 vers.
1578 1327 1693 1365 5-20;

1016 1374 1181 1419 idemque
1199 1386 1321 1409 sensus
1341 1387 1404 1419 per
1428 1381 1537 1409 totam
1558 1375 1693 1410 oratio-

1017 1439 1101 1460 nem
1120 1433 1253 1471 regnat.
1267 1425 1515 1470 Indignitatem
1528 1426 1580 1461 rei
1590 1426 1692 1461 abru-

1016 1484 1073 1523 pte
1091 1485 1125 1512 et
1143 1490 1225 1512 cum
1248 1478 1342 1523 gravi
1366 1477 1611 1513 acclamatione
1628 1480 1694 1522 pro¹

1014 1531 1162 1574 Jupiter!
1174 1530 1356 1574 dupliciter
1368 1530 1533 1565 declarat:
1545 1531 1690 1575 Agimus

1014 1593 1152 1614 causam
1163 1588 1242 1614 ante
1253 1587 1341 1615 rates
1349 1608 1357 1621 ,
1371 1594 1454 1626 quas
1464 1593 1528 1627 ego
1538 1582 1668 1616 servavi
1678 1606 1688 1624 ,

1000 1637 1047 1665 et
1062 1643 1186 1664 mecum
1201 1631 1370 1674 confertur
1382 1632 1502 1665 Ulixes
1511 1658 1520 1673 ‚
1533 1644 1613 1667 cum
1624 1644 1691 1666 no-

1012 1681 1179 1716 bilissimo
1199 1689 1235 1716 et
1250 1682 1436 1717 fortissimo
1457 1683 1563 1718 heroe
1585 1682 1688 1718 frau—

1014 1733 1177 1769 dulentus
1201 1741 1236 1768 et
1258 1734 1410 1779 ignavus.
1431 1735 1540 1769 Recte
1561 1734 1689 1780 Quin·—

1013 1785 1167 1827 tilianus,
1179 1785 1264 1820 Inst.
1276 1784 1343 1820 Or.
1355 1785 1402 1828 V,
1415 1796 1437 1819 x
1448 1811 1457 1827 ,
1471 1787 1510 1828 41
1525 1798 1562 1820 z«
1576 1785 1688 1822 Locus

1013 1850 1031 1866 n
1052 1837 1093 1870 ad
1120 1836 1462 1872 commendationem
1487 1850 1626 1883 quoque
1652 1845 1689 1873 et

1014 1901 1032 1917 υ
1051 1887 1217 1921 invidiam
1230 1887 1318 1922 valet
1334 1900 1342 1922 :
1359 1894 1487 1922 namet
1497 1888 1586 1933 Ajax
1596 1889 1689 1934 apud

1015 1955 1032 1971 »
1054 1940 1242 1984 Ovidium,
1255 1941 1347 1975 Ante
1354 1948 1459 1981 rates,
1475 1941 1608 1986 inquit,
1619 1946 1688 1988 agi-

1013 2007 1031 2023 »
1050 2005 1123 2026 mus
1138 2005 1286 2027 causam.
1309 2007 1326 2023 >¹
1347 1993 1443 2027 Hinc
1463 1994 1606 2028 classem
1627 2007 1685 2029 re-

1010 2045 1156 2090 spexisse
1174 2051 1339 2078 monetur
1350 2070 1360 2087 ,
1380 2045 1479 2078 vultu
1493 2045 1567 2090 ipso
1586 2045 1687 2080 indi·-

1011 2096 1213 2142 gnationem
1230 2095 1411 2140 prodente.
1429 2114 1474 2122 —
1491 2097 1682 2141 Consertur,

1008 2160 1045 2181 se
1060 2148 1194 2182 confert
1209 2160 1216 2181 ε
1233 2159 1323 2181 unus
1335 2146 1464 2182 Medic.
1474 2159 1598 2182 mecum
1608 2161 1685 2182 con·

1008 2201 1116 2232 tendit
1127 2198 1404 2234 [flam-Hanc
1419 2199 1604 2239 lectionem
1619 2212 1684 2245 pov-

1009 2258 1173 2286 stremam
1186 2278 1195 2295 ,
1213 2265 1317 2297 quam
1329 2252 1460 2287 habent
1474 2253 1575 2298 Regii
1587 2253 1685 2288 codi-

1008 2318 1082 2347 ces,
1101 2304 1285 2349 probarem
1302 2305 1368 2339 nisi
1384 2304 1473 2339 infra
1485 2331 1495 2348 ,
1511 2317 1600 2339 vers.
1618 2318 1658 2352 79
1670 2330 1680 2349 ,

1008 2363 1097 2390 esset
1115 2368 1238 2390 mecum
1255 2358 1440 2397 contende‚·
1460 2368 1536 2399 quae
1553 2356 1679 2404 repeti-

1008 2408 1056 2441 tio
1083 2415 1123 2442 ut
1149 2408 1277 2441 vitetur
1289 2433 1299 2451 ‚
1325 2407 1534 2442 servandum
1562 2414 1614 2442 est
1644 2410 1678 2444 τὸ

1007 2459 1179 2503 confirtur.
1193 2458 1258 2492 Ed.

1050 2526 1080 2556 7.
1093 2513 1144 2545 At
1157 2525 1224 2546 non
1238 2512 1411 2546 Hectoreis
1428 2519 1492 2547 etc.
1509 2511 1654 2558 Troiani
1663 2538 1675 2558 ‚

1008 2563 1162 2597 Hectore
1178 2563 1276 2605 duce,
1288 2563 1404 2607 ignem
1417 2562 1545 2599 inferre
1562 2577 1675 2599 cona-

1005 2616 1134 2649 bantur
1147 2617 1292 2650 navibus
1306 2615 1510 2650 Graecorum
1520 2643 1530 2660 ,
1553 2618 1674 2662 quibus

1006 2669 1185 2703 conatibus
1208 2668 1391 2703 fortissime
1415 2670 1539 2704 restitit
1562 2669 1649 2714 Aiax
1668 2683 1677 2710 ;

1006 2719 1185 2754 Homerus
1198 2746 1208 2763 ,
1224 2720 1264 2755 Il.
1281 2727 1308 2755 Ο
1321 2727 1356 2754 et
1367 2727 1401 2756 n.
1415 2720 1548 2755 Eadem
1558 2733 1595 2754 re
1605 2720 1681 2765 glo-

1003 2772 1115 2807 riatur
1135 2772 1240 2809 etiam
1260 2772 1351 2817 apud
1387 2772 1511 2816 Quint.
1544 2770 1678 2806 Calabr.
