1820 3106
278 211 359 272 176

638 214 688 256 P.
736 212 972 258 OVIDII
1008 212 1307 259 NASONIS

267 305 341 352 An
363 304 563 368 genuisse
586 304 691 354 velit
714 306 1016 372 Propoetidas3
1038 307 1204 356 abnuat
1225 326 1347 372 aeque
1363 321 1378 367 ,'

267 382 415 447 Atque
438 380 538 430 illos
554 419 565 440 ,
592 383 766 445 gemino
793 383 1009 449 quondam
1039 383 1199 450 quibus
1223 404 1375 450 aspera
1399 404 1540 434 cornu

266 459 406 507 Frons
429 471 545 516 erat;
568 459 684 507 unde
708 460 837 508 etiam
859 479 1020 509 nomen
1043 473 1209 509 traxere
1234 463 1436 511 Cerastae.

266 537 384 584 Ante
407 535 523 584 fores
547 537 707 584 horum
731 537 877 586 stabat
898 538 1024 586 Jovis
1047 538 1250 604 Hospitis
1271 558 1368 596 ara,

266 613 490 676 Lugubris
511 613 683 663 sceleris
704 633 713 662 :
736 633 865 680 quam
888 615 925 662 si
950 615 1047 680 quis
1073 616 1283 678 sanguine
1306 616 1486 665 tinctam

1613 629 1679 663 225

268 690 449 738 Advena
474 690 680 749 vidisset,
703 703 916 739 mactatos
937 691 1132 740 crederet
1152 691 1242 738 illic

268 770 499 816 Lactentes
522 767 707 826 vitulos,
731 768 1113 818 Amathusiacasve
1136 769 1338 818 bidentes
1357 788 1367 817 ε

267 847 445 911 Hospes
470 857 560 893 erat
584 864 718 893 caesus
742 865 752 892 z
777 845 910 894 sacris
934 845 1102 894 offensa
1125 846 1326 894 nefandis
1345 883 1356 903 ‚

267 924 370 988 Ipsa
394 941 494 970 suas
517 922 650 970 urbes
666 960 678 979 ‚
707 922 1013 988 Ophiusiaque
1037 942 1136 971 arva
1160 923 1343 988 parabat

268 1001 477 1048 Deserere
502 1000 614 1048 alma
637 1001 788 1048 Venus
812 1019 822 1048 :
849 1022 870 1042 «
895 999 1111 1069 Sed-quid
1134 999 1229 1048 loca
1253 1011 1395 1062 grata,
1418 997 1525 1066 quid
1546 997 1682 1047 urbes

268 1078 506 1126 Peccavere
530 1078 668 1125 meae?
690 1076 811 1142 quod
836 1076 998 1125 crimen
1013 1114 1024 1135 ‚
1051 1077 1161 1125 dixit
1174 1114 1185 1134 ‚
1206 1076 1253 1124 in
1273 1076 1394 1125 illis?

1617 1089 1677 1123 231

268 1155 437 1204 Exsilio
463 1173 636 1221 poenam
659 1154 810 1220 potius
838 1172 944 1216 gens
966 1154 1101 1220 impia
1124 1154 1313 1222 pendat,

269 1269 421 1304 delectus
431 1281 471 1303 ex
480 1268 704 1313 sequentibus
715 1283 723 1310 ;
740 1270 883 1302 abnuere
894 1275 945 1303 est

269 1322 415 1355 verbum
431 1320 474 1354 ad
490 1333 577 1354 rem.
596 1321 661 1354 Ed.

316 1387 389 1407 222.
417 1374 544 1415 Quibus
565 1385 686 1416 aspera
705 1385 808 1406 cornu
820 1372 938 1415 frons,

272 1425 330 1470 qui
343 1437 473 1459 cornua
485 1424 519 1457 in
533 1424 648 1458 sronte
660 1424 946 1468 gerebant.-—As-

264 1489 396 1520 perum,
423 1474 591 1520 quidquid
609 1475 815 1509 eminentias
832 1474 944 1508 habet.

271 1528 349 1562 -Α
360 1530 444 1573 κέρας
453 1526 533 1561 dicti
541 1533 622 1561 sunt
634 1531 788 1575 nepam-ozi,
798 1526 945 1560 cornuti.

272 1581 349 1626 Ipsa
361 1579 471 1614 insula
483 1578 572 1614 dicta
583 1577 733 1612 Cerastis
743 1604 752 1621 ,
762 1577 857 1622 quia,
871 1590 945 1611 auc-

272 1639 347 1666 tore
363 1632 548 1675 Xenagora
564 1655 573 1673 ,
600 1632 693 1664 πολλὰ
714 1632 822 1678 κέρατα
838 1654 847 1671 ,
867 1626 946 1663 τοῦτ’

272 1687 338 1719 ’ἐστι
348 1684 455 1721 πολλὰς
467 1684 593 1726 ἐξοχὰς,
616 1685 682 1725 ’ἔχει
694 1707 703 1724 ,
725 1679 803 1725 quia
820 1679 946 1713 multas

272 1735 480 1770 eminentias
494 1760 503 1778 ,
527 1734 562 1768 id
578 1741 628 1769 est
643 1760 652 1777 ‚
679 1733 919 1778 promontoria
934 1758 944 1775 ,

272 1788 430 1823 habebat.
446 1787 547 1822 Adde
560 1786 726 1832 Stephan.
740 1785 776 1820 in
789 1785 854 1820 hoc
865 1798 947 1818 ver-

271 1843 368 1877 bum.
386 1842 481 1876 Hinc
494 1848 576 1875 nata
590 1839 713 1875 sabula.

317 1897 391 1938 224.
415 1895 548 1938 Hospes
563 1920 571 1934 ‚
603 1891 778 1938 hospitalis
791 1917 800 1934 ,
830 1893 934 1935 ξένιος,

271 1947 370 1992 cujus
386 1947 422 1980 in
440 1945 546 1980 tutela
560 1945 711 1989 hospites
726 1950 842 1984 erant;
863 1942 947 1977 Vir-

273 1999 371 2044 gilius
388 1998 470 2032 AEn.
488 1998 504 2032 I
518 2024 527 2040 ,
546 1997 618 2043 731.
633 2014 677 2023 ·—
693 1997 857 2039 lugubris
872 2006 949 2028 scc—

272 2055 351 2086 letis
367 2050 549 2096 plerosque
566 2049 712 2084 offendit
732 2049 946 2094 interpretes.

273 2103 381 2137 Multi
398 2102 527 2136 habent
541 2103 724 2144 inlugubrllr
736 2128 743 2135 .
759 2107 818 2134 aut
827 2102 946 2143 illugu-

274 2158 343 2190 bris
355 2181 363 2195 ‚
382 2162 417 2188 et
428 2166 490 2199 pro
501 2156 635 2187 sceleris
644 2180 652 2194 ‚
672 2155 787 2186 celeris
796 2178 804 2192 ,
827 2154 943 2191 celeri,

273 2205 566 2243 scelera—Codex
582 2204 712 2249 Regius
727 2203 770 2247 A,
783 2205 948 2248 Lugubnk

275 2262 410 2294 sceleris
432 2264 468 2292 et
488 2256 531 2290 ad
551 2256 743 2300 marginem
762 2268 781 2289 a
797 2253 947 2289 secunda

274 2324 384 2347 manu
392 2311 438 2349 Il,
454 2316 493 2343 ut
502 2308 562 2342 fiat
573 2309 762 2351 Illugubris.
773 2306 892 2340 Codex
903 2306 945 2348 B,

274 2365 456 2408 Jllugubris
466 2363 599 2395 sceleris
610 2371 621 2401 ‚·
634 2359 693 2394 sed
705 2359 802 2392 male.
817 2358 885 2392 Hic
895 2358 948 2391 lo—

276 2430 334 2452 cus
346 2414 532 2450 mendosus
544 2438 553 2457 ,
566 2419 600 2446 et
611 2411 711 2445 variis
720 2417 857 2445 vexatus
869 2422 948 2443 con-

274 2469 424 2515 jecturis.
441 2469 506 2501 Ed.
522 2485 564 2492 ·—
579 2465 744 2500 Heinsius
761 2462 942 2505 emendat,

274 2522 409 2555 ilicibus
421 2520 558 2553 celebris
569 2528 580 2558 ‚·
597 2516 812 2560 Schepperus
823 2540 832 2557 ‚
850 2515 949 2548 coedt‘-

275 2575 337 2606 bus
352 2574 515 2610 1'lluslr1255
537 2570 760 2603 Burmannus
776 2593 784 2610 ,
802 2568 948 2610 lugubris

283 2625 419 2663 Veneri,
450 2621 530 2666 quia
553 2621 607 2654 illa
631 2620 794 2653 abhorret
818 2631 837 2651 a
860 2630 947 2651 san-

277 2673 381 2719 guine
394 2680 429 2707 et
439 2673 539 2707 sacris
550 2671 717 2706 nefandis.
731 2669 948 2704 Schirachius

278 2732 396 2759 autem
406 2724 578 2769 vulgatam
592 2730 728 2767 tuetur,
742 2734 886 2767 eamque
902 2721 947 2755 ita

1008 1267 1098 1312 capit
1117 1279 1124 1301 :
1141 1274 1175 1302 at
1190 1267 1246 1301 illa
1262 1273 1336 1302 erat
1354 1279 1410 1301 ara
1427 1265 1580 1311 lugubris
1593 1291 1602 1309 ,
1623 1277 1682 1299 ara

1009 1320 1154 1355 sceleris.
1164 1321 1287 1365 Neque
1300 1320 1398 1354 aliter
1409 1319 1482 1354 haec
1492 1318 1596 1364 accipi
1608 1331 1683 1364 pos-

1007 1378 1089 1406 sunt
1104 1398 1113 1415 ,
1133 1372 1159 1406 si
1177 1371 1278 1405 lectio
1294 1384 1438 1406 sana.—
1452 1371 1544 1406 Ama
1558 1373 1683 1404 busia-

1008 1424 1221 1458 casve.Unus
1231 1423 1684 1458 LeidensisAmatbuszbzdes-

1009 1488 1071 1519 que
1079 1486 1090 1515 ‚·
1105 1475 1271 1509 Heinsius
1279 1475 1361 1520 legit
1369 1475 1684 1509 Amalhusiadasoe.

1009 1545 1052 1552 -—-
1069 1526 1169 1571 Regii
1194 1526 1303 1560 nostri
1333 1527 1657 1571 Amathusiacasque
1671 1538 1683 1559 .·

1009 1590 1075 1612 nec
1092 1577 1238 1611 dubium
1255 1577 1338 1622 quin
1359 1577 1549 1623 copulativa
1568 1590 1629 1622 que
1645 1577 1684 1611 in

1009 1630 1075 1665 hoc
1095 1642 1197 1664 versu
1209 1656 1218 1672 ,
1240 1630 1327 1664 sicut
1351 1635 1386 1663 et
1405 1641 1508 1674 supra
1524 1628 1560 1662 in
1581 1641 1684 1663 versu

1010 1694 1073 1715 202
1085 1708 1094 1725 ,
1107 1681 1221 1725 recepi
1237 1687 1351 1726 queat.
1363 1679 1627 1715 Amathusiacas
1637 1683 1685 1714 bi-

1010 1735 1126 1768 dentes
1140 1746 1149 1765 :
1168 1732 1313 1780 Cyprias
1329 1744 1428 1773 oves;
1446 1744 1528 1765 nam
1545 1730 1684 1778 Cyprus

1010 1783 1216 1818 Amathusia
1229 1783 1333 1817 etiam
1347 1783 1413 1817 suit
1430 1782 1607 1828 appellata.
1617 1783 1683 1816 Ed.

1056 1848 1129 1882 229.
1145 1837 1226 1877 Ipsa
1250 1847 1331 1868 suas
1353 1837 1458 1868 urbes.
1481 1835 1604 1868 Venus
1621 1846 1685 1879 per

1012 1902 1134 1923 omnes
1150 1888 1259 1936 Cypri
1271 1889 1366 1922 urbes
1377 1887 1506 1933 templa
1517 1887 1664 1921 habebat
1673 1912 1684 1930 ,

1011 1942 1126 1987 ibique
1139 1941 1297 1986 inprimis
1309 1940 1495 1975 colebatur.
1519 1939 1614 1974 Hinc
1622 1940 1685 1973 Di·

1012 1998 1176 2037 papatem
1191 1993 1426 2038 CypriHorat.
1438 1992 1454 2026 I
1466 2017 1476 2035 ,
1492 1990 1562 2026 Οᾶ.
1573 2001 1619 2025 111
1629 2015 1639 2034 ,
1657 2004 1684 2024 1.

1016 2046 1180 2088 Ophiussa
1194 2044 1276 2077 olim
1292 2043 1381 2078 dicta
1396 2043 1535 2090 Cyprus
1550 2043 1594 2077 ob
1609 2055 1685 2077 ser-

1011 2095 1169 2141 pentium
1187 2095 1460 2129 multitudinem.
1475 2094 1555 2129 Vid.
1568 2094 1686 2140 Span-

1011 2148 1105 2182 hem.
1118 2148 1160 2182 ad
1176 2146 1350 2192 Aristoph.
1363 2148 1454 2182 Plut.
1467 2161 1499 2193 p.
1513 2161 1584 2193 717.
1595 2147 1686 2182 Bur-

1012 2213 1143 2246 manno
1162 2207 1278 2235 autem
1292 2212 1415 2245 parum
1426 2200 1536 2245 placet
1549 2199 1684 2245 vulgata

1012 2254 1112 2288 lectio
1131 2253 1181 2287 :is
1206 2253 1311 2299 igitur
1335 2253 1389 2287 vel
1418 2265 1498 2287 cum
1521 2264 1593 2287 uno
1614 2251 1683 2286 MS

1012 2306 1115 2351 legit,
1139 2307 1220 2349 Ipsa
1241 2318 1324 2339 suas
1342 2307 1439 2339 sedes
1459 2304 1476 2351 (
1491 2316 1573 2338 nam
1589 2305 1685 2338 sedes

1012 2357 1173 2391 Deorum
1189 2364 1271 2391 sunt
1288 2357 1361 2391 lora
1379 2382 1389 2400 ,
1417 2356 1476 2390 ubi
1494 2353 1684 2399 coluntur)

1011 2408 1088 2451 vel,
1106 2410 1187 2452 Ipsa
1206 2421 1287 2442 suas
1300 2410 1396 2441 aedes.
1421 2405 1533 2440 Causa
1552 2418 1684 2440 emen-

1013 2459 1118 2494 dandi
1136 2460 1200 2493 suit
1215 2459 1287 2494 haec
1301 2485 1309 2502 ,
1333 2458 1411 2503 quia
1427 2470 1507 2491 mox
1522 2470 1593 2503 seq.
1606 2459 1690 2503 quid

1012 2514 1125 2552 urbes,
1145 2523 1222 2556 quae
1238 2509 1397 2555 repetitio
1412 2509 1443 2543 ei
1461 2521 1534 2543 non
1551 2509 1661 2554 placet
1673 2534 1682 2551 ,

1013 2564 1092 2608 quia
1109 2570 1192 2597 tunc
1208 2569 1241 2596 et
1255 2574 1335 2596 arm
1350 2560 1538 2606 repetenda
1550 2567 1663 2595 essent
1673 2586 1682 2603 ,

1014 2628 1122 2659 quum
1133 2617 1410 2656 nunclocagrata
1420 2612 1600 2656 dicat‚quae
1610 2618 1683 2645 tam

1013 2667 1141 2712 templa
1155 2692 1164 2709 ,
1184 2678 1288 2710 quam
1309 2665 1412 2698 urbes
1432 2671 1468 2699 et
1490 2676 1588 2706 arva,
1609 2675 1683 2697 no-

1014 2726 1085 2753 tare
1095 2724 1247 2764 possunt.
1260 2717 1335 2763 Ego
1345 2729 1428 2752 vero
1438 2716 1598 2761 iniquum
1610 2726 1681 2750 esse
