1820 3106
335 220 1024 292 METAMORPHOSE‘ON
1065 215 1194 268 LIB.
1234 225 1344 270 XV.

1469 226 1551 269 521

138 318 364 387 Quodque
384 319 524 383 magis
546 319 706 367 mirum
721 355 734 376 ‚
760 329 865 367 sunt
889 318 965 385 qui
988 337 1079 367 non
1104 338 1289 386 corpora
1312 331 1484 368 tantum
1499 357 1512 379 ,

136 401 303 449 Verum
326 399 495 463 animos
518 398 648 447 etiam
669 389 843 446 valeant
863 410 1058 456 mutare,
1087 397 1298 465 liquores.

139 478 226 527 Cui
247 496 340 526 non
362 467 510 526 audita·
534 488 601 525 est
625 476 844 526 obscoenae
866 475 1074 525 Salmacis
1097 476 1258 525 undae?

119 553 463 620 .AEthiopesque
484 552 642 602 lacus?
668 573 782 621 quos
804 553 841 602 si
866 553 966 620 quis
986 553 1189 603 faucibus
1211 553 1385 613 hausit,

1499 568 1565 603 320

136 633 238 682 Aut.
254 630 387 690 furit,
409 643 486 681 aut
506 632 666 681 mirum
688 632 857 699 patitur
880 629 1091 695 gravitate
1113 636 1334 698 soporem.

139 707 326 758 Clitorio
350 709 617 777 quicumque
641 709 759 759 sitim
783 709 836 758 de
857 708 980 756 fonte
1003 707 1179 767 levarit,

135 786 254 835 Vina
279 786 395 849 fugit
409 825 421 844 ‚
444 787 692 855 gaudetque
714 787 845 836 meris
869 787 1109 836 abstemius
1130 786 1288 845 undis3

138 863 226 912 Seu
246 863 313 912 vis
333 876 399 913 est
420 864 468 913 in
492 884 607 932 aqua
627 864 770 914 calido
794 864 1012 913 contraria
1032 863 1136 912 vino
1153 887 1170 923 ,>

138 940 264 999 Sive,
295 941 417 1008 quod
439 941 657 1006 indigenae
681 955 951 1003 memorant,
981 942 1252 992 Amithaone
1274 955 1405 992 natus
1422 981 1434 1003 ,
1498 957 1567 992 325

137 1020 358 1071 Proetidas
381 1021 604 1072 adtonitas
620 1034 856 1091 postquam
874 1041 955 1089 per
973 1041 1145 1071 carmen
1169 1033 1214 1071 et
1234 1022 1398 1072 herbas

138 1098 319 1166 Eripuit
342 1097 469 1149 furiis
483 1137 496 1158 ,
521 1101 784 1166 purgamina
807 1101 968 1149 mentis
990 1100 1037 1148 in
1059 1099 1158 1149 illas

139 1177 269 1227 Misit
292 1197 459 1245 aquas:
482 1179 722 1248 odiumque
744 1180 855 1229 meri
876 1179 1119 1247 permansit
1139 1179 1187 1227 in
1210 1179 1354 1228 undis.

138 1257 258 1306 Huic
278 1257 379 1307 fluit
397 1258 560 1308 effectu
583 1259 734 1326 dispar
755 1259 1018 1326 Lyncestius
1039 1258 1204 1316 amnis;

139 1335 288 1400 Quem
313 1335 579 1403 quicumque
602 1355 759 1403 parum
781 1337 1010 1386 moderato
1037 1347 1217 1399 gutture
1242 1335 1403 1395 traxit,

1503 1349 1572 1384 330

138 1413 274 1463 Haud
292 1413 418 1462 aliter
441 1414 608 1463 titubat
626 1453 638 1474 ,
665 1434 795 1482 quam
819 1415 858 1464 si
880 1414 998 1464 mera
1021 1415 1123 1463 vina
1146 1413 1349 1463 bibisset.

140 1553 262 1576 mann.
272 1547 393 1576 tamen
404 1553 446 1576 ex
454 1553 528 1577 uno
534 1540 665 1576 Medic.
676 1540 800 1576 suadet
812 1567 822 1585 ,

139 1600 174 1628 e!
187 1595 244 1629 hic
257 1594 396 1641 Sybaris
407 1620 416 1634 ,
437 1600 478 1628 ut
492 1593 588 1639 quasi
605 1592 825 1628 demonstret

140 1645 295 1694 vicinum
311 1645 481 1686 fluvium;
499 1645 664 1691 idemque
681 1658 722 1679 ex
739 1645 824 1680 Sal-

140 1697 241 1733 masii
253 1698 454 1733 Exercitatt.
465 1697 555 1733 Plin.
566 1710 598 1743 p.
612 1699 676 1741 540
685 1723 694 1740 ,
704 1704 804 1732 notat
813 1723 822 1740 ,

140 1759 181 1787 ut
196 1751 254 1787 hic
269 1754 392 1786 electro
407 1754 537 1786 similes
547 1778 556 1792 ‚
576 1750 623 1786 ita
643 1751 825 1786 Neronem

142 1804 303 1850 Poppaeae
319 1803 432 1839 crines
442 1806 598 1838 succinos
608 1802 804 1850 appellasse.

186 1856 262 1891 318.
279 1858 398 1891 Verum
411 1858 543 1890 animos
555 1858 668 1890 etiam.
679 1854 827 1890 Leiden-

142 1906 186 1943 sis
203 1914 238 1942 et
255 1913 326 1943 tres
347 1906 403 1942 alii
424 1909 544 1943 Verum
566 1910 698 1941 animos
718 1908 827 1940 homi-

142 1971 251 2003 num,·
286 1962 404 1995 Verum
431 1962 533 1994 etiam
557 1972 663 1994 mores
684 1965 830 2003 possunt

144 2018 272 2048 mutare
295 2025 388 2048 uuus
413 2011 545 2062 Moreti
566 2026 574 2054 ;
601 2010 703 2057 Regii
725 2011 828 2046 ambo

121 2086 131 2092 ·
145 2064 232 2100 nihil
248 2071 396 2100 mutant.
406 2064 511 2099 —De
523 2064 622 2098 fonte
639 2065 830 2099 Salmac1‘de

144 2117 224 2152 vide
237 2130 341 2163 supra
358 2117 429 2161 lv,
446 2117 521 2152 285.

154 2168 159 2178 “
189 2169 265 2204 322.
295 2170 454 2204 Clitotius
477 2167 558 2204 fons
586 2168 682 2213 juxta
707 2166 829 2203 Clito-

145 2220 239 2256 rium
254 2247 263 2265 ,
280 2220 407 2256 urbem
419 2219 578 2255 Arcadiae
591 2234 599 2262 ;
620 2221 807 2259 Pausanias
819 2247 828 2265 ,

146 2274 262 2319 v111,
279 2286 353 2319 cap.
367 2287 420 2308 αι.
445 2272 502 2308 De
520 2273 596 2318 ejus
614 2280 738 2309 natura
757 2274 832 2309 Pli-

149 2327 229 2363 nius
246 2354 256 2371 ,
287 2327 377 2363 XXI
391 2354 401 2370 ,
422 2340 440 2361 2
456 2339 465 2362 :
482 2341 500 2357 α
518 2327 639 2361 Varro
657 2327 780 2363 tradit.
798 2353 806 2361 .
823 2355 831 2363 .

148 2393 168 2411 υ
185 2379 307 2414 vinum
331 2378 436 2414 toedio
460 2378 580 2414 venire
599 2378 652 2414 his
670 2405 679 2423 ,
709 2379 768 2425 qui
791 2393 833 2414 ex

150 2445 169 2463 ²>
189 2431 339 2467 Clitorio
350 2432 424 2467 lacu
435 2431 598 2467 biberint.
612 2431 833 2468 AtEudoxus

151 2498 171 2514 »
187 2490 223 2519 et
233 2483 485 2530 Theopompus
500 2483 665 2519 inebriari
676 2484 834 2520 fontibus

151 2548 170 2566 >1
189 2535 249 2580 iis,
270 2549 356 2582 quos
373 2536 530 2572 diximus.
547 2552 563 2567 »
582 2536 689 2571 Conf.
711 2537 834 2572 Vitru-

150 2586 228 2623 vius
241 2614 251 2631 ‚
271 2588 387 2634 VIII,
409 2590 452 2631 33
479 2589 603 2624 Sotion
623 2589 660 2623 in
679 2590 837 2625 Parado-

152 2639 390 2686 xologomenis
400 2640 443 2675 de
456 2640 675 2676 Fluminibus
687 2667 696 2685 ‚
706 2648 740 2676 et
754 2641 836 2689 Ety-

152 2691 236 2728 mol.
259 2693 312 2728 M.
335 2691 371 2727 in
392 2697 559 2743 Κλιτέριον.
577 2712 621 2719 -
638 2693 708 2728 Pro
725 2696 837 2730 calido

153 2747 251 2788 vino,
269 2757 360 2781 unus
374 2744 506 2781 Moreti
519 2748 634 2782 valido
649 2749 740 2782 vino.

935 1541 1010 1576 325.
1034 1542 1196 1575 Proelides
1207 1567 1215 1581 ‚
1235 1538 1345 1575 Proeti
1362 1539 1376 1583 (
1388 1539 1430 1574 de
1444 1553 1513 1585 quo
1523 1539 1572 1583 V,

891 1594 956 1629 236
973 1594 988 1636 )
1020 1593 1099 1628 filiae
1118 1619 1128 1637 ,
1154 1593 1304 1641 Lysippe
1324 1619 1335 1637 ,
1366 1593 1513 1638 Iphinoe
1539 1601 1574 1628 et

891 1644 1091 1691 Iphianassa
1103 1671 1113 1688 ,
1133 1648 1292 1679 adtom'tae
1304 1672 1312 1686 ,
1337 1645 1483 1680 infamia
1498 1658 1576 1680 cor-

890 1703 1000 1741 reptae
1014 1722 1023 1740 ,
1036 1709 1146 1741 quum
1162 1709 1225 1741 per
1241 1696 1453 1742 Argivorum
1468 1697 1576 1732 Arca-

892 1747 1048 1793 dumque
1060 1747 1148 1783 fines
1166 1748 1225 1782 diu
1236 1755 1431 1792 errassent,
1457 1762 1476 1783 a
1492 1748 1576 1783 Me-

891 1798 1007 1846 lampo
1020 1825 1029 1842 ,
1053 1800 1272 1835 Amithaonis
1283 1801 1355 1835 silio
1368 1827 1377 1844 ,
1399 1809 1477 1836 vate
1493 1827 1502 1845 ,
1520 1814 1577 1836 sa-

892 1859 983 1887 natae
1000 1859 1082 1886 sunt
1098 1854 1224 1892 herbis,
1246 1853 1399 1887 elleboro
1415 1853 1577 1899 inprimis

892 1903 975 1939 inde
987 1904 1268 1950 Melampodium
1284 1905 1376 1941 dicto
1391 1921 1399 1948 ;
1422 1906 1576 1951 Apollo-

893 1955 1021 2000 dorus,
1044 1956 1103 1999 11,
1123 1967 1153 1991 11
1167 1983 1179 2000 ,
1201 1970 1241 1998 2;
1268 1957 1402 1993 Plinius
1415 1985 1424 2002 ,
1443 1959 1551 1994 XXV
1565 1985 1575 2003 ,

895 2019 947 2042 21.
959 2006 1017 2042 De
1031 2008 1162 2053 templo
1174 2007 1211 2042 in
1223 2009 1299 2053 ejus
1309 2009 1359 2044 rei
1370 2010 1579 2046 memoriam

893 2058 949 2093 vel
966 2059 1102 2094 Junoni
1115 2086 1124 2103 ,
1142 2060 1196 2095 vel
1211 2060 1356 2105 Dianae,
1375 2062 1430 2097 vel
1449 2062 1579 2098 Gratiis

893 2112 1006 2157 posito
1016 2112 1095 2147 vide
1107 2113 1336 2158 Pausaniam,
1351 2115 1405 2159 11,
1428 2129 1483 2158 1²3
1500 2116 1581 2151 He·-

894 2165 1053 2213 sychium
1070 2166 1107 2200 in
1123 2161 1371 2217 A'xpouch—In
1388 2171 1469 2203 Illas
1483 2171 1583 2204 Misit

895 2233 1011 2265 aquas.
1022 2221 1202 2257 Palatinus
1213 2221 1386 2258 secundus
1397 2229 1432 2257 et
1444 2230 1513 2258 tres
1525 2222 1582 2257 alii

896 2276 932 2309 in
946 2276 1027 2308 illas
1042 2274 1165 2310 Mersit
1180 2288 1299 2320 aquas.

941 2325 1017 2372 329.
1028 2328 1229 2373 lyncestius
1238 2331 1349 2363 amnis·
1360 2328 1400 2363 ad
1413 2327 1583 2375 oppidum

899 2379 1050 2425 Lyncum
1063 2379 1100 2413 in
1113 2379 1234 2425 Epiro,
1247 2381 1346 2426 eujus
1356 2381 1478 2416 incolae
1490 2382 1584 2427 lyn—

898 2438 1018 2473 cesloe;
1037 2431 1191 2476 Plinius,
1206 2434 1262 2477 11,
1280 2435 1340 2468 103
1355 2446 1362 2468 :
1376 2448 1392 2463 «
1406 2433 1583 2481 Lyncestis

901 2498 919 2514 »
939 2496 1046 2529 aqua,
1072 2497 1149 2529 quae
1166 2493 1310 2520 vocatur
1331 2485 1463 2521 acidula
1476 2511 1486 2529 ,
1508 2484 1583 2520 vini

901 2549 920 2566 2»
940 2531 1047 2570 modo
1062 2536 1291 2572 tremulentos
1308 2537 1434 2572 reddit.
1446 2552 1463 2568 »
1477 2535 1585 2572 Conf.

902 2587 1083 2622 Vitruvius
1103 2613 1113 2631 ,
1141 2588 1232 2623 VIII
1246 2615 1255 2633 ,
1284 2589 1305 2623 3
1319 2602 1328 2631 ;
1357 2589 1560 2626 Aristoteles
1573 2616 1585 2635 ,

903 2641 1103 2675 Meteor.11
1119 2667 1128 2684 ,
1142 2642 1181 2683 33
1196 2641 1321 2677 Sotion
1334 2642 1370 2676 in
1381 2642 1583 2678 Paradoxol.

903 2694 945 2730 de
958 2695 1072 2729 Flum.
1085 2707 1160 2741 pag.
1182 2698 1243 2731 125
1256 2710 1265 2742 3
1286 2695 1524 2733 Tertullianus
1539 2696 1584 2733 de

904 2748 1056 2793 Anima,
1076 2761 1148 2794 cap.
1166 2750 1218 2785 50.
