1820 3106
345 225 1046 275 METAMORPHOSEON
1079 227 1210 271 LIB.
1241 223 1398 272 VIII.
1545 243 1602 286 ²9

162 322 426 391 Tyndaridae
450 321 639 386 gemini,
665 333 891 390 spectatus
916 321 1124 381 caestibus
1147 320 1280 382 alter,

163 401 292 452 Alter
311 420 452 469 equ03
479 402 719 468 primaeque
742 400 851 450 ratis
874 398 1056 448 molitor
1077 401 1236 458 Iason;

163 481 227 529 Et
249 497 348 528 cum
372 477 606 538 Pirithoo,
629 477 734 528 felix
759 477 1024 536 concordia,
1048 477 1275 534 Theseus;

162 557 226 605 Et
248 555 339 605 duo
358 555 635 615 Thestiadae,
660 555 902 623 prolesque
924 555 1149 622 Aphareia
1173 556 1378 622 Lynceus
1392 592 1404 613 ,

163 634 225 683 Et
246 632 375 682 velox
394 632 520 693 Idas,
544 646 591 683 et
609 634 700 700 jam
723 654 816 683 non
842 633 1006 683 femina
1031 634 1242 691 CaeneuS,

1537 648 1604 683 305

163 713 508 780 Leucippusque
530 713 680 772 ferox,
703 712 942 780 jaculoque
965 712 1154 776 insignis
1177 712 1369 760 Acastus
1383 749 1395 769 ,

164 790 539 859 Hippotoosque,
563 793 821 860 Dryasque,
846 803 891 841 et
915 803 1060 840 cretus
1084 791 1331 858 Amyntore
1354 789 1542 839 Phoenix
1559 827 1571 848 ,

162 868 478 938 Actoridaeque
502 890 630 938 pares
645 908 657 929 ,
683 882 728 919 et
750 870 914 919 missus
938 870 993 918 ab
1018 868 1146 918 Elide
1172 867 1394 935 Phyleus:

161 952 255 1003 Nec
277 954 495 1004 Telamon
519 955 695 1013 aberat,
721 955 923 1019 magnive
947 966 1119 1003 creator
1142 954 1360 1015 Achillis3

165 1033 370 1101 Cumque
391 1033 678 1092 Pheretiade,
704 1045 748 1082 et
772 1034 978 1100 Hyanteo
1004 1032 1131 1081 Iolao
1149 1070 1161 1091 ,

161 1188 203 1217 ut
217 1180 489 1228 intelligendum
508 1193 528 1216 e
550 1180 724 1216 Pausania
738 1205 748 1224 ,
768 1180 848 1215 Ar·-

163 1234 240 1270 cad.
254 1248 287 1281 p.
303 1233 382 1269 606.
399 1233 660 1279 Antiquissimis
674 1233 740 1268 illis
755 1240 849 1268 tem-

165 1286 309 1333 poribus
321 1313 332 1330 ,
354 1286 480 1332 quibus
491 1284 663 1320 fortitudo
674 1298 743 1319 una
759 1291 849 1320 esset

164 1337 276 1373 virtus
290 1362 300 1382 ,
317 1350 386 1383 qua
403 1336 570 1372 excellere
581 1336 675 1372 laudi
692 1336 848 1372 ducere-

165 1396 245 1435 tur,
264 1389 324 1426 tali
339 1389 520 1425 occasione
535 1388 716 1424 confluere
734 1388 848 1423 undi-

164 1455 234 1489 que
249 1442 409 1479 solebant
421 1468 432 1486 ,
457 1442 516 1488 qui
531 1441 747 1477 fortitudinis
764 1441 847 1488 glo—

164 1495 256 1530 riam
285 1500 502 1541 appeterent.
529 1494 686 1530 Nomina
718 1494 848 1529 horum

163 1549 323 1583 lectorum
328 1547 490 1592 juvenum
503 1546 635 1582 habent
651 1547 759 1582 etiam
773 1547 848 1594 Hy-

165 1597 290 1645 ginus,
318 1598 386 1633 fab.
416 1598 499 1645 173,
521 1604 557 1633 et
580 1597 818 1644 Apollodorus
836 1613 846 1641 3

166 1663 371 1697 quanquam
379 1650 437 1686 hic
447 1650 546 1696 plura
557 1651 689 1686 omittit
698 1676 708 1695 ,
716 1650 771 1686 ille
783 1650 849 1686 alia

165 1702 338 1738 nonnulla
362 1702 550 1739 substituit.
575 1702 757 1749 Principes
780 1716 850 1739 eo-

165 1769 248 1792 rum
262 1757 512 1803 spectabantur
530 1756 660 1803 depicti
677 1757 714 1791 in
732 1756 849 1792 tabula

166 1809 260 1856 apud
277 1806 449 1856 Tegeatas
465 1823 474 1845 ε
492 1810 702 1854 Pausanias,
720 1810 849 1845 Arcad.

165 1875 199 1908 p.
211 1863 287 1911 693.
301 1862 406 1908 Apud
419 1861 628 1908 Euripidem
639 1862 786 1898 nuntius
797 1863 849 1897 in·

166 1915 361 1951 ducebatur
378 1915 577 1956 describens
588 1942 598 1959 ,
616 1928 687 1961 quo
703 1915 850 1961 quisque

167 1970 290 2006 habitu
308 1983 350 2005 ex
364 1969 435 2006 istis
455 1969 601 2004 ducibus
616 1969 722 2004 suerit
740 1983 748 2005 z
767 1970 851 2004 Ma-

167 2023 262 2072 erob.
274 2021 470 2066 Saturn.V,
484 2036 495 2056 1
502 2023 522 2058 8
530 2048 539 2066 ,
551 2022 611 2056 ubi
623 2035 743 2057 versus
751 2034 851 2067 quos-

169 2074 252 2111 dam
263 2089 305 2111 ex
317 2075 374 2111 illa
385 2088 488 2112 scena
502 2075 662 2111 servavit.
671 2093 715 2102 —-
728 2077 851 2110 Colere.

170 2127 274 2174 Regii
288 2129 400 2164 nostri
410 2155 419 2173 ,
435 2131 576 2164 caluere.

212 2181 257 2216 30
264 2195 290 2216 ι.
312 2183 513 2229 Tyndaride
525 2184 656 2226 gemini.
673 2180 800 2216 Castor
817 2187 854 2216 et

168 2235 296 2271 Pollux
311 2262 322 2279 ,
349 2236 488 2281 gemelli
512 2235 671 2284 Tyndari
697 2235 759 2270 filii
772 2262 782 2280 ,
813 2249 852 2270 ae

169 2287 277 2324 Ledae
303 2287 438 2334 putati,
464 2301 575 2333 quum
593 2295 708 2323 essent
723 2288 823 2322 Jovis
840 2314 850 2331 ,

170 2353 326 2387 quorum
339 2342 428 2375 alter
438 2342 594 2375 caestibus
610 2366 620 2384 ‚
647 2340 771 2375 Pollux
787 2340 854 2374 suit

170 2393 266 2439 pugil
274 2393 437 2440 inclytus,
452 2397 509 2437 πὺξ
518 2394 645 2437 ἀγαθὲς;
658 2395 745 2428 alter
751 2406 833 2438 equo
841 2420 850 2435 ,

171 2446 301 2483 Castor
317 2459 492 2493 equorum
509 2446 665 2482 domitor
682 2472 692 2490 ,
719 2451 851 2483 ἱππόδα-

171 2519 228 2548 μος
243 2515 252 2538 :
267 2500 347 2536 vide
365 2501 569 2535 Homerum
581 2526 591 2543 ,
610 2499 707 2535 Iliad.
724 2506 762 2545 Γ,
780 2501 854 2546 ²37·

170 2554 346 2597 &cratus
362 2555 519 2588 cestibus
529 2554 624 2592 alter,
637 2551 673 2586 A
675 2554 739 2586 Iter
749 2563 854 2596 equo,·

174 2605 306 2650 Regius
322 2612 442 2640 noster
458 2605 491 2639 A
503 2631 512 2648 ‚
525 2610 744 2648 prestantes,
771 2617 857 2638 coes—

172 2660 263 2694 tibus
272 2659 376 2699 alter,
391 2659 567 2703 alte-reque
582 2667 593 2699 ,⁸
609 2657 639 2691 B
651 2655 747 2691 idem
760 2655 856 2702 quod

175 2709 328 2755 Vulgata
339 2708 456 2752 habet,
467 2716 503 2744 et
512 2715 682 2755 praeterea
693 2721 755 2754 per
767 2707 859 2754 glos-

173 2773 249 2798 sam
263 2761 538 2807 superscriptum
554 2766 767 2807 prestantes.
790 2758 858 2801 Ed.

1540 1046 1606 1080 310

913 1197 959 1206 —-
977 1179 1033 1214 De
1048 1182 1161 1223 prima
1178 1178 1319 1214 Jasonis
1334 1184 1427 1220 mle,
1453 1177 1533 1213 vide
1561 1177 1607 1213 ad

915 1232 949 1265 V
953 1233 969 1267 Ι
987 1231 1064 1266 libri
1080 1230 1415 1272 finem.—-Molilor,
1436 1242 1558 1265 suasor
1570 1237 1606 1265 et

914 1290 1056 1327 auctor,
1080 1284 1151 1318 sive
1178 1283 1376 1318 fabricator.

956 1336 1034 1371 303.
1055 1337 1180 1371 Thesei
1188 1348 1270 1370 cum
1283 1337 1452 1376 Pirithoo,
1474 1335 1604 1371 Ixionis

913 1388 986 1423 filio
999 1415 1008 1432 ,
1029 1388 1197 1423 Larissaeo
1207 1415 1217 1432 ‚
1232 1387 1384 1423 amicitia
1400 1387 1572 1423 celebrata
1585 1401 1604 1422 a

912 1440 1052 1475 multis:
1066 1440 1255 1484 Horatius,
1273 1439 1339 1483 IV,
1357 1439 1428 1474 Od.
1446 1450 1502 1473 vu
1514 1465 1523 1482 ,
1537 1442 1601 1483 253

914 1494 1064 1537 Noster,
1084 1493 1190 1528 Trist.
1209 1494 1248 1537 I,
1266 1495 1307 1536 83
1324 1500 1361 1528 et
1377 1493 1468 1527 infra
1481 1519 1490 1536 ,
1509 1492 1602 1536 XII,

915 1561 1003 1595 2293
1022 1546 1189 1594 Hyginus
1201 1573 1211 1591 ,
1229 1546 1296 1582 sab.
1316 1560 1368 1595 79.
1390 1564 1436 1572 -·
1453 1547 1602 1581 Concor-

914 1603 1004 1644 d1'a,·
1032 1601 1181 1636 virtutes
1208 1614 1273 1647 pro
1298 1601 1378 1647 ipsis
1401 1600 1605 1636 hominibus

914 1655 1000 1701 poni
1015 1655 1139 1690 solent.
1159 1655 1232 1691 XII
1247 1681 1256 1699 ,
1280 1655 1360 1700 178,
1380 1655 1510 1690 Nestor
1520 1658 1605 1698 pru-

915 1709 1040 1743 dentia.
1058 1726 1103 1734 —
1120 1709 1201 1742 Duo
1224 1709 1257 1741 T
1252 1709 1414 1742 hestiadae
1425 1734 1433 1746 ‚
1462 1707 1604 1753 Plexip-

916 1774 980 1807 pus
1004 1767 1039 1796 et
1063 1761 1225 1804 Toxeus,
1253 1760 1390 1795 Thestii
1416 1759 1504 1803 filii,
1531 1759 1603 1794 Al-

917 1814 1015 1850 thaeae
1031 1815 1166 1850 fratres.
1194 1815 1227 1849 A
1247 1813 1420 1849 Pausania
1437 1839 1446 1856 ,
1465 1827 1497 1858 p.
1514 1812 1580 1860 693
1594 1838 1604 1855 ,

916 1872 1091 1899 vocantur
1114 1864 1293 1900 Prothous
1317 1870 1352 1898 et
1372 1863 1549 1898 Cometes.
1571 1863 1605 1897 A

918 1918 1103 1955 Lactantio
1116 1918 1152 1952 in
1166 1924 1377 1964 argumento
1389 1916 1530 1951 additur
1539 1923 1607 1950 ter-

917 1969 986 2004 tius
1009 1969 1167 2015 Agenor.
1190 1969 1305 2004 Aliter
1319 1981 1439 2004 rursus
1458 1967 1607 2013 Apollo—

918 2020 1025 2056 dorus
1036 2029 1071 2057 et
1083 2021 1248 2070 Hyginus
1257 2048 1267 2066 ,
1279 2021 1347 2056 sab.
1362 2035 1374 2056 1
1382 2022 1422 2066 73
1433 2047 1443 2065 ‚
1454 2020 1516 2055 ubi
1526 2020 1605 2054 vide

918 2073 1151 2108 Munkerum.
1176 2093 1221 2100 —
1250 2075 1406 2121 Lynceus
1433 2080 1469 2108 et
1491 2074 1575 2106 Idas
1591 2100 1600 2113 ‚

919 2126 1113 2171 Messenii,
1133 2126 1288 2172 Apharei
1299 2126 1372 2160 filii.
1393 2124 1582 2160 Pausanias
1596 2151 1606 2167 ,

919 2179 1073 2214 Messen.
1092 2192 1124 2225 p.
1138 2179 1202 2214 283
1214 2192 1287 2225 sqq.
1303 2193 1312 2221 ς
1333 2177 1498 2224 Apollon.
1512 2177 1607 2212 Rho·

919 2232 1018 2277 dius,
1038 2233 1055 2267 1
1069 2259 1079 2277 ‚
1113 2236 1170 2268 151
1188 2260 1198 2277 ,
1224 2234 1284 2268 ubl
1306 2235 1439 2283 :irripe'cog
1464 2230 1545 2271 ἴδας.
1563 2249 1606 2256 -·

922 2288 1058 2321 Coeneus
1073 2314 1082 2328 ,
1114 2286 1206 2320 Elati
1229 2286 1320 2321 filius
1337 2312 1346 2330 ,
1370 2284 1575 2331 Magnesius
1593 2309 1602 2326 ,

920 2351 1028 2384 quem
1039 2339 1082 2374 ab
1096 2338 1197 2373 initio
1207 2339 1377 2373 seminam
1391 2338 1494 2372 fuisse
1510 2348 1603 2370 non-

919 2391 1008 2427 nulli
1025 2391 1208 2435 dicebant,
1227 2391 1289 2427 sed
1310 2404 1328 2425 a
1348 2392 1516 2436 Neptuno
1532 2388 1607 2423 im-

919 2450 1119 2490 petraverat
1131 2471 1140 2486 ‚
1158 2451 1197 2477 ut
1209 2451 1244 2478 et
1261 2444 1314 2477 vir
1330 2449 1439 2485 esset,
1457 2448 1492 2476 et
1508 2441 1607 2475 nullo

920 2497 991 2533 ictu
1007 2496 1184 2531 vulnerari
1198 2501 1323 2541 posset.
1343 2495 1438 2541 Hyg.
1450 2493 1517 2528 sab.
1537 2495 1584 2536 14.

966 2550 1043 2583 308.
1056 2549 1234 2582 Actoridae
1247 2574 1255 2587 ‚
1277 2547 1433 2594 Eurytus
1450 2553 1486 2580 et
1504 2544 1607 2580 Ctea-

922 2608 997 2645 tus,
1010 2600 1148 2635 Actoris
1164 2599 1245 2642 filii,
1260 2598 1605 2634 phibin-Pheretia-

922 2657 997 2695 des,
1017 2652 1210 2698 Admetus,
1224 2653 1385 2688 Pheretis
1397 2652 1505 2695 filius,
1519 2650 1609 2686 Phe-

923 2707 970 2743 ris
987 2706 1168 2741 oriundus.
1180 2707 1346 2742 —Iolaus
1357 2733 1366 2746 ‚
1386 2713 1492 2739 notus
1510 2703 1608 2737 Her-

930 2759 1015 2797 culis
1032 2759 1154 2796 socius.
1165 2777 1210 2786 --
1224 2759 1419 2806 Hyanteus,
1442 2756 1610 2791 Boeotius.
