1820 3106
277 274 363 329 [428

638 276 690 319 P.
733 275 967 321 OVIDII
1004 276 1309 323 NASONIS

273 370 359 425 Et,
389 386 671 435 quaecumque
691 381 819 435 putat
841 370 1077 433 fugientem
1097 391 1226 438 posse
1247 373 1432 432 morari,

276 444 425 492 Verba
445 444 577 493 refert
596 465 604 493 :
629 445 743 508 fugit
765 445 839 494 illa
862 457 1028 505 tamen,
1053 446 1267 514 veloxque
1290 449 1447 498 timore

276 519 480 567 Pervenit
503 519 550 568 in
572 540 790 570 summum
808 522 942 588 positi
963 541 1104 590 prope
1126 522 1256 573 litora
1278 525 1456 574 montis.

276 598 392 646 Ante
415 598 575 647 fretum
597 612 662 648 est
683 600 862 663 ingens,
887 601 1056 668 apicem
1076 601 1288 651 collectus
1312 603 1357 651 in
1380 623 1543 664 unum,

1621 628 1691 666 910

277 679 432 739 Longa
458 678 550 727 sine
574 680 811 728 arboribus
834 699 1051 729 convexus
1075 680 1130 728 ad
1152 699 1327 747 aequora
1350 695 1510 732 vertex.

278 755 494 804 Constitit
515 755 615 814 hic;
644 769 686 805 et
710 769 804 805 tuta
825 756 926 806 loco
942 795 953 815 ,
978 769 1304 817 monstrumne,
1329 761 1505 814 Deusne

276 833 358 882 Ille
381 834 460 892 sit,
487 835 722 897 ignorans,
747 836 1071 902 admiraturque
1096 835 1287 885 colorem
1302 875 1313 895 ,

280 911 597 979 Caesariemque
616 914 824 963 humeros
850 914 1132 980 subjectaque
1156 927 1278 977 terga
1302 924 1543 977 tegentem,

279 988 532 1057 Ultimaque
556 991 744 1058 excipiat
771 992 893 1059 quod
916 991 1080 1041 tortilis
1102 991 1285 1054 inguina
1307 991 1453 1059 piscis.

1627 1006 1694 1053 915

280 1066 453 1115 Sentit:
475 1080 517 1115 et
542 1068 735 1117 innitens
749 1107 760 1127 ,
787 1088 882 1135 quae
905 1070 1051 1118 stabat
1073 1069 1273 1136 proxima
1288 1107 1299 1128 ‚
1321 1069 1429 1118 moli
1447 1088 1458 1127 ;

282 1164 306 1184 «
331 1144 436 1192 Non
459 1163 540 1207 ego
562 1145 840 1211 prodigium,
864 1165 956 1194 non
974 1165 1072 1195 sum
1094 1146 1184 1195 fera
1203 1145 1350 1196 bellua
1364 1184 1376 1205 ‚
1397 1147 1547 1209 virgo;

281 1218 388 1266 Sum
412 1220 560 1278 Deus,
586 1220 756 1287 inquit,
780 1239 926 1288 aquae;
950 1240 1030 1270 nec
1053 1222 1192 1287 majus
1214 1222 1259 1270 in
1282 1241 1455 1289 aequora
1476 1223 1663 1271 Proteus

278 1294 361 1342 Jus
381 1294 538 1354 habet,
563 1308 638 1344 aut
661 1297 845 1357 Triton,
869 1298 1276 1348 Athamantiadesve
1299 1299 1532 1348 Palaemon.

279 1373 398 1419 Ante
421 1384 564 1421 tamen
587 1374 785 1423 mortalis
811 1394 926 1424 eram
947 1396 956 1424 :
978 1377 1053 1425 sed
1076 1376 1241 1425 seilicet
1264 1376 1364 1426 altis

1629 1401 1696 1437 920

279 1448 469 1498 Deditus
492 1451 742 1516 aequoribus
758 1490 769 1510 ‚
792 1452 880 1517 jam
908 1465 1001 1501 tum
1026 1455 1257 1502 exercebar
1278 1453 1326 1502 in
1349 1452 1449 1501 illis.

322 1595 398 1629 9⁰9·
409 1585 515 1627 Prope
528 1585 629 1618 litora
638 1610 646 1625 ,
660 1583 697 1618 in
706 1583 806 1617 litore
817 1583 934 1619 Italico
945 1609 954 1627 ,

279 1633 492 1684 Messaniam
508 1642 630 1669 contra
644 1649 652 1677 ;
675 1635 753 1669 vide
771 1636 883 1678 XIV,
907 1650 956 1681 ¹7·

278 1703 324 1711 —·
334 1687 498 1721 Collectus
513 1689 548 1720 in
566 1698 686 1729 unum‚·
711 1687 852 1732 quidam
868 1700 956 1721 con-

271 1738 406 1782 jectus‚·
428 1751 520 1773 unus
547 1742 690 1774 collatus
710 1753 720 1774 .·
742 1742 860 1783 colligi
877 1739 956 1774 ele-

282 1796 405 1834 ganter
427 1790 592 1825 dicuntur
615 1804 766 1836 quorum
785 1798 899 1837 partes
919 1790 956 1824 in

279 1849 467 1887 angustum
481 1849 609 1877 coeunt
619 1849 654 1878 et
663 1843 837 1878 desinunt.
853 1843 957 1877 Mon-

281 1900 354 1927 tem
369 1894 467 1928 illum
479 1894 524 1929 ita
539 1894 700 1930 describit
714 1921 723 1939 ,
740 1902 780 1929 ut
796 1902 957 1940 appareat

280 1958 387 1990 quam
402 1952 476 1982 tuta
488 1951 560 1982 loco
575 1947 674 1993 virgo
689 1947 803 1982 suerit.
813 1967 856 1973 —
869 1950 958 1982 Con-

280 2010 383 2032 νικω-
391 2001 578 2043 adoequora
591 2010 603 2041 ‚·
623 1999 765 2044 quidam
782 2012 957 2034 conuersus

279 2052 316 2083 in
333 2063 476 2095 oequora.
506 2052 679 2094 Conveaeus
692 2078 700 2092 ‚
722 2051 956 2095 descendens,

281 2101 420 2136 declivis
432 2127 441 2145 ,
460 2108 499 2136 ut
514 2103 616 2145 XIV,
638 2104 760 2145 154—-
769 2104 846 2137 Sine
859 2106 961 2138 arbo-

280 2156 372 2188 ribus
388 2166 429 2188 ex
446 2152 563 2188 oxon.
579 2161 614 2188 et
634 2154 743 2188 tribus
767 2153 839 2189 aliis
860 2154 958 2189 MSS

280 2213 375 2241 recte
396 2204 547 2251 praetulit
564 2205 687 2241 Heius.
709 2212 752 2252 τῷ
772 2208 832 2240 sub
858 2208 958 2239 arbo-

281 2260 373 2291 ribus
395 2271 405 2291 ,’
430 2270 546 2302 neque
575 2253 694 2291 tainen
721 2264 903 2302 propterea
928 2257 959 2290 ei

283 2309 478 2353 adsentior,
497 2309 590 2355 quod
608 2310 712 2344 etiam
731 2309 823 2344 VIII
839 2335 848 2352 ,
876 2311 937 2356 789
949 2335 958 2352 ,

280 2363 354 2394 sine
366 2363 483 2395 arbore
494 2363 615 2403 tellus,·
632 2361 693 2395 sed
707 2360 800 2406 quod
817 2361 863 2394 ita
878 2360 961 2395 faci-

281 2412 347 2447 lius
363 2412 399 2446 in
417 2411 591 2447 Glaucum
613 2412 787 2458 despicere
799 2438 809 2456 ‚
827 2419 862 2447 et
880 2425 960 2447 cum

283 2475 326 2496 eo
345 2463 494 2508 colloqui
512 2470 658 2508 poterat.

325 2527 364 2561 9¹
372 2529 400 2548 2.
415 2516 601 2549 Monstrum
618 2521 760 2560 propter
777 2514 958 2550 inferiores

285 2567 438 2610 corporis
455 2574 567 2612 partes
580 2593 589 2610 ,
601 2569 696 2601 Deus
706 2574 847 2613 propter
857 2580 961 2612 supe-

283 2631 448 2653 τισι-ες.»
457 2621 603 2660 Tortilis,
617 2619 835 2654 Schirachius
852 2619 960 2664 expli-

283 2676 337 2704 cat
349 2695 358 2713 ,
370 2671 427 2714 qui
439 2683 474 2704 se
483 2669 579 2705 facile
591 2677 740 2715 torquet.
752 2671 866 2705 Immo
877 2696 886 2714 ,
899 2683 962 2704 cu-

283 2722 339 2766 jus
347 2722 456 2756 cauda
467 2723 604 2768 obliqua
616 2725 823 2758 curvaturin
833 2736 962 2758 arcum.

287 2775 305 2808 I
309 2787 368 2819 pse
380 2775 530 2811 Glaucus
546 2789 626 2812 mox
641 2791 686 2813 vs.
700 2778 783 2825 963,
801 2780 964 2822 Cruraque

1015 1588 1188 1629 pinnigero
1215 1591 1353 1619 curvata
1377 1587 1558 1621 novissima
1576 1588 1695 1630 pium·

1021 1649 1123 1681 supra
1139 1637 1194 1671 III
1209 1662 1218 1679 ,
1236 1636 1297 1670 681
1315 1662 1324 1679 ,
1341 1635 1385 1670 de
1401 1635 1571 1680 delphinis
1585 1662 1594 1680 ,
1608 1637 1695 1681 sal-

1021 1694 1102 1723 cata
1126 1691 1307 1723 novissima
1333 1689 1443 1722 cauda
1466 1695 1536 1728 est,
1571 1689 1696 1731 Qualia

1022 1742 1163 1774 dividua·
1179 1743 1356 1774 sinuantur
1373 1751 1499 1773 cornua
1520 1740 1633 1773 Lunae.
1651 1738 1698 1773 Et

1021 1791 1069 1826 ita
1095 1790 1235 1826 Tritoni
1253 1817 1262 1834 ‚
1291 1790 1346 1825 cui
1377 1790 1495 1825 similis
1521 1790 1672 1825 Glaucus
1686 1816 1696 1834 ‚

1025 1849 1181 1893 δικραίραν
1199 1845 1301 1884 ἄλείην
1312 1869 1321 1887 ,
1334 1843 1515 1878 bicornem
1527 1842 1673 1878 caudam
1686 1868 1696 1886 ,
1731 1880 1738 1886 s

1023 1895 1143 1929 tribuit
1153 1894 1315 1940 Apollon.
1325 1894 1483 1931 Rhodius
1491 1921 1500 1938 ,
1510 1895 1576 1937 IV,
1594 1894 1694 1937 164o;

1021 1949 1154 1993 blfidum
1163 1960 1264 1980 cornu
1275 1945 1365 1991 apud
1379 1945 1613 1980 Claudianum
1625 1972 1633 1989 ,
1645 1946 1678 1980 X
1683 1971 1695 1992 ,

1026 1998 1097 2042 145.
1109 1998 1230 2034 Glauci
1241 1997 1391 2031 formam
1403 1997 1540 2032 exhibet
1554 1997 1698 2043 Lipper-

1023 2057 1077 2085 tus
1093 2051 1129 2085 in
1150 2051 1284 2097 Dactyl.
1305 2052 1321 2085 Ι
1336 2076 1345 2094 ,
1365 2052 1415 2096 75.
1439 2050 1617 2086 Caeterum
1633 2063 1697 2096 pro

1016 2106 1127 2147 piscis
1146 2102 1312 2138 Heinsius
1331 2110 1366 2138 et
1384 2102 1583 2138 Gronovius
1604 2115 1697 2137 con-

1022 2154 1146 2200 jiciunt
1155 2157 1291 2199 pris-Hs,
1309 2161 1411 2200 atquc
1427 2154 1535 2189 etiam
1549 2167 1597 2189 vs.
1609 2154 1673 2201 953
1685 2180 1695 2197 ‚

1018 2210 1140 2251 prirle,
1157 2213 1195 2241 ut
1207 2206 1299 2252 apud
1308 2207 1495 2252 Virgilium
1506 2232 1515 2251 ,
1526 2206 1610 2241 AEu.
1621 2207 1676 2241 111
1685 2232 1695 2251 ‚

1024 2259 1086 2304 4²7
1102 2285 1111 2302 ,
1139 2258 1182 2293 de
1206 2258 1319 2305 Scylla
1336 2285 1345 2301 ‚
1370 2265 1539 2303 postrema
1561 2261 1703 2292 immani

1024 2323 1156 2354 corpore
1163 2313 1311 2354 ptktrzkn·
1335 2316 1370 2344 et
1386 2322 1438 2354 ap.
1457 2308 1639 2343 claudian.
1654 2308 1697 2342 de

1026 2362 1173 2396 Tritone
1186 2388 1195 2405 ,
1217 2362 1292 2404 Qua
1299 2364 1418 2405 pristis
1428 2364 1604 2395 commissa
1618 2363 1698 2394 viro.

1069 2414 1142 2461 915.
1153 2415 1314 2454 Innitens,
1331 2425 1412 2447 nam
1424 2411 1543 2446 sedere
1556 2424 1627 2446 non
1641 2424 1698 2457 po-

1024 2473 1114 2501 terat
1127 2465 1283 2499 biformis
1298 2464 1459 2499 Glaucus.
1467 2483 1510 2489 —
1519 2465 1560 2498 In
1569 2477 1698 2508 aequora

1026 2532 1067 2553 ex
1081 2517 1190 2552 tribus
1207 2516 1304 2552 dedit
1323 2516 1507 2559 Heinsius,
1527 2527 1590 2561 pro
1605 2516 1696 2560 vulg.

1026 2574 1060 2604 in
1076 2583 1201 2614 equore
1212 2597 1220 2610 ‚
1245 2568 1337 2614 quod
1353 2568 1482 2603 habent
1496 2567 1572 2602 cod.
1586 2567 1696 2612 Regii.

1026 2624 1151 2663 —Jus‚
1170 2628 1315 2666 potestas
1326 2634 1334 2662 ;
1346 2632 1419 2654 nou
1430 2619 1575 2654 minoris
1584 2619 1697 2664 digni-

1027 2673 1104 2707 tatis
1131 2679 1167 2707 et
1188 2671 1362 2717 potestatis
1380 2670 1477 2705 Deus
1496 2683 1572 2705 sum
1593 2669 1700 2704 mari-

1026 2737 1102 2758 nus.
1124 2742 1167 2750 ——
1186 2725 1352 2758 Paloemon
1375 2722 1471 2758 Deus
1488 2722 1642 2758 marinus
1660 2720 1698 2755 fit

1028 2776 1106 2820 lv,
1128 2777 1201 2820 540.
