1820 3106
285 283 373 339 410

654 286 707 328 P.
758 285 992 330 OVIDII
1029 286 1326 331 NASONIS

281 379 456 446 Myleus
473 418 485 438 ,
509 391 552 428 et
576 380 713 443 longo
735 381 957 430 caelaverat
977 394 1249 445 argumento.

281 458 404 507 Urbs
426 470 544 515 erat;
568 470 612 507 et
633 470 800 525 septem
822 477 975 525 posses
997 459 1224 508 ostendere
1245 472 1426 526 portas:

1634 477 1702 514 685

282 539 364 585 Hae
386 557 469 604 pro
494 537 671 585 nomine
696 549 843 595 erant;
870 549 914 586 et
933 557 1028 604 quae
1054 538 1169 588 foret
1192 538 1291 596 illa,
1313 540 1542 589 docebant.

279 615 396 663 Ante
415 616 568 663 urbem
592 615 831 682 exsequiae,
860 616 1133 683 tumulique,
1158 618 1389 684 ignesque,
1414 620 1624 687 rogique,

280 691 532 757 Effusaeque
553 710 700 739 comas
716 729 728 749 ,
754 703 795 739 et
820 703 978 758 apertae
1002 704 1181 757 pectora
1207 705 1368 743 matres

279 768 540 831 Significant
562 769 730 817 luctum
750 790 759 817 :
782 768 997 835 Nymphae
1019 788 1196 836 quoque
1213 769 1316 819 flere
1336 771 1565 831 videntur,

280 845 564 913 Siccatosque
585 847 709 914 queri
731 846 876 895 fontes
898 867 908 895 ε
932 847 1026 895 sine
1047 847 1281 897 frondibus
1307 849 1440 899 arbos

1635 864 1704 912 ⁶9⁰

279 924 411 972 Nuda
433 925 546 988 riget
566 945 576 973 ε
600 925 767 975 rodunt
785 926 949 991 arentia
976 944 1077 973 saxa
1101 925 1289 991 capellae.

280 1004 394 1052 Ecce
417 1003 523 1053 facit
544 1005 698 1053 mediis
721 1017 845 1054 natas
870 1004 1040 1054 Orione
1055 1004 1224 1053 Thebis
1239 1043 1250 1063 ,

280 1079 406 1127 Hanc
427 1099 518 1128 non
541 1080 775 1129 femineum
797 1080 952 1145 jugulo
979 1081 1081 1129 dare
1101 1093 1254 1148 pectus
1278 1093 1431 1148 aperto
1445 1118 1457 1140 ,

278 1154 429 1214 Illam,
454 1156 644 1206 demisso
666 1176 745 1223 per
768 1156 903 1205 fortia
926 1156 1102 1206 vulnera
1128 1156 1214 1205 telo

276 1280 377 1314 saber
395 1281 630 1326 argentarius,
648 1282 796 1330 inclytus
814 1282 955 1318 sortasse

276 1334 393 1379 priscis
416 1335 633 1380 temporibus
657 1336 699 1370 ab
725 1343 799 1371 arte
822 1349 893 1371 sua.
914 1355 958 1362 --

276 1387 407 1432 Lydius
432 1387 545 1422 Alcon
566 1395 711 1422 vocatur
735 1401 754 1422 a
777 1388 958 1424 Lactantio

276 1439 314 1473 in
323 1438 470 1484 Argum.
482 1440 553 1475 Sed
563 1440 598 1475 h.
609 1441 629 1474 l.
640 1454 704 1487 pro
714 1443 851 1488 Myleus
860 1442 958 1477 MSS

276 1504 385 1537 prope
397 1505 521 1527 omnes
531 1495 666 1533 Nileus,
684 1493 778 1527 unde
791 1494 958 1528 Heinsius

275 1543 419 1588 conjicit
429 1546 564 1586 mareas,
585 1545 677 1580 Nilei
689 1546 789 1580 filius.
801 1565 844 1571 —
857 1546 959 1592 Regii

276 1597 411 1632 codices
440 1597 543 1631 ambo
572 1597 657 1632 dant
685 1599 806 1634 Nileus
821 1625 830 1638 ,
861 1597 957 1643 quod

278 1649 418 1684 Heinsii
428 1650 667 1694 conjecturam
678 1649 819 1684 firmare
828 1649 934 1695 possit
946 1663 955 1690 ;

275 1702 305 1737 si
316 1704 450 1749 Myleuoe
459 1716 596 1737 servare
606 1703 689 1737 velit
700 1703 809 1737 lector
817 1728 827 1745 ,
846 1703 959 1737 inter-

279 1762 438 1800 pretetur
459 1768 534 1790 non
558 1755 670 1803 Mylei
691 1755 804 1790 {ilium
824 1781 833 1798 ,
857 1755 917 1789 sed
938 1767 958 1788 a

278 1806 388 1852 patria
403 1807 449 1842 sic
464 1807 752 1853 cognominatum
762 1833 772 1850 ,
790 1806 825 1841 id
838 1814 889 1841 est
901 1806 959 1841 Si-

278 1859 396 1893 culum
422 1871 430 1893 :
455 1860 563 1906 Mylae
588 1860 684 1894 enim
712 1858 879 1905 oppidum
908 1866 958 1893 est

279 1909 405 1944 Siciliae
420 1923 428 1951 ;
461 1911 505 1944 ad
532 1910 792 1945 distinctionem
825 1911 866 1945 ab
900 1910 958 1944 illo

279 1961 461 2007 Cretensi,
479 1963 577 2008 cujus
589 1964 751 2013 meminit
768 1963 933 2009 Virgilius
945 1989 955 2006 ,

278 2014 396 2059 Eclog.
415 2016 463 2049 V.
481 2015 563 2049 Duo
581 2022 699 2050 autem
721 2015 866 2050 fuerunt
882 2015 957 2049 Al-

278 2078 401 2108 cones;
421 2066 478 2101 hic
499 2067 597 2102 faber
613 2066 828 2113 argentarius
840 2094 851 2111 ,
872 2068 958 2103 alter

281 2119 460 2154 Cretensis
472 2146 481 2162 ,
512 2126 585 2153 arte
603 2119 787 2165 sagittandi
805 2120 956 2164 insignis.

276 2173 343 2205 Ed.
353 2172 639 2216 -Argumenlum
649 2198 657 2212 ‚
675 2171 816 2206 historia
831 2173 867 2206 in
881 2185 957 2206 cra-

276 2231 350 2258 tere
364 2237 520 2269 expressa
532 2250 542 2267 ,
559 2226 708 2268 longum,
724 2224 822 2268 cujus
838 2224 957 2259 multae

276 2283 390 2321 partes
401 2303 411 2319 ‚
428 2276 529 2311 multi
546 2283 651 2311 actus.
669 2277 710 2310 In
726 2276 887 2321 operibus
902 2289 956 2310 ar-

276 2329 320 2363 tis
334 2356 343 2372 ,
364 2343 395 2363 v.
411 2343 439 2364 c.
455 2329 606 2371 foribus,
631 2328 756 2375 clypeis
769 2354 778 2371 ,
799 2328 932 2374 poculis
944 2354 955 2371 ,

275 2381 384 2427 peplis
400 2382 507 2415 etiam
528 2381 652 2416 sabulae
668 2380 875 2426 plerumque
894 2394 953 2414 ex—

277 2446 402 2479 pressae
411 2440 512 2468 erant
522 2460 531 2476 ‚
545 2434 669 2479 quibus
678 2433 879 2468 enarrandis
889 2435 955 2479 pla-

276 2493 358 2520 cent
373 2485 437 2520 sibi
457 2496 568 2531 poetae
585 2499 593 2520 :
613 2487 734 2521 confer
754 2487 790 2522 II
804 2512 813 2529 ,
832 2488 851 2520 5
867 2499 952 2531 sqq3

278 2538 350 2580 VI,
367 2538 481 2585 59sqq
494 2552 503 2579 ;
517 2538 701 2583 Virgilium
713 2564 722 2581 ,
742 2538 824 2572 AEn.
840 2538 930 2572 VIII
945 2564 954 2581 ,

277 2590 363 2631 6253
383 2591 571 2626 Moschum
585 2618 594 2635 ,
614 2591 665 2626 Id.
685 2591 720 2626 II
733 2617 742 2634 ,
760 2591 800 2635 37
814 2603 887 2635 sqq.

320 2643 396 2679 685.
418 2645 615 2684 Ostendere‚
635 2657 763 2689 nempe
784 2644 883 2678 alteri
901 2644 954 2678 si·-

252 2729 256 2733 ,
277 2695 351 2729 mul
366 2696 640 2740 contemplanti,
658 2697 780 2731 maluit
795 2709 876 2741 pro,
894 2695 953 2730 vi-

276 2747 378 2790 dere,
396 2748 600 2793 perspicere.
609 2767 652 2774 —
661 2749 788 2793 Septem
798 2775 805 2783 .
817 2775 825 2782 .
837 2775 843 2782 .
853 2750 954 2782 doce-

277 2803 379 2844 bant;
406 2800 471 2838 illae
496 2809 604 2847 portae
634 2801 806 2837 docebant
820 2827 830 2845 ,
858 2801 951 2836 illam

1022 1285 1147 1319 urbem
1163 1297 1234 1319 esse
1261 1283 1400 1319 Thebas
1411 1309 1422 1328 ,
1438 1290 1572 1330 septem
1591 1284 1701 1330 portis

1022 1337 1155 1372 nobiles
1166 1364 1176 1381 ,
1192 1341 1275 1379 Θήέη
1289 1331 1475 1377 riurein-um.
1490 1337 1628 1373 Thebas
1642 1337 1700 1372 illo

1022 1397 1179 1436 tempore
1187 1390 1357 1425 siccitaset
1368 1389 1472 1436 pestis
1480 1390 1700 1435 premebant;

1023 1456 1106 1487 quas
1135 1443 1345 1477 calamitates
1373 1441 1551 1487 quomodo
1580 1441 1700 1477 artifex

1022 1494 1247 1540 expresserit,
1273 1494 1310 1528 in
1331 1494 1556 1539 sequentibus
1573 1501 1700 1529 osten-

1022 1546 1126 1580 ditur.
1137 1564 1182 1571 -
1194 1547 1357 1590 ignesque
1374 1550 1508 1590 rogique
1525 1559 1588 1591 per
1602 1545 1701 1580 hen-

1022 1597 1172 1644 diadyn,
1194 1598 1270 1642 rogi
1294 1597 1467 1632 ardentes.
1493 1597 1578 1632 Sine
1599 1605 1701 1632 causa

1021 1651 1190 1685 Heinsius
1204 1650 1345 1694 conjicit
1354 1663 1504 1695 urna-que
1516 1653 1701 1694 rogique.—

1021 1705 1116 1738 Flere
1133 1705 1303 1746 videntum
1316 1703 1350 1738 X
1359 1728 1374 1744 ,
1389 1706 1470 1744 250,
1490 1701 1533 1736 de
1547 1703 1702 1749 Pygma-

1021 1754 1123 1789 lionis
1135 1761 1246 1789 statua
1259 1779 1269 1797 ,
1286 1766 1385 1798 quam
1396 1756 1505 1788 vivere
1517 1755 1646 1787 credas.
1656 1771 1700 1779 -—-

1020 1809 1124 1851 Rege!
1133 1819 1145 1849 ‚·
1154 1807 1232 1842 vide
1245 1807 1288 1841 ad
1298 1808 1352 1842 XI
1361 1833 1372 1851 ,
1386 1821 1398 1841 1
1405 1807 1574 1842 50.-—Pr0
1582 1808 1704 1841 rodunt

1021 1860 1126 1906 vulgo
1139 1860 1243 1904 (etin
1256 1859 1373 1894 codice
1386 1859 1499 1904 Regio
1509 1858 1562 1904 A)
1573 1858 1700 1905 legitur

1021 1914 1194 1954 lambunt;
1211 1906 1270 1946 sed
1283 1913 1397 1946 rodere
1405 1924 1495 1945 saxa
1505 1912 1641 1957 egregie
1655 1911 1698 1946 de

1021 1964 1159 2009 capellis
1176 1977 1307 2009 sparsas
1322 1964 1359 1998 in
1376 1964 1463 1999 saxis
1481 1970 1517 1998 et
1533 1964 1699 2000 brevissi-

1022 2029 1097 2052 mas
1110 2015 1234 2050 herbas
1250 2015 1481 2061 carpentibus.

1065 2070 1142 2116 692.
1161 2070 1264 2103 Orion
1282 2068 1471 2103 Thebanus
1487 2068 1572 2103 duas
1588 2068 1697 2103 habe-

1022 2121 1080 2154 bat
1091 2120 1176 2154 filias
1185 2119 1420 2163 ‚Metiocham
1428 2127 1463 2154 et
1472 2119 1696 2166 Menippam:

1022 2185 1130 2217 quum
1153 2171 1339 2217 aliquando
1357 2172 1460 2218 pestis
1477 2172 1612 2207 saeviret
1634 2186 1697 2218 per

1020 2225 1192 2260 Boeotiam
1201 2251 1210 2267 ,
1223 2232 1259 2259 et
1269 2237 1473 2270 responsum
1486 2230 1592 2267 esset,
1605 2224 1698 2259 Deo-

1020 2289 1100 2310 rum
1123 2276 1211 2310 iram
1239 2275 1364 2320 placari
1388 2288 1462 2309 non
1488 2288 1584 2320 posse
1598 2301 1608 2318 ,
1630 2275 1696 2310 nisi

1021 2327 1100 2363 duae
1117 2327 1385 2362 immolarentur
1402 2327 1551 2372 virgines
1562 2353 1571 2370 ,
1591 2331 1696 2362 δείε-

1020 2380 1068 2414 ris
1083 2379 1321 2415 recusantibus
1333 2405 1341 2421 ,
1362 2378 1415 2413 hae
1429 2391 1493 2423 pro
1508 2378 1615 2412 salute
1633 2391 1696 2423 pa-

1018 2433 1094 2467 triae
1109 2446 1145 2467 se
1163 2432 1388 2473 obtulerunt3
1414 2430 1537 2467 confer
1560 2431 1695 2466 Anton.

1019 2487 1234 2529 Liberalem,
1251 2499 1302 2531 cp.
1322 2487 1517 2522 25.-Fac1·t
1527 2485 1569 2519 ab
1585 2484 1696 2519 artifi-

1018 2553 1057 2574 ce
1073 2539 1277 2574 translatum
1294 2537 1337 2572 ad
1350 2537 1462 2582 ipsum
1476 2537 1581 2582 opus,
1599 2536 1694 2582 quod

1020 2592 1157 2627 exhibet
1173 2597 1431 2637 argumentum.
1444 2591 1574 2624 —Non
1587 2591 1694 2634 femi-

1017 2656 1134 2686 neum‚·
1149 2656 1251 2688 supra
1263 2669 1272 2686 ,
1291 2656 1376 2677 vers.
1396 2643 1456 2684 451
1471 2668 1481 2684 ,
1500 2643 1582 2685 plus
1595 2653 1692 2685 quam

1007 2695 1153 2738 semina.
1166 2715 1209 2721 —
1222 2697 1336 2729 Fortia
1351 2696 1488 2728 vulnera
1499 2720 1508 2734 ,
1527 2705 1603 2738 quae
1617 2692 1693 2736 quis

1017 2747 1098 2782 forti
1111 2748 1228 2783 animo
1240 2748 1370 2793 patitur
1384 2760 1391 2781 :
1408 2747 1486 2792 quia
1497 2746 1534 2780 in
1548 2746 1691 2780 Floren-

1018 2801 1093 2836 tino
1098 2813 1160 2844 ρετ
1168 2803 1286 2836 inertia
1296 2802 1432 2835 vulnera
1442 2797 1571 2844 reperit
1582 2796 1690 2832 Hein-
