1820 3106
344 211 1053 261 METAMORPHOSEON
1083 214 1217 258 LIB.
1252 216 1408 260 VIII.

1539 217 1598 277 39

168 334 190 355 »
218 310 466 360 Tbestiadae
487 309 678 359 clamant
698 329 707 357 :
727 328 806 358 nec
832 321 874 357 te
896 308 1058 357 fiducia
1080 308 1234 358 formae

168 412 192 433 »
220 389 450 456 Decipiat;
475 387 698 454 longeque
722 391 802 435 tuo
824 387 884 436 sit
905 399 1061 454 captus
1085 406 1235 436 amore

1535 404 1601 449 435

170 489 193 510 n
218 469 391 516 Auctor
409 487 419 515 :
444 489 466 510 »
492 477 537 516 et
556 465 662 514 huic
682 466 885 515 adimunt
904 485 1091 524 munus,
1114 466 1188 532 jus
1207 467 1405 516 muneris
1425 465 1506 516 illi.

166 541 270 594 Non
295 545 422 611 tulit,
446 557 490 594 et
513 544 682 594 tumida
701 544 909 594 frendens
932 544 1185 594 Mavortius
1207 545 1296 605 ira,

171 645 194 666 «
225 623 419 682 Discite,
443 635 645 690 raptores
666 622 822 682 alieni,
850 622 986 682 dixit,
1008 622 1196 671 honoris
1211 661 1223 682 ‚

170 723 194 744 »
219 701 352 753 Facta
375 700 511 750 minis
532 713 748 768 quantum
772 700 967 750 distent:
988 724 1010 744 »
1036 701 1273 769 hausitque
1297 701 1489 751 nefando

166 780 354 830 Pectora
377 772 609 848 Plexippi,
632 772 696 828 nil
722 780 806 830 tale
830 781 1054 840 timentia,
1079 781 1210 830 ferro.

1538 796 1606 842 [140

166 858 314 907 Toxea
337 859 446 926 quid
467 859 599 909 faciat
621 860 808 909 dubium
822 897 834 918 ‚
859 860 1114 928 pariterque
1134 859 1357 910 volentem
1411 886 1428 905 υ

166 936 334 986 Ulcisci
354 937 534 1005 fratrem
547 976 560 998 ‚
584 938 864 1006 fraternaque
884 939 973 988 fata
997 939 1223 989 timentem
1237 978 1250 999 ‚

167 1020 302 1069 Haud
323 1021 492 1088 patitur
516 1021 720 1071 dubitare
744 1021 848 1080 diu;
875 1021 1156 1092 calidumque
1180 1022 1324 1089 priori

171 1102 300 1153 Caede
321 1103 542 1154 recalfecit
565 1105 763 1154 consorti
784 1104 998 1169 sanguine
1022 1105 1172 1154 telum.

237 1187 371 1236 Dona
394 1188 540 1237 Deum
563 1187 764 1255 templis,
789 1200 894 1237 nato
915 1188 1103 1247 victore,
1129 1187 1325 1245 ferebat,
1345 1200 1362 1216 ¹

175 1333 238 1368 dis.
254 1332 420 1368 Priorem
436 1345 577 1379 causam
593 1331 773 1367 Diodorus
784 1344 857 1367 me-

175 1393 315 1431 morat,
335 1386 567 1432 posteriorem
582 1385 699 1421 schol.
720 1386 860 1420 Aristo—

176 1439 283 1486 phani
294 1438 339 1474 ad
351 1439 469 1474 Ranas
479 1465 489 1484 ,
508 1452 596 1474 vers.
612 1439 695 1487 1269
707 1453 715 1481 ;
728 1446 858 1473 utram-

177 1506 246 1539 que
264 1492 498 1542 Apollodorus
513 1506 521 1528 ε
534 1494 710 1538 ἀδοξοῦντες
721 1520 730 1537 ,
749 1497 776 1529 εἰ
790 1510 858 1528 πα-

176 1550 288 1597 ρέντων
295 1547 412 1597 ἀνδρῶν
422 1552 495 1591 γυνὴ
507 1546 546 1582 τᾶ
561 1547 700 1596 ἇριςτεῖἂ
713 1550 857 1591 λήψεται,

176 1602 256 1636 κατὰ
271 1602 352 1645 γένος
368 1602 471 1639 αὐτοῖς
487 1603 647 1650 προσήκειν
665 1601 860 1644 λέγοντες.-

175 1653 292 1697 Longe
306 1655 362 1687 sit.
378 1651 471 1686 Vide
487 1650 531 1686 ad
544 1650 611 1695 IV,
627 1651 750 1695 648.-
757 1652 859 1685 Thes-

175 1707 277 1740 te‘adoe
289 1732 298 1746 ,
330 1704 374 1740 de
397 1705 523 1750 quibus
549 1703 591 1738 ad
614 1716 755 1738 versum
783 1703 860 1747 304.

176 1777 223 1785 —
234 1759 290 1794 Ne
304 1760 403 1802 longe
417 1761 466 1792 sit
481 1759 549 1792 tibi
558 1760 704 1791 muneris·
719 1762 859 1798 παι-[οη

177 1810 213 1845 id
230 1817 282 1845 est
295 1837 305 1853 ,
327 1823 374 1845 ne
389 1809 610 1845 interficiaris
622 1834 631 1851 ‚
650 1808 743 1842 etsie
756 1807 860 1853 longe

179 1862 222 1898 ab
238 1871 397 1899 amatore
412 1869 476 1897 tuo
489 1861 671 1907 separeris.
687 1862 753 1894 Ed.

223 1916 299 1962 437.
324 1918 402 1953 Non
430 1918 526 1955 tulit,
545 1922 611 1950 etc.
640 1906 800 1965 ὀργισθεὶς
830 1917 863 1948 δι’

180 1971 350 2020 Μελέαγρος
359 1973 428 2008 τοὺς
437 1973 565 2004 Θεστίου
575 1972 689 2006 παῖδας
700 1968 863 2002 amatim.

179 2033 224 2051 ⁴*-
237 2022 436 2057 Mavortius.
452 2019 579 2055 Martis
593 2032 676 2054 eum
692 2019 796 2053 fuisse
811 2018 863 2052 fi-

181 2074 268 2110 lium
283 2072 473 2119 Euripides
490 2073 527 2107 in
545 2072 728 2118 Meleagro
746 2070 864 2105 tradi—

183 2124 284 2160 derat
299 2151 310 2169 ‚
337 2133 478 2160 auctore
503 2123 693 2159 Plutarcho
711 2150 720 2168 ‚
750 2122 864 2158 Paral.

183 2191 217 2223 p.
229 2190 247 2211 a
255 2191 304 2212 ια.
315 2176 420 2212 Cons.
428 2184 467 2212 et
479 2176 735 2222 Apollodorum
746 2202 756 2218 ,
767 2189 799 2221 p.
812 2175 866 2209 33.

188 2231 334 2264 Consors
349 2255 358 2270 ‚
383 2230 500 2263 frater.
528 2228 581 2263 xl
595 2255 605 2272 ,
634 2228 697 2274 347
716 2243 724 2270 3
747 2228 839 2263 XIII
854 2254 863 2271 ,

185 2284 251 2319 663
266 2298 274 2325 ;
294 2295 392 2318 nunc
407 2281 575 2327 adjective
587 2307 597 2325 ,
621 2282 808 2316 fraternus.

228 2337 305 2381 445.
319 2337 425 2370 Dona
433 2335 545 2369 Deum
558 2341 624 2369 etc.
639 2334 809 2380 Sequitur
820 2333 869 2368 lo-

185 2402 245 2424 cus
267 2387 590 2435 praestantissimus,
612 2386 671 2431 qui
692 2386 871 2421 fluctuan—

186 2449 260 2477 tem
285 2441 431 2476 Althaeae
453 2438 635 2482 animum,
659 2445 696 2473 et
715 2450 869 2484 pugnam

187 2494 341 2530 materni
350 2493 495 2528 affectus
508 2504 590 2527 cum
599 2490 736 2526 sororio
750 2502 870 2525 amore

188 2546 326 2594 egregie
343 2545 527 2587 describit;
546 2557 653 2590 quam
669 2544 715 2578 ob
731 2556 872 2578 causam

189 2600 296 2636 etiam
315 2599 478 2634 laudatur
499 2598 541 2633 ab
565 2597 701 2632 Homio
722 2596 760 2630 in
782 2595 872 2630 Ele-

191 2659 303 2687 ment.
328 2650 418 2686 Crit.
438 2658 525 2686 tom.
546 2651 584 2695 1,
604 2663 637 2696 p.
657 2650 728 2697 189.
747 2647 874 2684 Caete-

190 2718 275 2740 rum
290 2703 461 2750 Meleagri
479 2715 574 2738 mors
591 2701 776 2748 dupliciter
791 2713 876 2736 nar-

194 2764 314 2802 ratur,
340 2761 380 2792 ut
403 2755 531 2792 diserte
556 2753 812 2801 Apollodorus,
835 2754 874 2797 1,

1545 1200 1612 1245 44⁵

923 1343 995 1367 v111
1007 1359 1017 1376 ‚
1037 1332 1056 1365 3
1069 1358 1078 1376 ,
1097 1338 1231 1366 monet.
1251 1330 1355 1366 Prior
1370 1330 1461 1365 ratio
1473 1356 1482 1374 ‚
1501 1343 1611 1376 eaque

920 1384 1164 1430 antiquissima
1177 1410 1187 1427 ,
1206 1390 1386 1418 auctorem
1403 1383 1508 1417 habet
1525 1383 1611 1417 Ho-

920 1451 1062 1473 merum
1074 1464 1084 1481 ‚
1101 1437 1196 1472 dicto
1209 1436 1286 1471 loeo
1299 1450 1306 1471 :
1321 1435 1518 1472 secundum
1532 1448 1611 1470 eam

922 1490 1057 1525 Thestii
1070 1490 1131 1525 filii
1143 1517 1152 1534 ,
1172 1489 1302 1524 invidia
1316 1488 1414 1531 tacti,
1434 1501 1516 1523 cum
1533 1487 1613 1522 Cu-

922 1544 1057 1579 retibus
1084 1543 1216 1578 bellum
1243 1542 1375 1577 sac'iunt
1396 1540 1523 1575 AEtolis
1537 1567 1546 1583 ,
1573 1541 1610 1574 in

923 1610 994 1642 quo
1012 1596 1194 1642 Meleager
1205 1622 1215 1640 ,
1233 1595 1425 1630 intersectis
1440 1593 1611 1629 Thestia-

924 1649 995 1693 dis,
1012 1649 1103 1684 cadit
1117 1655 1152 1683 et
1163 1649 1245 1694 ipse.
1258 1646 1329 1682 Sed
1342 1660 1383 1681 ex
1395 1645 1520 1681 eodem
1535 1658 1611 1680 auc-

925 1709 1001 1737 tore
1022 1709 1058 1737 et
1078 1700 1296 1747 Apollodoro
1318 1700 1425 1734 etiam
1452 1706 1588 1734 constat
1601 1725 1610 1742 ,

924 1755 1048 1790 odium
1070 1753 1303 1789 intercessisse
1326 1753 1510 1797 Meleagro
1528 1765 1611 1787 cum

925 1807 1062 1844 Althaea
1079 1814 1191 1842 matre
1203 1832 1212 1850 ,
1238 1813 1341 1851 atque
1356 1805 1446 1840 hanc
1458 1804 1530 1838 filio
1543 1804 1614 1838 im-

926 1867 1102 1906 precatam
1112 1873 1184 1894 esse
1197 1866 1351 1893 mortem
1363 1872 1371 1900 ;
1385 1858 1419 1891 id
1432 1856 1526 1903 quod
1537 1857 1611 1891 sine

927 1911 1035 1946 dubio
1051 1910 1227 1955 originem
1248 1909 1346 1944 dedit
1366 1908 1464 1944 alteri
1485 1907 1615 1942 rationi

926 1977 988 1998 seu
1011 1963 1136 1997 sabulae
1161 1962 1204 1996 de
1227 1962 1342 2008 stipite
1366 1961 1458 1996 fatali
1473 1987 1482 2004 ,
1507 1973 1614 2006 quam

926 2016 1063 2062 primus
1081 2014 1303 2063 Phrynichus
1324 2014 1474 2060 tragicus
1495 2014 1532 2048 in
1556 2015 1616 2048 sa—

927 2068 1010 2102 bula
1028 2067 1184 2102 Pleuron
1201 2067 1364 2102 tractavit
1376 2067 1393 2113 (
1405 2066 1594 2102 Pausanias
1607 2093 1615 2109 ,

929 2120 1038 2155 Phoc.
1052 2133 1086 2165 p.
1099 2121 1192 2167 874),
1204 2132 1380 2166 quamque
1395 2132 1469 2154 non
1483 2119 1616 2154 mirum

930 2180 981 2208 est
998 2173 1170 2208 Nostrum
1187 2172 1377 2218 praetulisse
1389 2198 1399 2215 ‚
1419 2185 1529 2216 quum
1549 2184 1618 2216 ap-

931 2226 1000 2260 tior
1019 2225 1133 2260 multo
1154 2232 1242 2260 esset
1265 2224 1307 2259 ad
1331 2224 1615 2261 commiseratio—

930 2293 1016 2315 nem
1041 2279 1248 2315 saciendam.
1276 2279 1336 2314 Sic
1362 2286 1399 2314 et
1424 2278 1589 2326 Hyginus
1610 2303 1618 2320 ‚

931 2333 997 2367 sab.
1015 2334 1085 2378 174.
1099 2331 1278 2367 Nicander
1287 2331 1379 2377 apud
1392 2330 1618 2365 Antoninum

933 2384 1133 2419 Liberalem
1144 2410 1153 2428 ,
1170 2397 1243 2429 cap.
1257 2399 1276 2418 2
1287 2411 1298 2428 ‚
1316 2391 1502 2428 utramque
1519 2382 1621 2416 ratio—

921 2445 1019 2471 'nem
1029 2437 1278 2482 conjunxerat;
1292 2435 1515 2480 Meleagrum
1526 2434 1622 2469 enim

935 2488 1128 2524 tradiderat
1139 2490 1174 2522 in
1186 2501 1303 2534 pugna
1312 2500 1394 2522 cum
1410 2486 1601 2522 Curetibus
1612 2514 1622 2531 ,

936 2547 1015 2587 post
1041 2540 1168 2575 taedam
1190 2540 1284 2574 illam
1310 2540 1381 2586 igni
1406 2539 1599 2575 immissam
1614 2566 1623 2582 ,

937 2593 1250 2639 periisse.—l)ona‚
1266 2592 1411 2627 donaria
1421 2619 1430 2637 ‚
1445 2605 1534 2627 vers.
1546 2591 1623 2634 266,

938 2647 1085 2690 templis,
1108 2645 1145 2679 in
1163 2645 1292 2691 templa
1309 2644 1396 2680 Diis.
1412 2645 1484 2688 lx,
1507 2656 1627 2692 790.—

941 2701 1034 2735 Nato
1046 2702 1170 2734 victore
1178 2711 1189 2742 ,¹
1202 2699 1246 2734 ob
1258 2699 1333 2734 nati
1348 2699 1541 2734 victoriam.
1558 2698 1627 2732 In-

942 2759 999 2787 ter
1010 2751 1109 2798 pium
1122 2764 1207 2798 ergo
1219 2751 1376 2788 officium
1386 2757 1421 2787 et
1430 2750 1551 2786 laetum
1560 2760 1633 2783 non
