1820 3106
258 246 338 288 150
418 244 453 287 P
498 242 700 288 OVIDII
727 241 985 287 NASONIS
1009 242 1257 286 METAM.
1292 242 1406 286 LIB.
1437 242 1523 287 IX.

249 339 432 386 Postera
450 336 525 385 lux
546 336 680 384 radiis
703 335 843 384 latum
865 335 1127 402 patefecerat
1149 334 1325 391 orbem3
1358 355 1372 363 ·

250 415 404 478 Quum
427 415 579 463 Venus
602 425 645 461 et
666 414 788 461 Juno
805 450 817 472 ‚
844 413 1077 479 sociosque
1097 413 1361 479 Hymenaeus
1381 410 1437 459 ad
1453 411 1578 475 ignes
1611 426 1676 473 795

252 492 560 551 Conveniunt;
586 491 845 558 potiturque
870 511 946 540 sua
970 509 1081 559 puer
1103 490 1229 558 Iphis
1250 489 1420 539 Ianthe.

297 625 369 671 794.
387 623 583 669 Patefacere
597 630 632 658 et
647 627 774 669 aperire
789 624 905 658 locum
917 649 927 666 ‚

250 676 362 710 facere
376 702 386 720 ,
407 682 446 710 ut
469 676 506 710 in
528 683 754 722 conspectum
774 675 930 722 prodeat.

253 729 432 762 Clauditur
440 734 560 763 contra
576 734 612 763 et
626 730 797 768 conditur,
821 740 931 773 quum

252 791 326 813 non
342 779 488 825 amplius
505 779 672 815 cernitur.
691 798 734 807 -
752 779 933 815 Caeterum

253 844 327 866 non
344 828 553 869 incredibilis
573 831 647 868 haec
663 831 778 867 sabula
795 831 934 866 videtur

252 884 388 920 Samio,
401 886 530 920 Monet
541 885 638 920 enim
648 911 658 929 ,
676 885 752 920 fieri
764 897 862 931 posse
874 911 884 928 ,
895 891 936 919 ut

253 951 271 972 e
295 938 408 984 puella
430 938 491 974 fiat
511 952 622 985 puer,
648 937 936 985 quandoquidem

993 630 1120 658 natura
1156 630 1272 668 partes
1312 622 1427 657 viriles
1462 621 1678 658 absconditas

995 677 1037 712 ab
1053 677 1173 720 initio,
1197 689 1275 711 sero
1299 675 1480 710 interdum
1503 676 1675 721 proferat,

994 728 1157 763 dubitans
1177 728 1273 773 quasi
1295 727 1508 772 aiiquamdiu
1521 754 1531 771 ‚
1555 735 1679 766 utrum

997 793 1118 815 sexum
1143 780 1282 814 tribuat.
1306 779 1358 813 Ita
1383 786 1547 814 naturam
1572 779 1679 813 etiam

998 833 1120 868 ludere
1137 833 1173 867 in
1194 832 1333 867 cinaedis
1350 839 1386 866 et
1401 833 1438 866 in
1454 832 1679 878 viraginibus.

1000 884 1135 919 Similia
1146 884 1251 919 habet
1261 883 1436 919 Harduin.
1447 883 1490 919 ad
1501 883 1657 920 Plinium
1667 909 1678 927 ,

1001 937 1058 971 lib.
1074 936 1148 971 VII
1159 962 1169 980 ‚
1188 949 1261 982 cap.
1279 938 1309 981 4.
