1820 3106
301 294 377 333 182

649 295 700 336 P.
745 294 989 340 OVIDII
1025 292 1330 341 NASONIS

293 384 463 432 Rursus
485 404 654 445 amans,
678 406 916 453 rursusque
941 407 1069 437 manu
1092 408 1169 438 sua
1187 401 1285 438 vota
1305 397 1519 439 retractat.

293 460 466 527 Corpus
489 474 607 511 erat:
633 463 792 512 saliunt
816 476 984 518 tentatae
1006 465 1164 531 pollice
1187 485 1316 515 venae.

288 537 401 585 Tum
421 557 522 586 vero
544 539 738 605 Paphius
762 539 1012 606 plenissima
1035 543 1228 610 concipit
1251 544 1380 594 heros

1626 568 1691 603 ²9⁰

287 613 431 661 Verba
448 652 458 672 ‚
487 614 647 680 quibus
671 617 830 665 Veneri
853 630 995 680 grates
1019 630 1119 680 agat
1139 639 1148 666 :
1171 638 1331 686 oraque
1355 620 1527 669 tandem

289 690 377 737 Ore
399 709 478 738 suo
501 711 591 740 non
615 691 719 741 falsa
744 695 928 760 premit;
953 695 1137 761 dataque
1162 696 1308 744 oscula
1333 697 1455 759 virgo

287 765 433 814 Sensit
449 805 460 826 ,
475 780 528 832 -et
549 770 726 818 erubuit
740 807 751 828 ,
776 771 1061 837 timidumque
1081 772 1135 820 ad
1158 771 1320 820 lumina
1344 773 1489 823 lumen

282 878 463 924 malionis,
495 880 679 926 repentino
699 881 823 916 laetitiae
852 894 955 917 sensu

282 931 408 975 perfusi
423 957 431 974 ‚
453 933 589 978 egregie
606 940 755 968 notatus.
769 953 811 960 —
828 935 957 968 Tirm'de

279 984 411 1025 gaudet.
424 982 539 1029 Vulgo
551 986 649 1018 dubio
655 978 798 1028 gaudet‚·
812 985 954 1029 quidam

280 1035 425 1074 modico,
445 1040 503 1067 aut
516 1035 828 1080 modica—Regius
837 1042 956 1070 noster

288 1083 395 1118 codex
418 1085 449 1118 A
462 1112 471 1128 ,
500 1088 597 1119 dubie
610 1090 734 1131 gaudet
744 1099 756 1129 9·
773 1087 881 1121 codex
904 1086 952 1130 B,

280 1138 387 1170 medio
406 1139 532 1180 gaude!
544 1151 554 1172 .·
568 1138 628 1172 sed
655 1141 770 1172 ilmide
788 1145 955 1183 praestan-

283 1187 348 1222 tius
365 1195 399 1221 et
414 1195 504 1222 recte
525 1190 565 1223 ab
582 1189 729 1224 Heinsio
750 1190 930 1235 praelatum
944 1205 951 1231 ;

280 1240 409 1275 indicat
435 1254 562 1287 nempe
591 1250 721 1277 statum
751 1243 953 1289 ambiguum

282 1291 516 1338 Pygmalionis
547 1294 708 1328 haerentis
740 1294 834 1328 dubii
861 1295 955 1328 inter

280 1344 445 1389 gaudium
460 1352 494 1379 et
510 1346 683 1380 timorem.
696 1347 798 1381 Hanc
811 1354 955 1381 senten-

280 1398 363 1432 tiam
389 1411 502 1442 nuper
518 1397 738 1433 confirmavit
757 1398 831 1432 Rex
846 1398 953 1443 opti—

279 1463 368 1493 mus,
382 1450 476 1484 idem
490 1451 616 1485 artium
628 1450 821 1483 liberalium
832 1450 951 1484 ocula-

283 1508 337 1537 tus
350 1503 466 1547 judex,
480 1511 514 1538 et
526 1502 701 1537 beneficus
711 1503 820 1536 nostri
832 1502 961 1541 laboris.

279 1561 446 1600 patronus
465 1581 474 1598 ‚
506 1567 615 1599 quum
641 1553 788 1598 dignum
811 1553 955 1596 rivalem

280 1606 410 1641 Ovidio
427 1607 617 1642 declararet
635 1605 758 1640 clariss.
782 1605 954 1640 GmonE'r

279 1660 405 1704 gallicae
413 1659 537 1694 scholae
546 1659 762 1704 magistrum,
772 1658 872 1703 eique
883 1671 956 1703 gra·

280 1711 450 1746 tularetur
460 1737 469 1753 ‚
483 1709 576 1755 quod
587 1710 659 1744 haec
669 1710 771 1744 verba
783 1711 873 1743 Dum
883 1716 957 1743 stu-

276 1767 337 1805 pet.
354 1767 387 1795 et
409 1764 524 1796 timide
538 1764 662 1806 gaudet
680 1768 751 1797 tam
770 1761 872 1796 docto
890 1773 957 1806 pe·-

279 1815 396 1849 nicillo
415 1815 631 1860 expressisset
657 1815 692 1853 in
716 1827 756 1849 ea
773 1815 878 1849 nobili
896 1821 955 1849 ta—

280 1867 358 1901 bula
373 1894 382 1910 ,
410 1880 492 1912 quae.
504 1867 592 1901 hanc
614 1866 764 1900 fabulam
788 1866 930 1911 explicat
942 1891 952 1908 ‚

280 1926 316 1953 et
332 1918 374 1952 de
392 1931 460 1963 qua
477 1931 549 1952 non
566 1918 682 1952 minor
697 1918 896 1964 gallicarum
912 1917 954 1951 li-

281 1976 437 2003 terarum
453 1970 617 2014 magister
628 1996 637 2012 ,
655 1970 688 2004 J.
704 1970 738 2004 J.
755 1969 953 2004 DUSSAULT

281 2021 477 2066 elegantem
495 2022 588 2056 hunc
607 2035 745 2057 versum
761 2022 908 2056 cecinit:

276 2081 337 2105 J'ai
346 2090 379 2106 vu
390 2087 420 2105 ta
436 2082 550 2106 Galate'e
556 2101 566 2114 ‚
581 2087 609 2107 et
621 2084 648 2114 Ῐσ
659 2083 724 2107 crois
735 2084 753 2106 ἀ
767 2080 887 2115 Iajizltle.
927 2087 929 2090 '

280 2129 344 2154 Visa
352 2129 415 2153 mibi
427 2131 531 2155 Galatea
541 2131 707 2164 probnoquod
713 2130 801 2155 subula
813 2129 951 2155 finxit.Ed.

277 2197 323 2204 —
345 2179 474 2212 Tlmt'de
496 2181 621 2220 gaudet
638 2178 796 2223 praeclare
821 2176 863 2211 de
886 2189 951 2221 eo,

280 2229 378 2273 cujus
388 2228 550 2273 gaudium
561 2228 721 2262 nondum
729 2235 864 2262 certum
874 2227 953 2261 satis

281 2288 341 2315 est.
363 2280 496 2324 Supra,
525 2280 577 2313 lx
593 2305 603 2321 ,
626 2293 682 2326 79¹
703 2305 713 2322 ,
741 2281 812 2313 Nec
833 2281 953 2313 timida

278 2334 417 2375 gaudete
421 2333 519 2376 fide‚·
536 2330 596 2364 Sil.
614 2329 664 2364 XI
676 2355 686 2374 ‚
706 2332 768 2375 572
786 2356 795 2371 ‚
810 2333 953 2364 sollicite

281 2386 358 2417 leti.
374 2401 417 2408 —
431 2384 580 2426 Fallique
594 2388 733 2424 veretur,
752 2393 825 2424 non
843 2380 957 2430 credit*

279 2435 384 2477 tactui
406 2447 468 2477 suo
481 2461 491 2477 ,
519 2434 640 2479 itaque,
651 2445 764 2468 rursus
777 2445 952 2478 rursusque

279 2493 456 2526 retractat,
479 2498 552 2519 non
567 2492 716 2528 statuam
733 2511 742 2527 ,
763 2485 823 2519 sed
840 2485 951 2518 multo

279 2538 477 2582 exquisitius
491 2563 500 2580 ,
522 2551 585 2571 sua
601 2544 688 2571 vota.
708 2538 778 2572 Pro
794 2542 953 2573 retractat

281 2589 457 2623 Palatinus
482 2595 515 2623 et
540 2595 688 2634 quatuor
713 2588 766 2622 alii
790 2593 948 2628 retentat,

280 2640 373 2684 quod
403 2653 474 2674 non
500 2640 654 2685 displicet
676 2640 890 2675 Burmanno.
908 2659 951 2665 -

284 2691 430 2726 Codices
447 2693 555 2726 nostri
573 2692 670 2737 Regii
685 2718 694 2735 ,
719 2697 886 2726 retractat.
907 2710 950 2717 —

285 2745 444 2777 Tractare
456 2771 463 2781 ‚
489 2744 510 2777 i.
527 2757 557 2788 q.
566 2747 707 2787 palpare
718 2771 726 2783 ‚
748 2749 950 2791 ‹quxffem—

279 2795 422 2830 Salium.
441 2796 470 2829 V
475 2794 530 2829 ide
546 2795 589 2829 ad
608 2796 660 2831 Vl
675 2821 685 2839 ,
704 2795 779 2841 390.

1063 884 1136 931 289.
1151 886 1276 927 Corpus
1283 891 1362 919 erat.
1373 885 1518 930 Proprie
1529 891 1688 931 :tangere

1020 934 1114 968 enim
1132 941 1166 969 et
1186 936 1278 980 tangi
1293 962 1301 979 ,
1330 936 1395 970 nisi
1419 948 1567 982 corpus,
1595 936 1690 972 nulla

1020 991 1132 1029 potest
1148 998 1211 1020 res.
1229 988 1295 1020 Ed.

1062 1049 1137 1083 290.
1155 1038 1304 1081 Paphius
1319 1040 1414 1072 heros
1424 1065 1433 1080 ,
1451 1045 1490 1072 ut
1501 1038 1572 1082 jam
1582 1038 1690 1074 Bers—

1019 1100 1170 1123 mannus
1194 1090 1388 1132 observavit
1401 1116 1411 1133 ,
1437 1103 1500 1135 per
1516 1090 1690 1136 prolepsin

1020 1139 1151 1174 dictum
1166 1154 1174 1181 ;
1200 1153 1283 1175 nam
1309 1140 1448 1187 Paphus
1476 1141 1621 1176 demum
1650 1154 1690 1186 ex

1019 1191 1247 1237 Pygmalione
1257 1192 1614 1227 natus.-Plemzrs1·ma
1621 1203 1690 1225 ver-

1019 1245 1062 1276 ba
1076 1255 1152 1287 quae
1160 1243 1247 1287 sint,
1262 1256 1334 1277 non
1345 1243 1503 1289 intelligit
1512 1243 1691 1277 Burman-

1019 1308 1084 1330 nus
1094 1296 1153 1340 qui
1165 1296 1303 1341 praesert
1314 1296 1415 1330 unius
1426 1295 1607 1337 Heinsiani
1619 1295 1688 1330 MS

1018 1347 1235 1392 scripturam,
1246 1348 1446 1391 plenissima
1456 1353 1544 1386 vota,
1562 1346 1690 1381 scilicet

1019 1406 1058 1434 ut
1073 1400 1208 1434 fruatur
1219 1405 1255 1433 et
1265 1406 1454 1433 coeatcum
1470 1399 1618 1443 imagine
1633 1397 1688 1432 illa
1724 1394 1736 1407 ‘

1019 1452 1189 1491 eburnea,
1209 1451 1281 1495 jam
1296 1451 1426 1484 semina
1437 1451 1523 1485 sacta
1541 1463 1550 1485 z
1566 1450 1603 1484 in
1619 1462 1689 1495 quo

1018 1515 1082 1548 ego
1099 1503 1130 1536 ei
1142 1514 1214 1536 non
1229 1502 1415 1536 adsentior.
1428 1502 1518 1537 Nam
1530 1502 1612 1548 quid
1624 1502 1689 1538 hoe

1018 1560 1068 1588 est
1079 1579 1087 1596 ‚
1099 1558 1178 1587 vota
1185 1580 1197 1593 ‚.
1207 1556 1323 1597 quibus
1338 1555 1459 1588 Veneri
1461 1549 1572 1597 grates
1579 1561 1663 1598 aga!
1670 1555 1695 1588 ἓ*

1019 1605 1118 1639 Votis
1142 1605 1239 1639 enim
1268 1605 1431 1649 susceptis
1460 1617 1533 1639 non
1573 1606 1690 1651 gratiae

1018 1665 1168 1703 aguntur
1184 1657 1270 1694 Diis.
1289 1657 1336 1693 Et
1349 1657 1377 1691 si
1395 1658 1473 1697 licet
1489 1660 1594 1702 plena
1610 1664 1691 1692 vota

1018 1709 1129 1744 dicere
1142 1735 1151 1752 ,
1177 1710 1281 1749 etiam
1298 1712 1401 1752 plena
1424 1711 1524 1747 verba
1541 1709 1688 1744 ferenda

1017 1769 1108 1796 sunt.
1126 1762 1362 1805 schirachius,
1382 1761 1441 1806 qui
1456 1774 1534 1799 eam
1545 1761 1590 1796 ob
1605 1774 1691 1799 cau-

1014 1826 1088 1849 sam
1105 1814 1195 1858 justo
1219 1814 1373 1851 acerbius
1391 1813 1563 1857 vituperat
1587 1813 1689 1851 Bur-

1015 1877 1199 1907 mannum,
1209 1872 1463 1910 putat,sensum
1470 1877 1541 1899 esse
1552 1864 1688 1910 elegan-

1017 1917 1200 1960 tissimum,
1209 1918 1236 1952 si
1247 1916 1415 1963 intelligas
1426 1916 1528 1959 verba
1539 1917 1689 1961 perfecta

1017 1976 1052 2003 et
1067 1969 1201 2014 integra
1214 1983 1221 2009 3
1240 1968 1344 2003 verba
1354 1994 1362 2010 ,
1378 1981 1455 2013 quae
1463 1969 1689 2013 proferuntur

1017 2021 1152 2066 integra
1167 2033 1250 2055 voce
1267 2027 1302 2054 et
1318 2021 1418 2054 clara.
1433 2020 1608 2065 Equidem
1625 2022 1688 2067 in—

1017 2074 1131 2118 telligo
1141 2073 1288 2117 plurima
1301 2073 1414 2111 verba,
1428 2085 1505 2118 quae
1517 2086 1557 2109 ex
1564 2073 1688 2119 plenis·

1015 2125 1103 2158 simo
1126 2131 1264 2168 pectore
1286 2131 1522 2168 promanant,
1550 2131 1584 2160 et
1610 2125 1685 2170 ple-

1015 2175 1157 2209 nissimo
1176 2187 1236 2209 ore
1261 2175 1498 2221 proferuntur.
1528 2175 1579 2210 Ea
1604 2183 1687 2210 sunt

1015 2226 1138 2262 laetitiae
1148 2238 1292 2261 summae
1303 2227 1450 2271 signum.
1460 2227 1518 2262 Sic
1527 2228 1562 2262 in
1574 2228 1686 2271 Nuce,

1014 2291 1101 2312 vers.
1117 2292 1172 2324 92,
1186 2285 1220 2313 et
1234 2279 1336 2312 Pont.
1353 2278 1418 2320 IV,
1434 2289 1507 2322 vn,
1523 2281 1690 2324 17:Pleru'

1004 2331 1141 2374 sruclus
1163 2337 1245 2364 sunt
1268 2330 1409 2375 plurimi
1429 2343 1436 2364 ε
1455 2337 1560 2374 atque
1575 2331 1684 2366 etiam

1019 2382 1092 2416 Art.
1106 2382 1221 2416 Amat.
1235 2382 1292 2424 11,
1311 2382 1392 2424 322,
1404 2382 1606 2425 plenafalce
1615 2395 1686 2417 me-

1013 2442 1079 2469 tere
1096 2435 1143 2469 ita
1166 2434 1314 2479 accipio,
1338 2442 1376 2470 ut
1400 2434 1491 2479 apud
1512 2434 1684 2470 Claudia-

1014 2499 1100 2520 num
1116 2512 1124 2528 ,
1145 2486 1207 2530 Ep.
1225 2485 1268 2519 ad
1288 2486 1410 2520 Seren.
1434 2487 1471 2529 41
1484 2512 1494 2529 ‚
1512 2499 1686 2522 numerosa

1003 2537 1111 2580 falce.
1125 2537 1280 2583 plurimis
1289 2537 1428 2571 falcibus
1439 2544 1584 2579 metere;
1594 2539 1683 2573 male

1014 2589 1059 2623 ibi
1073 2589 1295 2625 Burmannus
1308 2588 1424 2625 mallet
1434 2615 1442 2631 ‚
1450 2591 1553 2632 plena
1565 2592 1679 2629 lance,

1013 2640 1108 2674 lance
1124 2640 1220 2674 enim
1235 2651 1306 2672 non
1324 2639 1478 2674 metitur.
1495 2639 1566 2676 Cic.
1580 2640 1682 2675 Rosc.

1015 2693 1094 2726 Am.
1111 2707 1129 2726 2
1143 2718 1152 2735 ,
1162 2695 1265 2735 plena
1272 2696 1429 2734 pecunia,
1446 2693 1595 2737 plurima
1605 2719 1615 2737 ,
1629 2706 1683 2727 co·

1013 2745 1117 2789 piosa.
1127 2744 1378 2787 ——Nonfalsa‚
1396 2744 1474 2779 vide
1491 2744 1531 2778 ad
1543 2758 1589 2779 vs.
1607 2747 1682 2779 250.

1057 2795 1130 2842 293·
1144 2795 1254 2829 Sensit
1266 2799 1301 2830 el
1314 2797 1453 2831 erubuit.
1468 2795 1595 2831 Melius
1611 2796 1683 2830 ob—
