1820 3106
254 275 309 316 53
621 276 672 317 Ρ.
724 276 956 319 OVIDII
995 275 1290 320 NASONIS

253 367 460 432 Dantque
487 366 632 415 locum
656 367 817 416 mensis
841 367 1020 434 paulum
1043 369 1221 417 seducta
1245 370 1460 419 secundiS.

253 443 338 490 Hic
361 463 476 501 nux,
504 445 576 492 hic
598 445 732 493 mixta
756 457 823 493 est
845 445 1020 508 rugosis
1045 446 1182 495 carica
1205 446 1383 513 palmis,

253 521 486 587 Prunaque
501 559 512 579 ,
539 534 582 570 et
603 522 648 569 in
673 522 835 588 patulis
858 523 1098 572 redolentia
1121 523 1234 572 mala
1256 525 1455 573 canistris
1471 563 1482 583 ‚

1599 539 1668 586 675

253 598 312 644 Et
336 598 388 644 de
409 599 642 664 purpureis
667 599 859 648 collectae
882 600 1046 648 vitibus
1068 620 1185 658 uvae3

256 673 480 723 Candidus
504 675 550 722 in
574 675 718 723 medio
744 677 867 725 favus
890 689 984 726 est:
1007 696 1139 744 super
1160 678 1305 726 omnia
1326 677 1475 727 vultus

255 751 486 800 Accessere
507 753 616 800 boni
631 791 642 811 ,
667 773 745 802 nec
768 754 884 802 iners
907 773 1162 820 pauperque
1183 754 1396 803 voluntas.
1452 744 1455 748 ⁴

256 830 448 888 Interea,
476 831 649 896 quoties
673 831 879 879 haustum
903 844 1068 880 cratera
1089 831 1250 898 repleri

256 906 423 972 Sponte
448 926 550 965 sua,
575 926 655 973 per
679 926 811 974 seque
835 908 985 956 vident
1008 928 1276 958 succrescere
1299 908 1424 966 vina,

1603 921 1670 957 680

257 983 449 1030 Attoniti
472 984 664 1031 novitate
686 996 868 1050 pavent,
895 985 1186 1050 manibusque
1210 984 1380 1050 supinis

259 1060 529 1125 Concipiunt
548 1061 795 1127 Baucisque
817 1081 967 1127 preces
982 1099 994 1119 ,
1023 1062 1291 1128 timidusque
1316 1060 1572 1119 Philemon,

256 1141 315 1188 Et
338 1140 505 1206 yeniam
530 1141 742 1208 dapibus,
769 1142 989 1209 nullisque
1013 1143 1238 1210 paratibus
1264 1155 1404 1191 orant.

263 1222 426 1271 Unicus
446 1242 572 1271 anser
591 1236 706 1282 erat,
733 1225 920 1273 minimae
946 1225 1146 1274 custodia
1167 1224 1279 1273 villae
1293 1262 1304 1283 ,

259 1288 512 1367 Quem-Dis
535 1305 791 1372 hospitibus
816 1307 982 1355 domini
1004 1318 1191 1355 mactare
1214 1306 1455 1373 parabant:

1605 1318 1670 1354 585

257 1385 334 1434 llle
356 1385 470 1434 celer
489 1406 634 1454 penna
655 1389 802 1437 tardos
824 1401 947 1437 aetate
971 1389 1150 1451 fatigat3

258 1523 378 1556 Prodit
373 1522 513 1565 fumoso
518 1525 658 1562 *condita
668 1527 749 1557 vina
759 1525 853 1558 cado.
862 1523 932 1558 Sed

259 1573 330 1608 haec
350 1586 489 1619 quoque
506 1575 586 1608 vina
594 1578 734 1619 paulum
746 1602 754 1616 ,
774 1575 810 1609 in
828 1575 933 1609 breve

259 1634 396 1672 tempus
406 1654 415 1671 ,
433 1628 597 1673 quamdiu
611 1629 701 1663 mala
716 1641 797 1663 cum
815 1629 888 1662 uvis
899 1635 934 1663 et

260 1679 380 1724 palmis
405 1680 602 1724 adstarent,
630 1683 769 1716 seducta
787 1688 878 1716 sunt.
891 1700 935 1707 —

261 1732 391 1776 Sprotii
405 1739 440 1766 et
455 1733 525 1767 duo
542 1733 616 1776 alii,
631 1746 694 1778 pro
703 1736 856 1773 seducta,
871 1732 935 1767 ha-

259 1783 342 1817 bent
354 1786 526 1819 subducta.
534 1786 713 1820 —Mensis
728 1798 791 1830 pro
800 1798 934 1819 mensae.

259 1835 358 1869 —De
369 1838 518 1870 secunda
529 1849 648 1871 mensa
659 1837 735 1871 vide
747 1836 789 1871 ad
803 1837 867 1880 IX,
881 1838 933 1883 89.

259 1887 329 1921 Hic
345 1901 392 1921 vs.
403 1888 466 1934 673
480 1915 489 1931 ,
507 1889 715 1934 praecedenti
729 1901 935 1935 praepouen-

261 1938 324 1972 dus
341 1939 479 1974 videtur
498 1941 666 1982 Heinsio;
682 1941 741 1976 sed
756 1941 855 1975 male.
868 1942 934 1974 Ed.

303 1991 377 2036 674.
400 1994 545 2036 Bugosoe
556 2019 564 2033 ‚
592 1993 718 2038 quippe
733 1992 876 2026 siccatae.
892 2010 936 2018 --

261 2042 332 2076 Pro
347 2045 531 2077 redolentia
547 2045 560 2087 (
577 2044 670 2088 quod
688 2043 817 2078 habent
834 2042 934 2088 Regii

261 2094 370 2127 nostri
387 2093 403 2138 )
422 2096 588 2130 Heinsius
602 2095 826 2130 scribendum
843 2107 934 2129 cen-

261 2145 357 2179 sebat
381 2147 557 2190 halantia3
583 2147 667 2180 olim
687 2146 935 2190 conjiciebatur

259 2198 411 2238 ridentia,
424 2198 563 2241 frustra,
573 2210 654 2232 nam
661 2199 840 2231 redolentia
845 2196 934 2230 bene

263 2249 488 2284 commendat
497 2251 587 2284 mala
597 2263 617 2284 a
626 2250 694 2289 leni
705 2257 739 2284 et
748 2249 842 2284 suavi
854 2248 934 2282 odo-

261 2314 354 2337 re‚—
362 2302 405 2336 In
418 2305 576 2337 canis-tris·
587 2303 711 2348 apponi
728 2302 884 2336 solebant
899 2307 936 2334 et

262 2353 352 2388 mala
367 2361 403 2389 et
419 2367 534 2399 panes.
549 2355 696 2389 Homer.
712 2353 781 2388 Od.
793 2353 825 2387 A
837 2379 846 2396 ‚
864 2354 934 2396 147.

262 2406 403 2440 AEneid.
414 2407 519 2450 VIII,
533 2408 838 2450 180.-Purpure12‹.
848 2404 936 2439 Viti-

261 2458 325 2492 bus
341 2458 461 2493 tribuit
473 2485 482 2502 ,
501 2458 594 2503 quod
606 2466 680 2493 erat
692 2458 765 2492 uvis
780 2458 936 2491 tribuen-

264 2510 360 2544 dum.
376 2529 419 2537 --
435 2514 505 2547 Nec
520 2516 606 2547 iners
622 2519 686 2546 etc.
704 2511 909 2546 excellenter
926 2510 933 2543 l

262 2576 327 2596 non
341 2567 429 2598 iners
445 2565 596 2609 pertinet
613 2565 655 2599 ad
669 2564 887 2600 sedulitatem
900 2569 936 2596 et

263 2614 425 2649 ardorem
436 2642 445 2659 ,
459 2630 528 2661 quo
543 2617 754 2662 accipiebant
764 2616 914 2661 hospites
925 2630 934 2658 ;

264 2679 329 2701 non
339 2680 467 2710 pauper
476 2668 517 2702 ad
529 2669 768 2703 liberalitatem
778 2695 786 2711 ,
799 2681 866 2713 qua
877 2682 936 2713 ap-

265 2719 623 2765 ponebant,quidquid
633 2720 815 2761 habebant3
825 2727 858 2755 et
868 2720 936 2754 lau-

267 2771 435 2805 tissimum
443 2772 584 2816 epulum
593 2780 780 2815 parassent,
792 2772 819 2806 si
829 2771 935 2805 modo

997 1522 1196 1568 potuissent.
1223 1521 1340 1555 Etiam
1373 1513 1527 1567 Hyrieus
1544 1546 1554 1563 ,
1578 1520 1671 1554 Fast.

999 1576 1062 1611 503
1075 1601 1083 1617 ,
1102 1577 1226 1609 vultum
1241 1575 1377 1608 addidit
1389 1572 1510 1607 verbis.

1040 1627 1115 1674 679.
1130 1628 1296 1660 Haustum
1305 1652 1322 1668 ,³
1336 1624 1540 1659 exhaustum
1549 1649 1559 1666 ,
1576 1622 1670 1668 quod

998 1687 1105 1715 exstat
1122 1680 1158 1714 in
1176 1679 1332 1724 plurimis
1350 1677 1456 1712 MSS.
1475 1676 1535 1712 sed
1552 1690 1593 1711 ex
1607 1676 1671 1710 in-

998 1732 1247 1778 terpretatione
1274 1730 1381 1766 fluxit.
1407 1731 1618 1764 Hauriuntur
1636 1735 1673 1762 et
1706 1746 1709 1747 ⁷

998 1799 1038 1820 ea
1049 1812 1058 1829 ‚
1069 1799 1110 1819 ex
1118 1785 1240 1830 quibus
1246 1779 1671 1818 hauritur.—Perse,Vide

1000 1838 1041 1872 ad
1055 1838 1090 1880 Ι,
1114 1838 1361 1880 102.—Supinoe
1370 1847 1504 1875 manus,
1519 1845 1596 1879 quae
1612 1845 1674 1868 ex-

999 1890 1170 1924 tolluntur
1183 1889 1250 1931 sic,
1265 1895 1304 1922 ut
1320 1887 1432 1932 palma
1449 1898 1586 1920 sursum
1603 1897 1672 1930 pa-u

999 1949 1069 1976 teat
1082 1968 1091 1985 ‚
1117 1941 1175 1985 qui
1193 1940 1257 1974 suit
1273 1938 1408 1973 habitus
1427 1937 1644 1982 precantium
1659 1950 1670 1977 ;

999 1993 1189 2027 Lambinus
1209 1991 1252 2025 ad
1270 1990 1459 2025 Horatium
1472 2015 1481 2031 ,
1501 1988 1556 2023 Ill
1570 2013 1579 2030 ,
1600 1986 1671 2022 Od.

999 2055 1093 2077 xxm
1105 2069 1114 2086 ,
1131 2057 1142 2077 1
1151 2068 1157 2076 .
1165 2060 1208 2068 —-
1219 2043 1395 2084 Concipere
1405 2040 1453 2074 nil
1468 2039 1533 2074 nisi
1548 2039 1671 2073 facere.

997 2096 1205 2138 -Dapibus
1220 2100 1283 2128 etc.
1300 2091 1443 2136 dapibus
1460 2091 1534 2125 sine
1554 2096 1671 2125 sumtu

999 2146 1394 2191 apparatis.—-Paratus‚
1413 2149 1594 2188 apparatus
1605 2167 1615 2187 ,
1632 2148 1672 2176 ut

998 2198 1052 2232 VI
1065 2224 1074 2240 ,
1091 2199 1167 2240 451.

1042 2250 1114 2293 684.
1145 2250 1272 2284 Unicus
1289 2261 1390 2283 anser
1401 2253 1490 2288 erat,
1509 2252 1572 2281 etc.
1591 2245 1672 2280 Hoc

1000 2316 1137 2348 quoque
1161 2302 1296 2348 pietatis
1321 2301 1459 2346 signum
1485 2296 1670 2334 commode

999 2362 1215 2389 memoratur
1227 2380 1236 2397 ,
1255 2361 1290 2388 et
1306 2353 1455 2397 imagine
1473 2357 1567 2396 grata
1582 2361 1671 2384 sen-

999 2407 1090 2442 sibus
1105 2406 1296 2451 subjicitur,
1313 2407 1398 2439 celer
1406 2399 1669 2444 tardosfatigat,

998 2460 1167 2502 eluditque
1185 2459 1251 2491 diu.
1273 2457 1370 2491 Bene
1390 2453 1496 2488 etiam
1514 2451 1672 2487 additum

999 2515 1137 2552 unicus,
1165 2523 1270 2555 quem
1284 2536 1293 2553 ,
1322 2508 1401 2553 quia
1422 2519 1534 2541 unum
1557 2505 1672 2540 habe-

999 2564 1101 2607 bant,
1115 2563 1233 2608 magni
1244 2562 1412 2596 faciebant
1424 2574 1433 2601 3
1446 2559 1524 2593 vide
1537 2557 1580 2592 ad
1595 2558 1650 2593 III
1658 2583 1668 2599 ‚

999 2616 1292 2659 454.—Custodia‚
1306 2619 1418 2646 custos
1429 2638 1438 2654 ‚
1450 2618 1489 2645 ut
1501 2611 1573 2654 XI,
1585 2612 1650 2657 599
1662 2623 1671 2651 ς

1000 2666 1091 2709 XII,
1110 2668 1170 2710 148
1180 2681 1188 2707 ;
1200 2665 1246 2700 sic
1257 2667 1362 2698 tutela
1374 2676 1454 2697 mox
1467 2675 1568 2696 versu
1585 2675 1620 2707 7¹
1630 2675 1642 2696 1
1660 2676 1668 2702 ;

1003 2717 1216 2760 Columella,
1231 2716 1340 2758 VIII,
1361 2715 1399 2749 13
1415 2728 1422 2749 :
1436 2715 1672 2749 Ansersoller-

998 2775 1112 2805 liorem
1127 2771 1310 2805 custodiam
1325 2770 1465 2811 prabet,
1489 2779 1587 2812 quam
1603 2778 1670 2800 ca-
