1820 3106
255 254 314 311 24

632 260 683 304 P.
728 260 965 306 OVIDII
1011 261 1313 308 NASONIS

255 356 396 420 Inque
419 353 553 420 pedes
576 353 715 402 abiit:
739 373 903 403 nomen
918 392 929 413 ‚
957 356 1079 422 quod
1103 368 1145 405 et
1169 369 1293 416 ante,
1316 359 1538 407 remansit.

256 433 362 480 Non
385 443 529 480 tamen
554 431 644 479 haec
668 430 752 480 alte
776 431 967 481 volucris
991 452 1070 482 sua
1093 453 1278 500 corpora
1302 434 1442 495 tollit,

1612 370 1678 409 255

256 510 349 556 Nec
371 508 476 556 facit
496 508 543 555 in
563 508 695 557 ramis
714 507 891 575 altoque
915 509 1134 559 cacumine
1159 510 1290 558 nidos
1308 530 1318 568 ;

257 586 447 651 Propter
467 585 652 634 humum
673 584 853 643 volitat,
879 586 1093 653 ponitque
1116 587 1163 635 in
1183 588 1365 654 sepibus
1391 607 1471 638 ova
1491 607 1502 648 ;

256 661 532 728 Antiquique
554 681 723 710 memor
743 663 900 711 metuit
924 663 1129 713 sublimia
1149 685 1286 714 casus.

320 742 398 788 IV.
427 742 615 806 Jamque
630 739 863 804 fatigatum
886 741 1017 791 tellus
1037 744 1206 792 AEtnaea
1231 745 1409 794 tenebat

1611 759 1676 794 260

257 817 472 865 Daedalon
492 838 502 865 :
522 829 566 866 et
590 818 745 866 sumtis
769 837 852 884 pro
876 819 1074 886 supplice
1101 819 1289 868 Cocalus
1311 822 1441 872 armis

257 895 385 944 Mitis
405 894 652 943 habebatur
670 915 680 944 ε
698 896 787 961 jam
810 895 1091 946 lamentabile
1111 898 1298 946 Athenae

256 972 453 1022 Pendere
479 973 722 1032 desierant,
745 973 916 1022 Thesea
938 973 1066 1024 laude
1081 1012 1094 1033 ‚
1120 975 1352 1024 tributum.

256 1115 327 1136 mm
342 1105 520 1137 iuvenemt.
536 1101 770 1147 Apollodorus
783 1128 793 1146 ,
810 1106 913 1143 δείσας
923 1130 933 1148 ,

256 1162 301 1200 μὴ
324 1158 378 1191 διὰ
396 1161 450 1197 τὴν
471 1158 592 1201 εὐφυΐαν
612 1157 700 1191 αὐτ-ὂν
715 1157 872 1205 ὑπερέάλη·
892 1169 935 1190 ex

258 1220 335 1243 arce
345 1235 353 1249 ,
375 1209 432 1243 ἄπό
446 1217 482 1244 τῆ
487 1226 499 1247 ς
512 1210 703 1258 ἀκροπόλεως.
712 1228 755 1236 ·—
764 1210 835 1244 Pro
837 1209 938 1253 favet

257 1261 638 1306 Arundelianussacit,
658 1261 753 1306 quod
768 1262 934 1298 Heinsius

259 1313 419 1348 illustrat.

301 1366 374 1399 258.
394 1366 555 1408 Ponitque
569 1367 606 1398 in
617 1366 752 1407 sepibus
765 1377 836 1399 ova.
860 1365 936 1401 Pli-

257 1417 337 1451 nius
348 1442 360 1460 7
377 1417 410 1451 X
424 1443 432 1459 ,
452 1416 493 1450 32
511 1428 518 1449 :
538 1417 694 1451 Perdices
707 1419 806 1459 spina
819 1416 936 1460 etsru-

255 1471 321 1502 tc’ce
343 1471 395 1502 sic
418 1471 571 1502 muniunt
596 1470 858 1511 receptaculum,
899 1474 938 1502 ut

258 1521 474 1565 cantraferas
483 1522 613 1555 abunde
624 1523 798 1561 vallentur,
815 1529 851 1556 et
860 1534 933 1567 sqq.

257 1590 300 1599 —
308 1574 518 1619 Antt'quique‚
535 1580 599 1608 etc.
609 1573 738 1608 Similis
747 1574 932 1618 sententia,

261 1627 297 1661 II
311 1652 320 1670 ,
340 1627 413 1672 378.

302 1679 472 1721 260-545.
493 1680 616 1714 OEneus
630 1706 638 1721 ‚
665 1679 874 1715 Parthaonis
890 1679 935 1714 si-

258 1732 322 1766 lius
336 1757 345 1774 ,
364 1730 503 1765 AEtoliae
518 1744 578 1765 rex
588 1757 597 1774 ‚
613 1732 711 1776 cujus
722 1732 804 1766 urbs
823 1733 934 1777 Caly—

259 1786 325 1817 don
337 1810 345 1824 ,
367 1795 477 1827 quum
488 1783 611 1819 Dianae
621 1784 754 1818 cultum
768 1784 936 1829 neglexis-

260 1841 311 1869 set
325 1860 334 1877 ,
363 1834 420 1868 illa
436 1833 537 1868 terris
561 1835 636 1878 ejus
661 1842 799 1869 vastum
819 1848 934 1879 aprum

259 1885 424 1928 immisit,
444 1885 503 1930 qui
523 1879 656 1931 segetes
671 1893 819 1920 vastaret
835 1912 843 1929 ‚
865 1899 934 1931 pe-

258 1937 432 1982 cudesque
454 1937 652 1972 trucidaret.
683 1938 742 1972 Ad
765 1951 849 1972 eum
878 1938 936 1971 in·-

259 1988 505 2024 terficiendum
521 1996 775 2023 concurrerunt
787 2002 828 2023 ex
842 1989 936 2023 mul-

260 2039 302 2074 tis
310 2039 453 2074 Graeciae
462 2039 656 2074 civitatibus
667 2040 733 2073 viri
744 2040 933 2084 fortissimi,

259 2091 297 2139 in
307 2091 430 2136 quibus
445 2099 518 2125 erat
528 2091 634 2125 etiam
645 2092 826 2131 Atalanta,
836 2091 935 2137 virgo

261 2143 428 2179 Arcadica
438 2170 447 2187 ,
467 2144 565 2189 cujus
581 2155 700 2177 amore
713 2144 794 2178 arsit
805 2145 936 2179 Melea-

257 2209 316 2240 ger
326 2223 334 2236 ‚
361 2195 468 2229 OEnei
496 2195 596 2229 filius.
621 2195 706 2229 Post
730 2195 934 2230 acerrimam

261 2259 414 2293 pugnam
431 2259 513 2292 aper
528 2245 739 2280 interficitur
755 2259 773 2280 a
792 2246 934 2280 Melea—

260 2311 322 2344 gro
334 2325 344 2343 ,
360 2299 419 2344 qui
432 2301 570 2333 exuvias
581 2304 618 2332 et
633 2299 745 2332 dentes
762 2297 935 2332 Atalantae

262 2352 368 2387 donat
383 2378 393 2396 ,
419 2364 496 2397 quae
514 2351 627 2397 prima
643 2365 767 2396 aprum
783 2352 938 2386 violave-

261 2411 323 2438 rat.
337 2405 474 2438 Althoea
486 2431 495 2445 ‚
518 2411 629 2451 mater
643 2403 811 2449 Meleagri
824 2430 833 2447 ,
848 2403 935 2438 duos

262 2452 408 2490 habebat
419 2457 554 2500 fratres,
563 2458 759 2500 Plexippum
766 2463 801 2490 et
810 2458 933 2497 Toxea,

263 2508 507 2552 quivenationi
523 2509 763 2544 interfuerant.
779 2509 807 2543 li
825 2521 934 2554 quum

262 2558 390 2592 invidia
401 2559 482 2593 tacti
494 2559 666 2595 Atalantae
678 2560 854 2605 eriperent
863 2559 936 2593 vic-

262 2608 358 2643 toriae
370 2609 465 2653 signa
475 2635 484 2652 ,
500 2610 683 2657 Meleager
693 2624 751 2645 eos
761 2610 936 2645 interficit.

265 2663 308 2696 At
325 2668 455 2705 mater,
476 2669 513 2696 ut
529 2663 678 2697 fratrum
693 2663 823 2698 caedem
840 2664 936 2698 acci-

260 2713 309 2758 pit
318 2739 328 2756 ,
338 2715 483 2757 stipitem
492 2713 644 2756 fatalem,
655 2715 691 2748 in
701 2728 769 2759 quo
780 2716 848 2749 vita
861 2716 936 2749 Me-

262 2764 366 2809 leagri
381 2764 626 2799 continebatur
641 2791 650 2807 ,
674 2765 823 2800 flammis
837 2778 936 2801 corn-

1001 1105 1094 1139 burit
1107 1131 1116 1148 ,
1143 1118 1213 1150 quo
1229 1111 1415 1140 consumto
1427 1104 1608 1152 Meleager
1623 1118 1676 1140 ex-

1000 1159 1189 1204 stinguitur
1205 1174 1214 1201 ;
1238 1172 1367 1194 sorores
1386 1166 1504 1194 autem
1522 1159 1596 1204 eius
1611 1159 1677 1194 in—

1001 1211 1145 1246 teritum
1157 1212 1281 1247 flentes
1291 1239 1300 1255 ,
1318 1212 1356 1246 in
1371 1225 1449 1247 aves
1463 1213 1678 1256 meleagrides

1000 1271 1195 1299 mutantur.
1222 1264 1354 1299 Fabula
1369 1264 1449 1299 satis
1468 1264 1640 1298 celebrata
1656 1277 1676 1298 a

999 1315 1222 1361 scriptoribus
1238 1315 1397 1361 antiquis.
1428 1315 1572 1350 Confer.
1587 1316 1675 1350 Ho-

999 1379 1117 1402 merus
1131 1394 1140 1411 ,
1168 1369 1207 1403 Il.
1223 1369 1240 1403 I
1255 1394 1264 1411 ,
1292 1370 1378 1415 529;
1411 1367 1646 1403 Callimachus
1663 1394 1675 1411 ,

999 1419 1122 1467 hymn.
1139 1420 1244 1454 Dian.
1264 1420 1349 1462 215;
1377 1420 1575 1463 Diodorus,
1599 1419 1673 1464 lv,

999 1485 1032 1516 p.
1050 1473 1114 1515 24⁰
1130 1485 1138 1513 ;
1162 1471 1414 1517 Apollodorus,
1434 1473 1450 1506 I
1466 1498 1475 1515 ,
1504 1482 1576 1506 VIII
1591 1497 1602 1515 ,
1629 1485 1648 1505 2
1665 1486 1674 1514 ;

1001 1522 1057 1557 III
1068 1550 1077 1566 ,
1095 1535 1133 1557 1x
1144 1550 1153 1566 ,
1172 1537 1209 1565 23
1223 1524 1386 1570 Hyginus
1397 1549 1405 1566 ,
1416 1523 1484 1557 sab.
1497 1524 1674 1569 171-174;

1000 1574 1187 1610 Pausanias
1199 1601 1208 1618 ,
1227 1574 1352 1610 Arcad.
1369 1588 1401 1620 p.
1418 1574 1482 1620 692
1496 1589 1504 1616 3
1521 1574 1676 1608 Antoni-

999 1639 1086 1670 nus,
1108 1640 1126 1660 2
1141 1652 1151 1670 ,
1170 1639 1212 1661 ex
1227 1626 1415 1662 Nicandro.
1436 1626 1553 1660 Etiam
1572 1625 1676 1661 Phe-

999 1677 1144 1725 recydes
1162 1686 1197 1713 et
1222 1678 1429 1724 Euphorion
1447 1675 1676 1712 n'arraverant

998 1730 1150 1764 fabulam
1162 1757 1171 1774 ‚
1192 1737 1268 1764 tum
1286 1729 1471 1775 Euripides
1487 1730 1524 1764 in
1543 1730 1675 1764 Melea-

1000 1793 1062 1825 gro
1079 1787 1283 1816 tractaverat
1297 1808 1306 1825 ,
1325 1781 1419 1815 unde
1431 1793 1505 1815 non
1518 1781 1583 1816 nisi
1594 1793 1675 1826 pau-

999 1845 1037 1866 ca
1053 1833 1249 1879 fragmenta
1261 1839 1470 1878 supersunt,
1482 1845 1559 1878 quae
1570 1832 1677 1868 habes

999 1884 1037 1918 in
1055 1885 1241 1920 Valkenar.
1257 1885 1370 1919 Diatr.
1382 1898 1414 1930 p.
1430 1885 1488 1930 137
1498 1897 1571 1929 sqq.
1585 1884 1675 1919 Eam

999 1936 1150 1970 fabulam
1166 1936 1309 1970 latinam
1325 1936 1454 1971 secerat
1478 1936 1604 1970 Attius.
1631 1935 1675 1970 In

999 1988 1111 2033 prima
1127 1988 1239 2034 mythi
1264 1994 1362 2032 parte
1385 2000 1494 2032 usque
1518 1987 1564 2021 ad
1587 1999 1676 2021 ver-

998 2052 1078 2073 sum
1093 2040 1157 2074 300
1171 2065 1180 2082 ,
1198 2040 1328 2074 Noster
1341 2039 1543 2072 Homerum
1556 2038 1675 2083 sequi-

1000 2097 1070 2134 tur,
1080 2097 1115 2125 et
1125 2090 1258 2135 singula
1267 2116 1277 2134 ‚
1291 2102 1368 2135 quae
1378 2090 1432 2124 ille
1442 2090 1594 2125 breviter
1603 2103 1675 2125 me-

999 2150 1115 2178 morat
1126 2170 1135 2187 ,
1152 2156 1215 2178 suo
1231 2143 1339 2177 modo
1357 2149 1510 2177 exornat.
1533 2143 1675 2178 Transit

999 2204 1117 2231 autem
1132 2196 1174 2230 ad
1190 2210 1262 2241 sqq.
1279 2209 1342 2241 per
1364 2198 1486 2231 Thesei
1495 2198 1675 2231 laudes.—

998 2249 1156 2292 Jamque.
1168 2274 1176 2281 .
1189 2273 1196 2280 .
1209 2274 1216 2281 .
1224 2249 1414 2281 habebatur.
1431 2246 1523 2281 Vide
1538 2247 1582 2281 ad
1595 2260 1675 2281 ver-

999 2313 1077 2335 sum
1099 2301 1169 2334 183.
1187 2318 1230 2326 -·
1249 2302 1440 2343 Fatzgratum
1463 2299 1518 2333 vel
1533 2299 1649 2333 volatu
1662 2325 1672 2343 ,

998 2351 1052 2385 vel
1069 2351 1164 2386 luctu
1182 2359 1216 2386 et
1230 2350 1394 2386 aernmnis
1406 2376 1415 2394 ,
1440 2356 1479 2384 ut
1496 2351 1562 2393 IV,
1582 2350 1647 2384 563
1661 2376 1671 2394 ,

1001 2402 1155 2438 Cadmus
1169 2406 1259 2437 luctu
1274 2406 1418 2447 serieque
1430 2402 1589 2435 malorum
1600 2403 1675 2434 vic-

996 2463 1063 2491 tus.
1082 2476 1126 2483 —
1149 2457 1266 2491 Armis·
1290 2463 1410 2491 contra
1429 2454 1555 2488 Minoa
1573 2480 1582 2498 ,
1613 2453 1674 2499 qui

1000 2508 1185 2543 Daedalum
1200 2509 1262 2543 sibi
1280 2507 1492 2552 deposcebat.
1509 2524 1554 2533 —·
1575 2507 1673 2540 Mms

999 2562 1196 2601 habebatur,
1217 2558 1518 2595 commiseratione
1539 2558 1674 2592 Daedali

999 2618 1109 2646 tactus
1127 2625 1210 2646 eum
1231 2611 1269 2645 in
1295 2610 1441 2645 tutelam
1466 2617 1644 2656 receperat
1662 2623 1671 2645 :

999 2665 1184 2699 habebatur
1196 2675 1259 2709 pro
1272 2662 1403 2707 vulgari
1421 2688 1431 2706 ,
1452 2669 1536 2697 erat.

1042 2716 1116 2750 253.
1138 2717 1270 2755 Laude,
1295 2714 1423 2748 virtute
1447 2714 1575 2749 Thesei
1597 2713 1672 2760 glo·

999 2767 1099 2803 riosa.
1116 2768 1159 2802 In
1171 2766 1413 2811 antiquissimis
1430 2765 1580 2801 donariis
1591 2791 1601 2810 ,
1617 2765 1671 2801 lae-
