1820 3106
365 269 1093 321 ’METAMORPHOSEON
1124 269 1258 316 LIB.
1293 272 1410 319 XV.
1534 274 1620 318 555

189 372 226 420 F
225 368 606 436 lammiferumque
627 368 807 417 trahens
827 367 1028 435 spatioso
1050 365 1192 416 limite
1217 367 1381 417 crinem

191 448 329 499 Stella
349 448 507 507 micat,
532 447 714 514 natique
741 445 898 503 videns
919 445 1174 504 benefacta,
1198 445 1362 495 fatetur

1558 461 1626 498 850

189 528 301 576 Esse
320 526 413 576 suis
435 525 603 592 majora
618 565 630 586 ,
657 537 703 574 et
718 524 835 574 vinci
857 525 1020 588 gaudet
1043 525 1098 575 ab
1121 524 1217 574 illo.

190 603 278 652 Hic
301 621 379 652 sua
403 602 601 670 praeferri
625 620 894 670 quamquam
918 613 1036 651 vetat
1058 613 1153 650 acta
1175 600 1369 668 paternis
1384 638 1397 659 ,

188 681 351 731 Libera
373 681 488 731 fama
512 692 682 740 tamen,
707 680 934 749 nullisque
958 680 1158 730 obnoxia
1177 681 1313 747 jussis

186 759 383 809 Invitum
405 759 611 828 praefert,
634 779 813 828 unaque
836 760 884 809 in
907 771 1034 828 parte
1056 770 1290 827 repugnat.

188 826 261 885 Sic
284 837 435 900 magni
457 835 574 886 cedit
595 835 740 886 titulis
761 836 1111 900 Agamemnonis
1138 837 1301 885 Atreus
1324 854 1336 884 ε
1558 851 1579 885 8

1583 850 1603 885 <n

1606 849 1626 883 cn

186 914 326 978 AEgea
349 915 411 965 sic
434 915 662 975 Theseus,
689 916 752 965 sic
778 915 911 966 Pelea
933 915 1070 965 vincit
1091 914 1303 965 Achilles.

185 990 394 1059 Denique
414 1003 467 1041 ut
491 991 704 1060 exemplis
728 993 852 1060 ipsos
872 992 1156 1060 aequantibus
1179 1004 1305 1051 utar,

187 1068 261 1117 Sic
289 1081 335 1119 et
358 1070 580 1120 Saturnus
603 1071 750 1120 minor
771 1083 840 1120 est
859 1073 971 1121 Jove
995 1091 1006 1120 :
1029 1071 1242 1139 Juppiter
1260 1088 1382 1119 arces
1403 1088 1405 1090 ·

184 1149 423 1216 Temperat
445 1149 647 1199 aetherias
660 1188 672 1209 ‚
698 1162 743 1199 et
766 1151 924 1200 mundi
944 1170 1081 1216 regna
1104 1149 1318 1199 triformis
1338 1169 1350 1198 ε

185 1229 324 1278 Terra
345 1229 430 1279 sub
450 1230 661 1294 Augusto
682 1251 693 1280 ε
714 1242 842 1299 pater
865 1243 932 1280 est
954 1243 998 1280 et
1020 1243 1170 1281 rector
1192 1242 1393 1298 uterque.

1559 1244 1628 1279 860

251 1307 339 1367 Di,
362 1327 545 1376 precor,
571 1310 723 1359 AEneae
748 1310 957 1369 comites,
986 1310 1153 1377 quibus
1176 1309 1320 1366 ensis,
1346 1321 1391 1358 et
1411 1308 1528 1372 ignis

190 1388 451 1447 Cesserunt;
476 1389 626 1456 Dique
647 1388 898 1453 Indigetes,
924 1390 1217 1458 genitorque,
1244 1388 1460 1453 Quirine,

188 1465 352 1524 Urbis,
378 1477 424 1516 et
445 1466 600 1515 invicti
623 1468 821 1531 genitor,
851 1468 1064 1528 Gradive,
1090 1467 1300 1533 Quirini,

188 1547 414 1614 Vestaque
434 1546 660 1596 Caesareos
682 1547 800 1597 inter
820 1560 987 1598 sacrata
1009 1549 1198 1598 Penates
1212 1586 1224 1607 ,

187 1623 250 1672 Et
272 1642 374 1672 cum
398 1623 595 1673 Caesarea
619 1635 694 1683 tu,
718 1624 889 1674 Phoehe
915 1624 1155 1675 domestice
1171 1664 1183 1685 ,
1204 1626 1362 1684 Vesta,

1560 1637 1628 1673 865

187 1701 370 1769 Quique
391 1714 516 1752 tenes
539 1701 658 1751 altus
680 1703 892 1771 Tarpeias
912 1704 1125 1771 Juppiter
1149 1723 1295 1762 arces,

189 1781 410 1847 Quosque
433 1779 547 1843 alios
570 1781 660 1830 vati
681 1781 748 1830 fas
772 1782 995 1850 adpellare
1018 1782 1257 1851 piumque3

232 1913 307 1962 849.
323 1913 639 1960 I'Yammifi‘rumqne
656 1916 792 1950 trahens
808 1922 875 1951 etc.

190 1965 384 2002 Suetonius
395 1993 406 2011 ,
421 1967 494 2003 Jul.
508 1967 598 2004 Caes.
613 1969 676 2004 88:
689 1982 707 1998 «
721 1970 764 2004 In
775 1969 876 2004 Deo-

190 2035 209 2051 »
229 2033 312 2055 rum
336 2034 531 2056 numerum
556 2022 687 2058 relatus
710 2029 782 2067 est,
799 2035 876 2058 non

190 2088 211 2106 »
228 2086 290 2109 ore
316 2074 425 2109 modo
449 2074 743 2121 decernentium,
763 2075 824 2110 sed
841 2083 877 2111 et

191 2140 210 2157 υ
228 2127 454 2173 persuasione
477 2127 581 2174 vulgi.
605 2128 792 2174 Siquidem
813 2127 877 2163 lu-

191 2196 210 2213 »
229 2181 294 2226 dis,
303 2195 391 2228 quos
399 2183 531 2229 primos
541 2184 575 2219 ei
584 2183 877 2231 haeresAugustus

192 2249 212 2266 ι»
230 2234 356 2270 edebat
369 2261 379 2279 ,
399 2235 497 2271 stella
515 2236 640 2272 crinita
661 2250 724 2283 per
741 2245 877 2283 septem

193 2301 212 2317 ι»
233 2286 308 2322 dies
338 2288 524 2324 continuos
556 2287 652 2324 fulsit
670 2316 680 2334 ,
717 2290 877 2325 exoriens

193 2354 212 2370 »
230 2339 320 2374 circa
335 2339 563 2376 undecimam
585 2340 711 2377 horam
729 2356 738 2378 :
753 2342 878 2378 credi-

193 2407 212 2424 »r
225 2389 377 2439 'tumque
388 2401 441 2430 est
449 2420 460 2438 ,
477 2394 632 2430 animam
643 2409 717 2432 esse
730 2395 878 2432 Caesaris

193 2459 213 2476 »ι
230 2445 268 2480 in
282 2445 408 2482 caelum
422 2448 570 2492 recepti:
588 2455 623 2483 et
637 2448 700 2484 hac
716 2449 760 2484 de
776 2463 878 2485 causa

193 2512 213 2529 »
231 2498 417 2534 simulacro
435 2500 511 2545 ejus
533 2501 571 2534 in
590 2502 720 2537 vertice
737 2502 879 2538 additur

194 2565 214 2581 »
230 2550 339 2586 stella.
350 2565 369 2582 ι»
385 2551 478 2587 Vide
495 2564 599 2597 supra
612 2579 621 2595 ,
644 2555 717 2601 749.
733 2555 800 2589 Ed.

238 2603 314 2639 855.
342 2604 399 2638 Sic
414 2607 532 2648 magni
543 2606 642 2640 cedit.
661 2604 779 2651 Vulgo
796 2619 879 2641 ma—

190 2657 292 2699 gnis,
324 2654 420 2700 quod
445 2655 657 2701 praeferebat
683 2656 877 2699 Heinsius3

192 2705 309 2750 multi,
319 2714 356 2742 et
367 2707 479 2743 nostri
491 2708 606 2755 Regii,
618 2722 771 2754 magnus,
786 2709 880 2755 quod

193 2766 229 2794 et
248 2759 285 2793 in
301 2772 364 2795 suo
379 2760 668 2807 Berneggeriano
684 2761 767 2808 legit
783 2762 879 2798 idern

196 2812 374 2848 Heinsius.
393 2815 458 2849 Ed.

985 1916 1062 1965 859.
1085 1915 1284 1960 Tnsomuln
1301 1914 1380 1950 vide
1398 1914 1441 1950 ad
1458 1914 1530 1951 XII
1545 1941 1554 1959 ,
1574 1915 1628 1959 4ο.

941 1969 1121 2015 Expressit
1138 1976 1257 2004 autem
1276 1968 1415 2004 Horatii
1432 1968 1568 2012 locum,
1587 1969 1602 2003 1
1618 1994 1628 2011 ,

943 2021 1016 2057 Od.
1040 2032 1114 2065 ΧΗ,
1140 2023 1204 2056 50;
1221 2036 1238 2052 «
1259 2021 1349 2056 Orte
1367 2021 1524 2057 Saturno
1538 2048 1548 2066 ,
1566 2021 1630 2055 tibi

943 2088 963 2105 >v
981 2087 1065 2110 cura
1078 2074 1198 2120 magni
1216 2074 1363 2109 Caesaris
1375 2073 1458 2109 fatis
1474 2073 1572 2108 data:
1590 2079 1630 2107 tu

943 2142 962 2158 »
978 2126 1136 2163 secundo
1148 2126 1287 2162 Caesare
1299 2139 1436 2173 regnes.
1448 2127 1501 2161 Te
1511 2126 1631 2161 minor

943 2180 1092 2216 »latum
1125 2187 1225 2227 reget
1250 2193 1370 2226 aequus
1397 2180 1523 2215 orbem
1541 2193 1550 2214 :
1570 2180 1630 2214 Tu

943 2247 963 2263 2»
981 2233 1076 2279 gravi
1100 2246 1209 2267 curru
1229 2232 1364 2278 quaties
1382 2231 1592 2280 Olympum.
1610 2245 1629 2261 ³»

945 2285 1085 2321 Confer
1101 2286 1192 2322 Fast.
1213 2287 1249 2322 11
1263 2313 1273 2330 ,
1297 2286 1369 2320 130.

986 2339 1062 2374 851.
1074 2341 1188 2374 AEnea·
1196 2342 1346 2380 comites,
1365 2339 1530 2380 Penates,
1544 2349 1631 2383 quos

942 2390 1108 2427 incendio
1118 2391 1279 2437 Trojano
1290 2398 1430 2437 ereptos
1439 2391 1476 2425 in
1488 2391 1629 2426 Latium

943 2445 1081 2480 advexit
1106 2446 1248 2481 AEneas.
1273 2446 1330 2480 Ab
1355 2445 1407 2479 his
1428 2444 1555 2479 diversi
1574 2447 1632 2479 1⁴11-

942 2500 1072 2542 digetes
1090 2525 1098 2539 ,
1138 2501 1284 2548 ε’γχώριοι
1302 2524 1312 2541 ,
1339 2498 1377 2532 in
1405 2498 1531 2543 quibus
1557 2497 1630 2544 ipse

945 2552 1100 2594 AEneas;
1120 2553 1233 2595 XIV,
1257 2552 1334 2587 608.
1355 2551 1546 2597 Expressus
1562 2564 1632 2586 au—

944 2611 1018 2640 tern
1031 2606 1126 2642 locus
1136 2619 1154 2640 e
1166 2605 1317 2652 Virgilio
1330 2632 1339 2649 ,
1358 2604 1487 2651 Georg.
1500 2606 1517 2640 I
1529 2630 1539 2647 ,
1553 2606 1629 2652 498.

945 2660 1153 2700 —Genitor‚
1174 2658 1358 2702 conditor,
1376 2660 1479 2693 urbis.
1498 2657 1571 2693 Cic.
1588 2657 1630 2691 de

945 2710 1026 2746 Div.
1045 2712 1062 2747 I
1074 2737 1084 2755 ,
1104 2725 1121 2745 2
1136 2738 1145 2755 ,
1171 2712 1285 2755 Hujus
1307 2714 1399 2746 urbtlr
1410 2723 1534 2756 parens
1549 2712 1630 2744 Ro-

945 2767 1055 2799 mulus
1069 2776 1080 2807 ‚·
1097 2764 1202 2800 Silius
1216 2791 1225 2809 ‚
1241 2765 1300 2808 11,
1319 2765 1384 2809 654
1398 2791 1407 2808 ,
1420 2775 1546 2808 parens
1561 2776 1632 2797 mu<

945 2829 1070 2859 rorum,
1095 2816 1155 2852 ubi
1166 2816 1245 2852 vide
1260 2816 1440 2852 Drakenb.
1450 2834 1494 2844 —-
1504 2816 1629 2850 Dome—
