1820 3106
1458 244 1582 261 mm

379 377 454 446 P.
509 372 856 443 OVIDII
911 347 1393 443 NASONIS

233 536 1513 630 METAMORPHOSEON

240 693 249 698 ’
297 726 550 784 LIBER
595 724 1450 793 DECIMUS-QUINTUS.

217 1115 273 1157 Ν.
287 1114 341 1155 Β.
366 1114 650 1171 Argumentum
667 1115 782 1170 hujus
797 1115 905 1155 Libri
929 1115 1063 1156 decimi
1085 1115 1210 1170 quinti
1230 1116 1596 1171 Metamorphoseon

163 1186 324 1228 relatum
342 1186 514 1229 invenies
533 1187 574 1227 in
595 1187 691 1228 serie
719 1186 911 1227 CANTERI
929 1217 942 1238 ‚
969 1188 1084 1227 Tom.
1116 1189 1177 1227 111
1194 1217 1206 1238 ‚
1225 1202 1308 1243 pag.
1330 1187 1397 1236 42.
1457 1221 1464 1229 .

163 1386 279 1434 FAB.
299 1385 334 1434 I.
366 1363 670 1448 QU'AERITUR
692 1383 885 1441 interea,
909 1383 986 1450 qui
1013 1393 1143 1431 tantae
1167 1382 1365 1450 pondera
1387 1382 1519 1432 molis
1564 1424 1568 1426 .

165 1464 422 1524 Sustineat,
444 1475 658 1530 tantoque
682 1475 814 1530 queat
836 1462 1067 1512 succedere
1091 1462 1198 1525 regi.

165 1542 374 1593 Destinat
397 1541 584 1609 imperio
606 1540 773 1590 clarum
796 1541 1044 1608 praenuntia
1067 1541 1156 1590 veri

166 1620 299 1670 Fama
323 1621 514 1669 Numam
534 1638 544 1667 :
567 1638 661 1666 non
683 1617 757 1666 ille
785 1618 889 1667 satis
910 1631 1126 1682 cognosse
1147 1617 1320 1666 Sabinae

172 1698 328 1748 Gentis
350 1697 487 1749 habet
508 1698 647 1756 ritus3
672 1696 819 1746 animo
842 1697 1009 1764 majora
1033 1696 1182 1764 capaci
1583 1708 1603 1741 5

216 1826 315 1872 1—59.
331 1825 523 1871 Msscclos,
547 1830 733 1870 postquam
749 1822 854 1856 Her—

169 1878 256 1913 culis
263 1890 414 1913 munere
424 1877 602 1913 absolutus
609 1883 685 1912 erat
694 1890 713 1911 a
722 1876 854 1913 civibus

171 1929 241 1965 suis
250 1957 259 1974 ,
272 1930 310 1965 in
321 1930 457 1965 Italiam
469 1930 718 1976 proficiscitur,
736 1929 853 1974 ibique

177 1984 322 2017 Crotona
337 1982 463 2023 urbem
487 1981 625 2026 condit,
650 1994 756 2028 quam
774 1983 854 2029 Py-

175 2034 336 2082 thagoras
349 2034 472 2071 studiis
486 2035 556 2071 suis
572 2035 742 2070 nobilitat.
760 2035 857 2070 Inest

175 2101 232 2124 me
237 2087 470 2134 tamorphosis
474 2095 620 2123 atrorum
628 2090 814 2132 lapillorum
821 2090 858 2121 in

175 2144 283 2180 albos.
302 2141 344 2176 In
355 2140 530 2176 narranda
544 2139 710 2176 Crotonis
722 2140 856 2186 origine

178 2191 329 2228 Ovidius
345 2191 428 2228 alios
450 2200 607 2228 auctores
624 2199 765 2228 secutus
782 2198 833 2227 est
847 2218 857 2235 ,

178 2259 217 2282 ac
242 2258 307 2282 nos
331 2246 512 2282 habemus.
529 2263 573 2272 --·
600 2248 670 2290 Qui
693 2253 787 2282 recte
816 2246 859 2280 ab

179 2298 306 2334 Heins.
317 2311 358 2334 ex
367 2298 484 2335 Oxon.
499 2298 567 2333 MS
581 2306 761 2345 receptum
774 2310 856 2344 pro,

177 2357 262 2399 quis.
282 2353 336 2388 Ita
362 2352 457 2388 enim
472 2364 613 2396 quarere
632 2358 684 2387 est
706 2352 858 2387 circum-

179 2405 311 2452 spicere
329 2431 339 2449 ,
364 2403 459 2450 quod
494 2416 586 2438 curae
614 2403 861 2438 Romanorum

182 2457 294 2499 multo
302 2457 428 2493 melius
438 2455 620 2499 convenit,
635 2468 740 2500 quam
752 2456 861 2491 altero

183 2523 285 2546 sensu
294 2537 303 2554 ,
326 2512 492 2554 Quat-itur
503 2508 734 2554 quis.—Reg-ii
749 2507 863 2543 nostri

185 2563 290 2598 ambo
303 2589 312 2606 ,
331 2570 370 2597 ut
393 2575 518 2597 omnes
540 2562 595 2597 alii
619 2568 746 2607 praeter
761 2560 861 2597 Oxo-

185 2615 342 2650 niensem
354 2641 363 2658 ,
380 2614 511 2650 babent
524 2617 598 2659 quis
610 2626 621 2655 ,·
635 2613 696 2649 sed
709 2614 862 2659 proban-

185 2666 229 2702 da
249 2674 300 2702 est
326 2666 527 2702 emendatio
547 2666 684 2701 Heinsii
704 2679 713 2700 ι
737 2666 864 2701 eodem

185 2732 289 2755 sensu
299 2719 488 2754 Terentius
501 2746 509 2759 ‚
521 2718 612 2753 Eun.
625 2719 673 2753 IV
691 2743 700 2761 ,
714 2731 730 2763 7
745 2744 754 2761 ,
772 2720 866 2761 Quoe·

184 2784 253 2806 rere
267 2773 538 2816 quirespondeat.
558 2769 625 2806 Ed,
645 2787 687 2796 —
702 2769 866 2805 Graviter

921 1829 1039 1857 autem
1051 1821 1215 1868 expressit
1227 1820 1327 1866 regni
1336 1833 1436 1855 curas
1446 1847 1454 1862 ,
1466 1824 1604 1866 quitan-

919 1881 962 1911 ta·
979 1877 1225 1920 pondera.etc.
1248 1886 1459 1919 quamquam
1489 1874 1605 1914 tenuis

921 1927 1036 1963 adhuc
1061 1935 1146 1962 tunc
1168 1927 1335 1972 temporis
1356 1939 1414 1960 vres
1432 1926 1607 1962 Romana.

922 1980 1092 2015 Similiter
1105 1980 1209 2014 duces
1220 1982 1428 2017 bellimolem
1443 1983 1609 2015 sustinere

923 2033 1099 2069 dicuntur.
1414 2077 1422 2081 .

967 2088 998 2123 3.
1016 2089 1157 2131 Imperio
1170 2088 1308 2121 clarum.
1326 2086 1397 2121 Sixi
1416 2085 1524 2122 codex
1541 2090 1607 2121 im-

917 2143 1012 2183 perio
1024 2140 1136 2173 Latz‘o.
1156 2139 1290 2173 Clarum
1302 2165 1310 2178 ,
1323 2138 1493 2186 inclytum
1504 2139 1607 2184 justi—

924 2192 971 2227 tia
979 2198 1013 2227 et
1021 2191 1188 2237 religione
1201 2217 1210 2234 ,
1220 2191 1515 2226 consultissimum
1529 2205 1607 2226 om-

925 2245 978 2280 nis
1000 2239 1108 2279 divini
1129 2252 1164 2278 et
1182 2243 1328 2279 humani
1347 2244 1442 2288 juris.
1465 2244 1609 2289 Livius,

927 2298 963 2341 1,
981 2298 1031 2332 ιθ.
1046 2315 1090 2323 -
1101 2297 1194 2331 Satis*
1207 2299 1324 2335 habet,
1348 2297 1406 2341 qui
1422 2298 1608 2342 acquiescit

925 2350 962 2384 in
981 2350 1095 2395 aliqua
1111 2363 1168 2391 re3
1186 2349 1265 2384 vide
1285 2348 1448 2385 Cortium
1463 2350 1509 2385 ad
1522 2351 1607 2386 Sal-

926 2404 1069 2443 lustium
1082 2403 1105 2438 J
1110 2416 1165 2449 ug.
1177 2415 1264 2438 xxx1
1274 2430 1283 2447 ,
1297 2417 1348 2439 20.
1364 2422 1407 2430 —
1421 2404 1608 2439 Describi-

928 2456 1176 2502 turingenium
1188 2456 1374 2499 excellens,
1386 2456 1608 2502 quodsapere

926 2509 1045 2544 studet
1061 2521 1165 2554 supra
1185 2507 1302 2542 tardos
1325 2508 1517 2552 populares.
1542 2509 1609 2543 Sa·-

928 2564 1014 2596 bine
1035 2564 1146 2605 geum·
1169 2564 1252 2594 ritus
1265 2586 1273 2598 .
1304 2559 1521 2605 disciplinam
1548 2573 1611 2595 sa-

928 2625 1026 2648 cram
1041 2619 1076 2647 et
1091 2611 1226 2646 civilem
1250 2611 1463 2647 Sabinorum
1475 2638 1485 2655 ,
1502 2624 1610 2657 quam

930 2666 1087 2701 tetricam
1110 2672 1145 2700 et
1161 2665 1296 2700 tristem
1317 2672 1417 2700 vocat
1436 2664 1554 2700 Livius
1575 2665 1610 2700 d.

930 2718 1144 2762 l.—Capa.z·a
1151 2717 1238 2752 vasis
1247 2718 1472 2763 amplioribus
1485 2717 1528 2753 ad
1537 2721 1611 2752 ani-

932 2782 1019 2804 mum
1027 2796 1037 2812 ,
1052 2769 1252 2814 ingenium,
1274 2769 1611 2808 translatum-*stla-
