1820 3106
346 231 1081 278 METAMORPHOSEON
1121 233 1252 278 LIB.
1293 236 1406 280 XV.

1503 238 1584 281 511

153 329 215 378 Et
238 347 351 377 nova
377 339 483 377 sunt
507 345 707 394 sempcr3
734 345 838 376 nam
864 328 990 394 quod
1012 327 1099 376 fuit
1122 339 1221 376 ante
1237 365 1249 386 ‚
1274 327 1477 379 relictum
1498 345 1589 391 est;

152 406 339 473 Fitque,
366 405 487 473 quod
500 405 621 454 haud
640 404 782 453 fuerat
796 443 808 464 ‚
833 418 1149 473 momentaque
1172 418 1330 455 cuncta
1356 421 1589 458 novantur.

156 484 336 541 Cernis,
358 495 404 533 et
426 501 614 532 emersas
639 483 687 531 in
713 483 856 532 lucem
879 483 1059 532 tendere
1083 492 1264 540 noctes,

1531 503 1594 536 186

152 563 216 610 Et
233 561 365 628 jubar
382 561 468 610 hoc
487 555 682 610 nitidum
704 562 844 625 nigrae
870 561 1103 611 succedere
1124 562 1262 610 nocti.

153 640 252 711 Nec*
270 638 392 687 color
413 650 479 688 est
502 638 619 688 idem
641 639 747 689 caelo
765 678 777 698 ‚
804 660 944 708 quum
970 640 1082 690 lassa
1105 641 1252 707 quiete

156 718 326 768 Cuncta
346 718 491 783 jacent
509 718 678 776 media,
706 718 1058 786 quumque‘albo
1081 719 1260 769 Lucifer
1281 721 1372 768 exit

156 794 314 845 Clarus
337 814 452 863 equo
471 815 482 844 τ
502 815 746 863 rursusque
771 796 885 845 alius
909 815 1047 864 quum
1066 798 1227 863 praevia
1251 797 1362 846 lucis

1530 825 1592 861 190

152 872 437 922 Tradendum
461 873 637 922 Phoebo
660 873 902 922 Pallantias
926 873 1070 922 inficit
1092 873 1264 922 orbem.

151 952 255 1018 Ipse
276 951 366 1000 Dei
388 950 569 1018 clypeus
583 989 596 1009 ,
621 964 736 1000 terra
761 971 900 1018 quum
918 950 1094 1000 tollitur
1114 951 1203 999 ima
1220 989 1232 1007 ‚

153 1028 289 1078 Mane
309 1028 444 1077 rubet
459 1067 470 1087 ‚
492 1041 696 1096 terraque
712 1067 724 1088 ,
744 1030 877 1078 rubet
891 1068 904 1088 ‚
929 1049 1069 1097 quum
1093 1030 1302 1078 conditur
1326 1031 1411 1080 ima
1429 1051 1440 1089 ;
1500 1020 1506 1022 -

155 1107 383 1159 Candidus
404 1108 451 1156 in
477 1127 654 1156 summo
678 1119 774 1158 est:
794 1107 951 1156 melior
971 1120 1128 1157 natura
1157 1108 1396 1174 quod-illic

155 1185 355 1236 AEtheris
380 1197 469 1243 est,
494 1197 707 1253 terraeque
732 1185 891 1252 procul
913 1185 1120 1249 contagia
1141 1186 1265 1234 vitat.

1536 1203 1596 1249 195

155 1265 248 1314 Nec
268 1283 352 1332 par
365 1302 379 1323 ‚
403 1275 481 1314 aut
500 1263 653 1314 eadem
675 1276 907 1313 nocturnae
928 1265 1069 1313 forma
1092 1264 1247 1313 Dianae

155 1342 268 1391 Esse
293 1353 444 1409 potest
467 1360 662 1408 unquam
683 1361 693 1390 τ
720 1360 980 1408 semperque
1004 1340 1222 1390 hodierna
1247 1355 1458 1407 sequente
1473 1381 1483 1399 ,

158 1417 207 1465 Si
229 1418 412 1476 crescit,
437 1416 585 1466 minor
609 1429 703 1476 est;
728 1417 894 1483 major,
922 1417 958 1466 si
985 1416 1211 1465 contrahit
1234 1417 1401 1466 orbem.

159 1495 320 1560 Quid?
338 1515 433 1545 non
455 1496 501 1544 in
525 1496 697 1564 species
721 1495 954 1545 succedere
980 1507 1174 1562 quatuor
1196 1515 1362 1544 annum

198 1606 271 1642 186.
285 1607 413 1648 Cema,
422 1611 611 1641 demersas
621 1611 687 1640 etc.
698 1605 781 1641 Non
793 1605 846 1640 in-

157 1657 360 1704 telligebant
374 1657 479 1704 hujus
493 1669 613 1693 versus
634 1655 843 1703 elegantiam

157 1712 327 1748 Heinsius
337 1719 375 1748 et
385 1712 631 1755 Burmannus,
643 1711 704 1756 qui
714 1723 733 1746 e
745 1710 843 1746 MSS

155 1763 275 1800 Oxou.
292 1763 430 1800 Amnd.
445 1771 482 1800 et
496 1763 618 1810 viginti
634 1763 706 1799 aliis
717 1762 847 1808 praefe-

156 1818 284 1854 rebant
303 1821 460 1853 meritas
473 1843 483 1859 ,
503 1816 598 1862 ‚quia
619 1820 777 1851 emeritus
801 1815 845 1850 de

156 1882 262 1905 cursu
278 1868 382 1904 finito
397 1894 407 1912 ‚
435 1875 596 1914 tempore
621 1874 760 1910 exacto,
778 1865 847 1901 dici

156 1922 256 1957 solet.
277 1922 326 1957 At
347 1934 453 1957 cursu
476 1920 580 1955 finito
600 1932 676 1954 non
696 1918 846 1965 amplius

155 1974 332 2007 leudeinus.
343 1991 387 1999 —
403 1971 457 2008 Ut
473 1980 559 2007 vero
576 1971 845 2007 convenientius

159 2025 365 2071 loqueretur
378 2025 554 2072 Gierigius
567 2052 577 2069 ,
599 2025 714 2060 dicere
740 2024 847 2060 debe-

159 2079 220 2113 bat
235 2078 359 2114 Heins-
374 2077 518 2124 quidem
528 2078 643 2124 primo
657 2085 846 2124 conspectu

162 2130 320 2166 adrisisse
341 2134 376 2168 τὶ
395 2135 550 2166 emeritas
562 2158 570 2172 ‚
601 2130 662 2166 sed
679 2130 846 2165 eumdem

162 2189 282 2228 postea
288 2182 394 2219 fuisse
401 2183 624 2229 complexum
633 2193 796 2222 emensas,
806 2194 847 2216 ex

162 2234 378 2281 Bernegger.
405 2236 516 2270 altero
548 2231 812 2279 Hamburgensi
834 2259 844 2275 ,

162 2287 351 2323 Graviano
372 2295 410 2323 et
430 2288 503 2322 aliis
521 2286 720 2322 duodecim.
743 2284 847 2331 Regii

162 2341 267 2376 ambo
282 2340 393 2376 nostri
411 2340 541 2378 habent
552 2351 716 2374 emensas.
728 2339 848 2374 Ed.-

164 2392 281 2427 Immo
297 2399 419 2427 noctes
440 2404 575 2426 emersa·
590 2405 608 2426 e
624 2391 714 2426 mari
725 2417 735 2435 ,
751 2391 847 2426 inci—

159 2443 300 2494 pientes
313 2471 324 2489 ‚
344 2457 419 2479 non
436 2450 585 2479 manent
599 2442 660 2477 diu
672 2468 682 2486 ‚
704 2443 764 2477 sed
780 2443 849 2478 iter

162 2503 303 2532 tautum
317 2510 380 2542 per
390 2497 514 2532 caelum
530 2495 736 2538 instituunt,
749 2494 850 2531 festi-

164 2556 322 2594 namque
340 2550 377 2583 iu
395 2561 478 2584 eum
496 2549 611 2584 locum
626 2573 635 2591 ,
657 2547 752 2581 unde.
768 2560 850 2582 mox

164 2600 223 2636 lux
235 2602 358 2636 oritur.
373 2601 495 2637 Simile
513 2600 627 2644 soret,
649 2600 675 2635 si
694 2600 769 2645 quis
789 2600 850 2635 di-

164 2659 247 2694 cat;
273 2653 403 2697 homo,
428 2654 487 2688 ubi
512 2660 614 2687 natus
638 2659 713 2697 est,
736 2651 851 2688 tendit

166 2704 209 2740 ad
227 2712 392 2740 mortem.

213 2758 283 2793 188.
301 2761 417 2800 Quiete
426 2760 554 2802 media;
564 2764 667 2793 nocte
680 2757 850 2793 media.—

914 1607 1044 1641 Cuncta
1049 1606 1182 1651 jacent.
1197 1606 1304 1642 Unus
1316 1606 1456 1643 Heinsii
1470 1609 1600 1644 Cuncta

908 1663 1041 1699 tacent,
1053 1658 1149 1704 quod
1161 1658 1189 1693 is
1199 1666 1379 1704 comparat
1393 1673 1476 1694 curn
1490 1665 1601 1697 noctis

909 1712 1071 1751 silentiis,
1089 1710 1133 1745 de
1141 1711 1266 1756 quibus
1274 1723 1365 1757 saepe
1374 1711 1467 1757 apud
1479 1720 1601 1748 aucto-

911 1777 966 1799 res
981 1778 989 1799 :
1004 1764 1185 1810 vulgatum
1201 1771 1322 1799 tamen
1348 1777 1423 1799 non
1444 1765 1600 1802 damnat.

911 1816 1051 1851 —Eaeit
1064 1829 1082 1850 e
1099 1816 1198 1850 mari.
1215 1816 1313 1850 Male
1330 1816 1480 1852 Lenzius
1498 1845 1507 1862 ,
1529 1823 1603 1853 exib

912 1866 955 1901 de
972 1867 1057 1901 caelo
1070 1894 1079 1911 ‚
1097 1867 1264 1913 relinquit
1275 1867 1410 1903 caelum.
1426 1870 1517 1904 Nota
1532 1883 1601 1904 va·-

914 1919 1076 1954 rietatem
1089 1946 1098 1963 ,
1117 1933 1185 1965 qua
1200 1921 1237 1955 in
1253 1921 1351 1955 omni
1365 1920 1397 1955 h.
1416 1921 1437 1955 l.
1453 1929 1551 1957 ortus
1565 1930 1602 1958 et

912 1984 1050 2007 occasus
1061 1973 1437 2018 expressus.-—Luc1'fi·r
1443 1987 1536 2020 equo
1547 1988 1601 2010 so-

911 2024 1026 2058 litario
1045 2025 1210 2069 vehitur,
1237 2038 1452 2071 quamquam
1477 2027 1508 2061 ei
1531 2027 1603 2062 Ti—

911 2076 1047 2120 bullus,
1068 2077 1086 2111 Ι
1101 2103 1110 2119 ,
1135 2089 1173 2112 11
1188 2103 1198 2121 ‚
1218 2077 1259 2112 62
1279 2104 1289 2121 ‚
1316 2091 1461 2112 currum
1481 2078 1598 2122 dedit,

912 2141 1020 2174 quem
1032 2129 1142 2164 secuti
1153 2136 1238 2164 sunt
1249 2129 1305 2164 alii
1319 2131 1602 2175 poetae.—Albo;

911 2179 990 2215 vide
1010 2180 1053 2214 ad
1069 2194 1157 2215 vers.
1180 2182 1234 2216 30.
1254 2200 1298 2207 —
1321 2184 1451 2217 Fra-via
1471 2186 1546 2217 luci
1559 2195 1603 2217 ex

912 2240 1065 2278 quatuor
1081 2233 1179 2268 dedit
1197 2233 1366 2269 Heinsius
1382 2249 1391 2276 ;
1412 2235 1517 2280 vulgo
1531 2261 1540 2279 ,
1566 2243 1602 2269 et

911 2285 949 2320 in
969 2285 1096 2320 nostris
1123 2285 1297 2321 codicibus
1319 2287 1437 2332 Regiis
1449 2312 1459 2330 ‚
1470 2291 1600 2332 pra-oia

911 2340 1022 2380 lucin
1041 2337 1136 2383 quod
1156 2338 1435 2383 praetulimus.—
1447 2339 1602 2373 Pallan-

911 2394 1005 2433 tias,·
1026 2390 1165 2424 Aurora
1182 2416 1192 2433 ,
1215 2390 1381 2425 Pallantis
1395 2391 1476 2426 filia.
1493 2393 1558 2425 Eu.

948 2444 1239 2490 192.De1‘clspeus
1247 2469 1257 2484 ‚
1279 2456 1342 2489 pro
1353 2444 1438 2479 orbe
1450 2444 1529 2479 solis
1539 2456 1601 2478 no·

914 2509 956 2530 ve
969 2496 1318 2540 dictum—Necpar,
1336 2504 1399 2532 aut
1409 2499 1524 2532 eadem
1535 2504 1601 2532 etc.

915 2546 1016 2581 Luna
1039 2561 1179 2592 semper
1204 2555 1264 2582 aut
1288 2548 1431 2591 crescit,
1457 2554 1516 2582 aut
1537 2547 1602 2582 de-

914 2599 1057 2642 crescit,
1075 2613 1142 2634 nec
1159 2612 1316 2644 unquam
1330 2600 1367 2634 in
1380 2599 1507 2635 eodem
1518 2613 1602 2646 per-

915 2660 1037 2687 manet
1048 2659 1149 2687 statu.
1161 2654 1228 2687 Ed.
1327 2695 1329 2697 ι

962 2718 1032 2752 ¹99·
1048 2707 1165 2748 Quid?
1174 2718 1241 2739 non
1256 2708 1291 2740 in
1305 2708 1435 2750 specte-r
1450 2713 1514 2741 etc.
1532 2706 1600 2742 Se-

917 2769 1028 2802 quens
1049 2757 1143 2793 locus
1164 2757 1292 2804 insigni
1311 2765 1491 2795 venustate
1508 2772 1599 2794 con-
