1820 3106
269 226 355 268 380

625 229 678 272 P.
723 229 969 275 OVIDII
1005 232 1314 279 NASONIS

265 316 515 366 Ambitiosa
540 337 621 367 suo
643 319 730 369 fuit
746 358 758 378 ,
781 333 833 370 ut
856 322 1039 371 caelestia
1064 323 1200 382 dona,

265 394 389 442 Artis
410 415 523 461 opus
543 408 672 446 tantae
687 435 699 456 ,
722 398 844 448 rudis
867 412 911 448 et
929 400 1022 449 sine
1045 413 1219 467 pectore
1239 402 1365 454 miles

1607 430 1675 468 290

265 471 506 521 Indueret?
526 493 668 540 neque
691 475 806 524 enim
830 475 968 543 clypei
990 477 1207 527 caelamina
1229 481 1348 528 norit
1363 518 1376 539 ,

267 547 493 596 Oceanum
515 561 560 596 et
582 561 741 608 terras,
767 571 953 619 cumque
973 554 1061 603 alto
1085 555 1226 604 sidera
1247 555 1350 604 caelo

264 621 577 690 Pleiadasque,
604 626 887 694 Hyadasque,
913 630 1236 696 immunemque
1261 631 1450 697 aequoris
1476 634 1671 694 Arcton,

263 697 555 766 Diversasque
580 702 738 761 urbes,
760 703 1036 770 nitidumque
1060 705 1241 753 Orionis
1265 725 1438 756 ensem:

265 773 493 834 Postulat,
515 788 566 824 ut
586 778 753 845 capiat,
781 798 876 844 quae
899 799 992 827 non
1013 780 1244 842 intelligit,
1265 800 1394 831 arma.

265 848 420 912 Quid?
445 852 565 918 quod
591 871 684 910 me,
710 853 808 901 duri
828 854 1066 917 fugientem
1089 874 1270 904 munera
1290 856 1416 916 belli,

1609 797 1674 844 295

267 927 465 991 Arguit
453 943 645 997 mcoepto
668 950 810 980 serum
834 934 1064 981 accessisse
1085 933 1262 982 labori?

264 1007 355 1054 Nec
377 1027 421 1056 se
444 1010 721 1072 magnanimo
745 1010 998 1060 maledicere
1022 1013 1155 1060 sentit
1174 984 1375 1061 Achilli?

266 1081 313 1130 Si
334 1082 559 1133 simulasse
585 1097 711 1134 vocat
731 1086 917 1145 crimen,
943 1086 1238 1136 simulavimus
1264 1088 1425 1136 ambo:

265 1159 313 1207 Si
336 1180 459 1210 mora
478 1182 561 1229 pro
587 1163 715 1230 culpa
739 1177 827 1222 est,
851 1185 933 1228 ego
958 1185 1055 1214 sum
1075 1167 1289 1214 maturior
1309 1166 1399 1215 illo.
1438 1192 1440 1195 >

1603 1183 1672 1216 300

265 1240 340 1288 Me
363 1241 436 1307 pia
458 1242 648 1292 detinuit
671 1246 854 1310 conjux3
878 1246 951 1311 pia
974 1258 1110 1294 mater
1132 1245 1349 1295 Achillem
1369 1266 1381 1296 :

263 1318 496 1385 Primaque
522 1334 625 1369 sunt
647 1321 734 1370 illis
757 1323 857 1371 data
879 1335 1099 1390 tempora;
1124 1337 1275 1372 caetera
1295 1323 1433 1372 vobis.

264 1397 396 1444 Haud
419 1397 573 1458 timeo,
602 1401 640 1447 si
658 1401 746 1465 jam
769 1420 941 1468 nequeo
962 1401 1188 1451 defendere
1211 1401 1374 1451 crimen

260 1526 330 1563 tur,
348 1531 600 1568 commovetur,
618 1532 822 1571 gratumque
840 1527 935 1561 exhi-

262 1572 322 1608 bet
332 1574 490 1609 animum
502 1589 582 1621 erga
593 1591 674 1611 eum
686 1604 694 1620 ,
713 1580 771 1623 qui
785 1579 913 1614 tribuit.

298 1627 372 1673 289.
385 1628 574 1664 Ambitiosa
582 1629 772 1674 eleganter,
784 1644 859 1676 quae
868 1644 937 1665 am-

262 1676 374 1712 bierat
393 1679 592 1715 Vulcanum
609 1707 618 1724 ,
650 1682 775 1716 blanda
800 1683 936 1718 oratio—

261 1741 306 1762 ne
329 1742 410 1763 eum
430 1739 631 1776 rogaverat,
651 1741 690 1768 ut
705 1733 777 1768 filio
792 1735 938 1769 fabrica-

260 1787 316 1814 ret
329 1793 425 1815 arma
437 1795 445 1822 ς
466 1782 505 1817 ΙΙ,
519 1790 538 1817 Σ
548 1809 558 1826 ,
576 1784 640 1830 369
652 1797 700 1829 sq.
710 1804 752 1811 —
765 1787 934 1827 Coelestia,

261 1844 280 1864 a
306 1831 384 1866 Deo
407 1833 567 1868 fabricata
595 1848 602 1869 :
626 1835 851 1881 Graevianus,
873 1850 936 1883 pro

262 1884 395 1919 diversa
408 1885 555 1921 lectione
568 1913 577 1931 ,
597 1889 761 1923 Vulcanza
775 1891 872 1923 dona.
885 1890 938 1925 Ea

260 1937 351 1981 Ajax
364 1963 373 1980 ,
389 1951 475 1973 vers.
496 1952 507 1972 x
518 1951 557 1973 10
571 1965 580 1982 ,
600 1947 703 1985 negat
717 1941 840 1976 timido
854 1955 938 1977 con-

262 1988 381 2022 venire
393 2002 401 2030 ;
417 1989 576 2036 Ulysses,
590 1991 669 2025 rudi
683 1992 938 2029 milich—Miles

262 2052 357 2074 nunc
367 2043 609 2087 contemptim,
621 2044 691 2078 sola
703 2057 808 2079 manu
825 2046 935 2088 sortis,

262 2104 371 2137 quum
395 2092 464 2127 dux
480 2094 584 2128 etiam
604 2095 751 2130 consiliis
773 2095 936 2131 excellere

263 2145 410 2188 debeat;
426 2145 580 2181 Velleius
595 2173 604 2189 ,
629 2147 664 2181 II
677 2174 687 2190 ,
710 2149 748 2181 18
761 2174 770 2191 ‚
795 2149 837 2183 de
855 2150 937 2183 Mi-

260 2197 409 2232 thridate
420 2224 430 2241 ,
444 2201 592 2233 consiliis
610 2200 695 2239 dux,
713 2203 808 2233 miles
825 2213 935 2235 manu.

263 2248 380 2282 Etiam
393 2248 472 2283 alibi
482 2251 575 2284 miles
585 2262 664 2284 cum
675 2258 878 2295 contemptu
888 2251 936 2285 di-

263 2301 374 2342 citur3
400 2302 544 2336 Terent.
571 2302 663 2336 Eun.
687 2302 742 2345 ΙΙ,
761 2313 808 2345 11,
828 2305 878 2347 57.
893 2322 936 2330 —

264 2353 390 2394 Rudis,
411 2365 484 2387 non
506 2353 659 2388 imbutus
675 2352 790 2388 literis.
806 2373 848 2380 -
861 2356 936 2389 Siue

258 2410 409 2448 pectore,
426 2404 500 2438 sine
517 2404 668 2449 ingenio.
682 2423 724 2430 -—
739 2406 932 2446 Coelamina,

264 2464 467 2502 argumenta
479 2457 594 2491 caelata
606 2483 615 2501 ‚
634 2465 673 2492 ut
683 2470 762 2492 mox
773 2485 781 2502 ,
791 2471 861 2503 qua·
871 2472 936 2493 non

262 2511 434 2552 intelligit,
462 2522 611 2553 quorum
637 2517 840 2555 argumenta
861 2523 935 2544 non

265 2558 406 2594 edoctus
423 2562 704 2595 ese—Pleiadas
714 2568 779 2596 etc.
796 2561 848 2595 Ea
864 2561 936 2606 ipsa

266 2609 377 2644 sidera
386 2611 564 2647 Homerus
573 2612 752 2647 nominat:
765 2613 869 2647 etiam
880 2617 937 2647 im-

266 2675 390 2696 munem
401 2668 537 2708 oeqaoris
549 2678 588 2699 ex
600 2665 724 2700 eodem
735 2691 744 2709 ,
759 2678 843 2700 vers.
856 2666 938 2712 489:

266 2716 398 2763 ἄμμορος
428 2720 549 2766 λοετρῶν
577 2719 724 2753 ὠκεανοῖο·
756 2717 834 2752 vide
872 2718 908 2752 Π
925 2742 935 2761 ‚

1005 1541 1016 1561 ι
1026 1541 1119 1573 72.—
1127 1530 1289 1562 Dt'versas
1304 1531 1413 1568 urbes,
1430 1528 1466 1562 in
1482 1527 1605 1572 quibus
1618 1526 1675 1562 di-

1000 1591 1097 1613 versa
1107 1579 1244 1624 negotia
1254 1605 1263 1621 ,
1275 1579 1353 1613 belli
1365 1586 1400 1614 et
1410 1579 1513 1624 pacis,
1527 1585 1674 1613 tractan-

1001 1637 1059 1663 tur
1073 1643 1079 1670 ;
1108 1630 1146 1664 11.
1167 1637 1186 1664 Σ
1201 1655 1211 1672 ,
1240 1632 1303 1676 490
1327 1643 1397 1674 sqq.
1427 1629 1495 1664 Sed
1525 1629 1674 1664 Lenzius

1001 1681 1186 1725 disjunctas
1204 1681 1360 1726 intelligit
1379 1706 1388 1724 ,
1416 1687 1454 1714 ut
1470 1680 1675 1725 magnitudo

1001 1734 1110 1780 clypei
1135 1733 1316 1768 indicetur.
1341 1731 1573 1768 Bononiensis
1596 1733 1675 1778 pri-

1001 1797 1078 1819 mus
1090 1810 1099 1828 ,
1114 1786 1319 1829 diversosque
1326 1787 1433 1824 orbes,
1455 1791 1494 1818 ut
1503 1783 1614 1819 stellas
1624 1783 1676 1818 in-

1001 1844 1097 1871 nuat.
1112 1837 1211 1882 Regii
1230 1837 1331 1871 ambo
1347 1839 1555 1881 diversasque
1568 1839 1673 1871 urbes.

1001 1889 1196 1922 -Versum
1209 1890 1271 1934 295
1281 1885 1521 1922 uncisinclusit
1535 1885 1674 1922 Mitsch.

1047 1940 1120 1987 296.
1143 1941 1261 1983 Quid?
1282 1941 1374 1984 quod
1389 1951 1440 1972 me
1459 1945 1525 1973 etc.
1542 1937 1674 1983 Insigni

1002 1990 1183 2025 calliditate
1199 2004 1235 2025 se
1250 1990 1334 2035 tegit
1347 1989 1503 2034 exemplo
1512 1988 1650 2023 Achillis
1662 2013 1672 2032 ,

1002 2049 1038 2076 et
1050 2054 1128 2075 mox
1141 2041 1336 2087 gravissima
1346 2040 1491 2075 crimina
1505 2053 1524 2074 a
1534 2053 1570 2074 se
1581 2052 1674 2074 amo-

1002 2094 1085 2128 litur
1105 2095 1142 2128 in
1167 2094 1316 2138 reliquos
1341 2093 1454 2127 duces.
1474 2112 1518 2119 —
1533 2093 1675 2126 Munera

1001 2148 1102 2187 belli3
1120 2145 1259 2190 quidam
1280 2144 1295 2190 (
1308 2151 1343 2179 et
1356 2144 1463 2179 codex
1475 2144 1604 2190 Regius
1613 2145 1644 2178 Β
1657 2143 1673 2189 )

1000 2201 1113 2232 munia
1123 2201 1208 2232 belli.
1217 2199 1356 2232 Munera
1367 2199 1455 2236 belli,
1471 2196 1590 2231 omnia
1598 2203 1674 2240 q'uae

1000 2251 1042 2285 ad
1051 2251 1180 2285 bellum
1191 2251 1385 2295 pertinent,
1397 2251 1526 2285 bellum
1538 2250 1651 2295 ipsum
1659 2274 1670 2292 ,

999 2315 1039 2335 ex
1052 2301 1247 2336 imitatione
1263 2301 1433 2345 Lucretii,
1458 2301 1547 2347 apud
1566 2313 1671 2345 quem

999 2367 1140 2388 rna-nera
1156 2357 1293 2389 milth'ai
1305 2354 1341 2397 Ι,
1360 2354 1420 2397 30,
1438 2360 1474 2387 et
1493 2355 1573 2387 belli
1588 2365 1672 2386 moe-

999 2419 1078 2440 nera
1091 2419 1178 2440 vers.
1191 2405 1243 2439 33.
1253 2423 1295 2430 —
1305 2405 1446 2445 Labori,
1462 2404 1562 2438 bello.

1043 2460 1117 2495 300.
1130 2461 1301 2500 stlalan'or,
1317 2458 1486 2493 maturius
1496 2457 1671 2494 accessi.-

999 2515 1077 2547 Illis
1087 2515 1169 2546 data
1178 2539 1186 2552 ‚
1203 2511 1359 2557 conjugis
1373 2517 1408 2545 et
1423 2510 1542 2545 matris
1552 2523 1668 2554 causa,

999 2564 1057 2609 pio
1074 2563 1189 2598 officio
1203 2563 1407 2607 fungentes,
1425 2562 1672 2597 cunetabamur

1000 2615 1118 2661 primis
1126 2614 1339 2659 temporibus
1352 2627 1361 2656 ;
1371 2621 1447 2659 post
1454 2621 1571 2648 tamen
1579 2612 1673 2647 Grae-

1001 2679 1126 2702 corum
1137 2679 1246 2701 causae
1258 2679 1467 2701 accessimus.

1045 2717 1121 2752 303.
1144 2719 1256 2752 Timeo
1267 2742 1275 2751 .
1288 2744 1295 2753 .
1308 2742 1316 2751 .
1331 2729 1462 2763 nequeo.
1490 2715 1607 2761 Vulgo
1623 2717 1673 2749 ti·-
