1820 3106
343 241 1042 289 METAMORPHOSEON
1074 243 1206 286 LIB.
1240 244 1360 287 XII.
1475 241 1555 298 341

138 336 303 386 Stravit
321 335 612 403 Erygdupum
632 354 643 383 :
661 333 841 382 memini
858 346 904 383 et
925 333 1140 383 venabula
1165 333 1296 382 condi

137 414 350 478 Inguine,
375 413 563 462 Nessaeis
583 412 790 461 manibus
815 412 1036 477 conjecta,
1062 411 1246 478 Cymeli.
1295 427 1297 429 ·

136 493 233 541 Nec
257 503 303 541 tu
322 490 564 541 credideris
589 502 761 539 tantum
781 489 988 538 cecinisse
1012 489 1162 538 futura

1498 500 1564 547 4⁵5

135 557 413 635 Ampyciden
434 569 662 634 Mopsum.
695 568 863 633 Mopso
883 565 1103 632 jaculante
1123 565 1329 614 biformis

137 644 390 704 occubuit,
414 646 668 712 frustraque
692 644 819 712 loqui
844 645 1028 693 tentavit
1047 633 1240 701 =Odites,

135 722 207 773 Ad
227 734 424 772 mentum
447 722 626 786 lingua,
652 734 893 789 mentoque
913 723 967 770 ad
997 734 1177 786 guttura
1199 721 1303 770 fixo.

135 801 350 869 Quinque
363 800 462 850 neci
475 802 659 850 Caeneus
671 800 864 860 dederat,
882 800 1237 868 Stiphelumque,
1248 802 1565 868 Bromumque,

132 880 553 946 Antimachumque,
570 878 900 946 Helimumque,
919 878 1294 945 securiferumque
1308 879 1563 946 Pyracmon.

130 959 330 1009 Vulnera
353 978 444 1007 non
467 957 673 1013 memini;
696 977 928 1006 numerum
944 996 956 1016 ‚
982 976 1232 1025 nomenque
1255 958 1420 1006 notavi.

1502 972 1574 1016 461.

131 1037 348 1088 Provolat
367 1036 563 1085 Emathii
586 1034 743 1103 spoliis
769 1047 961 1084 armatus
985 1034 1159 1093 Halesi,

135 1116 283 1180 Quem
304 1114 484 1164 dederat
502 1113 593 1163 leto
610 1151 622 1172 ,
649 1113 949 1180 membrisque
968 1124 1013 1161 et
1037 1131 1221 1179 corpore
1246 1114 1433 1163 Latreus

134 1195 360 1243 Maximus
381 1213 391 1241 :
409 1192 515 1242 huic
536 1204 639 1241 aetas
666 1192 782 1241 inter
799 1191 1113 1257 juvenemque,
1136 1209 1371 1258 senemque
1394 1211 1404 1250 ;

134 1271 217 1320 Vis
235 1269 441 1338 juvenilis
459 1281 554 1330 erat
571 1289 582 1318 ε
602 1268 831 1319 variabant
856 1280 1052 1335 tempora
1076 1269 1206 1316 cani.-

1500 1283 1567 1328 465

137 1348 232 1414 Qui
255 1347 408 1416 clypeo
422 1385 434 1406 ,
461 1346 669 1414 galeaque
684 1385 696 1406 ,
719 1346 1070 1413 Macedoniaque
1095 1347 1253 1396 sarissa

138 1426 443 1494 Conspicuus,
467 1425 710 1493 faciemque
737 1424 952 1474 obversus
977 1424 1023 1472 in
1045 1444 1202 1488 agmen
1226 1437 1487 1493 utrumque,

133 1560 168 1588 te
183 1567 192 1596 ;
213 1551 297 1588 inde
314 1551 470 1597 Lapithae
486 1552 695 1591 Pelethronii
707 1550 788 1587 dicti
802 1565 810 1594 ;

132 1604 304 1651 Virgilius
316 1629 326 1648 ,
350 1602 481 1650 Georg.
498 1603 554 1639 III
567 1628 577 1647 ‚
603 1605 663 1638 115
675 1629 685 1646 ,
704 1604 814 1638 Frena

131 1659 339 1694 Pelethronii
344 1658 499 1702 Lupnhae
506 1669 670 1704 gyrosque
686 1658 813 1691 dedere.

133 1709 204 1746 Sed
222 1709 378 1754 Plinius,
401 1709 476 1745 Vll
488 1735 498 1753 ,
518 1711 558 1755 57
572 1736 581 1753 ,
602 1708 637 1743 id
656 1722 788 1743 nomen
801 1736 812 1753 ,

130 1769 170 1798 ut
184 1762 368 1809 proprium
380 1788 390 1806 ,
413 1768 556 1807 usurpat
572 1774 580 1797 ε
598 1763 724 1795 Frenos
745 1764 813 1796 Pe-

129 1814 312 1850 Iethrom'us
334 1816 470 1848 invenit.
496 1812 555 1847 Sic
571 1819 606 1847 et
627 1813 788 1860 Hyginus
803 1838 813 1855 ,

130 1865 199 1900 fab.
221 1867 297 1911 274.
313 1884 359 1892 -
379 1867 491 1900 Condi
506 1871 540 1900 et
561 1867 700 1900 recondi
718 1877 815 1899 arma

132 1917 300 1953 dicuntur
317 1943 326 1961 ,
346 1923 418 1951 tarn
431 1929 540 1962 quum
558 1916 785 1962 deponuntur
804 1943 815 1962 ,

134 1981 241 2015 quam
256 1981 367 2014 quum
384 1981 510 2015 corpus
526 1975 723 2015 penetrant.

177 2025 252 2067 455.
271 2024 343 2059 Nec
356 2029 394 2070 tu
411 2025 591 2058 credideris
606 2030 736 2058 tantum
751 2030 816 2058 etc.

132 2072 216 2111 Non
231 2081 326 2110 vates
335 2073 448 2110 solum
460 2074 624 2120 Mopsus,
636 2074 696 2110 sed
709 2075 816 2109 etiam

134 2127 282 2163 bellator
303 2134 478 2164 strenuus.
502 2129 709 2176 Ampycides
730 2129 817 2162 ,Μο-

127 2194 215 2226 psus
224 2181 331 2216 etiam
340 2180 431 2226 apud
445 2180 641 2218 Hesiodum
655 2180 689 2214 d.
702 2181 723 2215 l.
735 2179 818 2226 legi-

136 2240 205 2268 tur.
220 2233 303 2268 Fuit
313 2233 482 2281 Apollinis
493 2233 650 2269 sacerdos
659 2240 695 2268 et
704 2239 797 2268 vates
806 2259 818 2277 ‚

138 2292 242 2331 atque
250 2285 357 2322 etiam
363 2283 735 2335 venationiCalydonii
744 2285 817 2330 apri

138 2336 317 2379 interfuit3
337 2337 454 2381 VIII,
474 2337 558 2381 316,
580 2336 819 2380 350.-B¹sor-

139 2393 224 2432 mk,-
243 2388 370 2440 §icero
386 2388 490 2424 Tusc.
509 2389 566 2432 11,
583 2389 621 2431 8,
640 2388 819 2433 biformato

139 2445 261 2487 impetu
273 2442 465 2477 Centaurus.
485 2440 654 2488 Sequitur
668 2453 746 2486 pars
758 2439 818 2474 sa·-

141 2494 234 2529 bulae
241 2507 282 2529 ea
290 2519 300 2538 ‚
315 2494 415 2540 cujus
425 2507 527 2530 causa
537 2493 652 2528 omnis
660 2493 734 2529 haec
742 2506 818 2528 nar-

141 2548 230 2583 ratio
241 2548 411 2584 instituta.

180 2600 256 2645 462.
284 2601 410 2645 Spolit's
431 2606 581 2635 armatus
607 2601 620 2644 (
640 2600 686 2634 ita
709 2607 760 2636 est
781 2601 819 2636 in

137 2651 263 2686 nostris
288 2651 406 2698 Regiis
424 2649 466 2697 );
497 2664 588 2686 uuus
614 2651 820 2687 Basileensis

136 2707 257 2749 spoliis
280 2710 438 2745 ornatus,
468 2703 646 2750 eleganter
666 2729 675 2747 ,
702 2703 818 2748 judice

139 2756 359 2794 Burmanno.
373 2776 416 2784 —
429 2758 547 2792 Media
564 2762 648 2792 atas
668 2755 795 2792 dicitur
807 2782 816 2800 ,

880 1564 958 1597 quae
974 1553 1069 1588 inter
1086 1553 1281 1598 juvenilem
1299 1561 1335 1589 et
1350 1555 1496 1590 senilem
1515 1565 1567 1592 est

882 1603 1040 1650 (Cicero
1054 1631 1064 1648 ‚
1082 1605 1167 1640 Sen.
1188 1618 1230 1639 20
1244 1632 1253 1649 ‚
1278 1612 1442 1641 constans
1460 1614 1558 1649 oetas,

878 1670 949 1702 quoe
965 1660 1077 1693 media
1093 1661 1240 1694 dicitur:
1256 1659 1303 1695 ita
1319 1667 1354 1694 et
1371 1660 1541 1696 Phaedrus
1556 1688 1564 1705 ,

881 1711 918 1746 II
931 1738 940 1753 ‚
960 1724 1009 1755 11,
1028 1713 1048 1747 3
1063 1727 1070 1752 ;
1088 1715 1195 1748 medii
1206 1717 1294 1748 anni
1306 1714 1396 1759 apud
1417 1715 1568 1749 Martia-

880 1763 949 1798 lem
960 1790 969 1807 ,
984 1765 1015 1799 X
1030 1791 1039 1806 ,
1054 1765 1095 1798 32
1110 1765 1142 1807 )‚
1159 1769 1324 1805 etsembr,
1342 1766 1402 1810 qui
1415 1779 1454 1799 ea
1466 1774 1565 1802 aetate

881 1823 951 1858 est;
969 1816 1046 1850 vide
1064 1816 1186 1852 Isidor.
1202 1818 1253 1852 XI
1267 1843 1276 1860 ,
1298 1831 1329 1852 2.
1341 1818 1459 1852 Etiam
1475 1818 1566 1853 infra

882 1867 954 1902 XV
968 1894 977 1912 ‚
1002 1881 1066 1902 210
1081 1895 1091 1912 ,
1116 1869 1275 1903 Maturus
1303 1873 1458 1914 mim-que
1482 1874 1569 1906 inter

871 1918 1092 1964 juvenemque
1109 1932 1293 1965 senemque.
1318 1922 1472 1957 Romani
1491 1935 1565 1958 non

881 1972 947 2007 nisi
960 1979 1029 2008 tres
1040 1972 1212 2008 faciebant
1224 1982 1340 2010 aetates
1351 2002 1359 2017 ,
1366 1980 1562 2019 pueritiam,

873 2025 1088 2069 juventutem,
1101 2032 1357 2062 seneclutem.—
1363 2030 1400 2062 V
1394 2030 1562 2070 ariabant,

883 2077 963 2124 quia
983 2078 1089 2123 nigris
1109 2078 1261 2124 adspersi
1278 2080 1366 2115 cani.

926 2130 1001 2173 466.
1018 2131 1154 2165 sarissa
1170 2131 1265 2166 hasta
1283 2131 1421 2179 longior
1435 2133 1564 2169 Mace-

883 2180 1017 2217 donum
1043 2196 1051 2223 3
1078 2181 1157 2217 vide
1183 2180 1371 2219 Heinsium
1401 2193 1436 2220 et
1463 2187 1564 2221 Bur—

883 2236 1207 2271 mannum.—Nota
1223 2237 1414 2272 secundam
1430 2238 1466 2273 in
1482 2240 1566 2273 Ma-

882 2289 1024 2321 cedonia
1042 2287 1208 2335 syllabam
1229 2315 1238 2332 ,
1258 2288 1398 2335 longam
1416 2290 1565 2335 positam

884 2352 902 2373 a
921 2346 1024 2385 poeta
1042 2353 1104 2384 per
1123 2344 1242 2376 ’ἔκτασιν
1257 2353 1264 2375 :
1280 2354 1362 2375 nam
1379 2341 1415 2375 in
1435 2341 1563 2386 primi-

884 2392 956 2426 tivo
973 2392 1052 2426 alias
1066 2392 1276 2438 corripitur,
1294 2400 1332 2428 ut
1349 2393 1439 2438 apud
1457 2393 1566 2428 Clau-

883 2443 975 2478 dian.
988 2443 1030 2478 de
1043 2443 1133 2479 bello
1146 2444 1271 2479 Getico
1285 2457 1292 2478 :
1306 2459 1323 2474 «
1337 2445 1496 2480 Nubibus
1508 2445 1566 2480 in-

882 2501 1013 2530 tactum
1023 2495 1172 2530 Macedo
1185 2496 1332 2531 miratur
1342 2495 1534 2542 olympum.
1545 2513 1563 2529 »

882 2549 1087 2582 Macedonia
1114 2551 1246 2581 sarissa
1263 2559 1275 2590 ,·
1308 2547 1454 2583 Curtius
1469 2576 1479 2593 ,
1505 2550 1563 2586 lib.

883 2601 936 2636 IX
950 2626 959 2643 ,
973 2614 989 2629 «
1004 2599 1152 2634 Macedo
1163 2600 1251 2644 justa
1265 2613 1361 2635 arma
1372 2610 1562 2646 sumserat,

885 2666 903 2683 »
921 2664 1051 2686 aereum
1067 2651 1228 2698 clypeum
1241 2677 1250 2695 ,
1272 2651 1407 2695 hastam
1419 2679 1428 2695 ,
1457 2667 1563 2698 quam

885 2718 902 2734 »
920 2702 1076 2738 sarissam
1105 2709 1232 2738 vocant
1250 2729 1267 2746 ,Ἰ
1293 2703 1376 2738 laeva
1408 2711 1530 2739 tenens
1550 2732 1561 2748 ‚

885 2769 903 2785 υ
922 2754 1065 2790 dextera
1076 2753 1244 2790 lanceam.
1258 2770 1275 2787 »
1287 2757 1354 2791 Ed.
1365 2775 1407 2782 —-
1422 2757 1564 2802 Conspi-
