1820 3106
240 248 298 291 26

617 249 669 291 P.
705 248 938 294 OVIDII
971 247 1272 294 NASONIS

239 340 462 390 Palladios
485 339 602 389 ssavae
626 340 776 390 latices
799 341 961 391 libasse
984 342 1206 391 Minervae.

1597 348 1661 404 Ι275

243 420 428 484 Coeptus
452 417 507 465 ab
531 417 738 480 agricolis
762 419 956 485 Superos
980 420 1179 486 pervenit
1201 419 1255 468 ad
1278 438 1428 468 omnes

240 495 491 544 Invidiosus
511 495 659 544 honos
683 495 830 545 :solas
856 498 949 545 sine
973 508 1070 546 ture
1093 497 1265 546 relictas

242 573 477 620 Praeteritae
497 591 686 621 cessasse
709 574 856 622 ferunt
879 574 1089 622 Letoidos
1113 595 1220 623 aras.

243 649 405 711 Tangit
430 661 473 697 et
495 649 559 697 ira
583 651 702 698 Deos
726 671 735 698 :
763 673 785 693 «
809 651 871 699 At
893 670 984 698 non
1009 651 1189 717 impune
1213 650 1430 710 feremus;

248 750 271 770 »
293 728 491 794 Quaeque
513 727 815 786 inhonoram,
840 747 933 776 non
957 740 1000 776 et
1023 728 1217 777 dicemur
1239 728 1416 788 inultae;
1439 751 1463 772 »

1598 746 1666 779 280

243 807 425 872 Inquit:
450 818 493 854 et
518 807 697 855 OEneos
722 806 915 854 ultorem
940 818 1088 872 spreta
1109 825 1188 872 per
1212 826 1341 870 agros

250 882 378 930 Misit
401 901 556 948 aprum
577 902 586 930 :
611 895 778 949 quanto
803 883 989 948 majores
1011 883 1196 931 herbida
1219 895 1369 933 tauros

249 960 349 1006 Non
373 959 509 1008 habet
532 960 719 1026 Epiros;
743 960 819 1009 sed
841 960 1008 1009 habent
1031 959 1178 1009 Sicula
1201 980 1300 1009 arva
1321 961 1529 1010 minores.

239 1094 395 1137 fructus,
422 1094 575 1140 plurimi.
595 1095 687 1129 Vide
710 1095 751 1129 ad
771 1096 804 1129 X
817 1122 826 1138 ,
850 1108 925 1142 290.

244 1166 292 1187 -—
305 1148 482 1180 Palladios
495 1149 633 1187 latices,
667 1147 795 1181 oleum.
818 1148 925 1181 Euri-

251 1197 346 1242 pides
364 1210 372 1231 :
390 1203 484 1237 Οὗτος
509 1198 593 1242 ποτ’,
621 1201 649 1233 ἔκ
670 1208 726 1250 γῇς
747 1202 927 1247 πολύμετρον

249 1253 346 1284 ὶαέὼν
371 1250 489 1293 στάχυν
507 1252 593 1286 Θόων
619 1251 757 1300 ἀπαρχὰς
779 1253 827 1286 οὐκ
844 1254 926 1286 ’ἔθυσε

250 1305 382 1352 παρθένῳ
395 1296 541 1347 Α’πὲμιδι.
557 1303 608 1336 Ea
621 1316 716 1337 sacra
731 1310 831 1337 vocat
848 1303 925 1337 Ho-

251 1367 368 1388 merus
377 1380 386 1398 ‚
399 1367 501 1389 versu
514 1355 577 1389 530
588 1381 597 1398 ,
613 1358 762 1398 θαλύσια,
777 1355 834 1390 ubi
846 1354 925 1390 vide

249 1405 365 1440 Schol.
386 1406 478 1451 Lips.
495 1406 533 1440 in
551 1413 623 1441 not.
643 1407 730 1441 Ern.

292 1457 367 1502 276.
380 1458 547 1502 Agricola·
556 1485 565 1499 ‚
580 1458 639 1492 Dii
651 1458 788 1501 rustici,
801 1457 838 1492 in
847 1458 926 1503 qui-

249 1509 312 1544 bus
338 1510 501 1544 Minerva
522 1518 665 1556 propter
687 1511 804 1545 oleum
820 1511 927 1546 etiam

250 1575 269 1595 a
286 1561 452 1607 Virgilio,
473 1561 602 1608 Georg.
620 1564 637 1598 I
653 1589 662 1606 ,
683 1564 722 1597 18
738 1589 747 1606 ,
765 1576 928 1597 numera-

250 1621 319 1648 tur.
331 1614 489 1649 Tibullus
499 1641 509 1658 ,
524 1615 540 1649 I
553 1640 561 1658 ,
579 1627 592 1649 1
603 1641 612 1658 ,
633 1617 671 1658 14
685 1628 692 1650 :
705 1617 926 1660 quodcumque

251 1668 472 1710 mibipomum
480 1680 583 1702 novus
593 1669 716 1702 educat
723 1680 832 1701 annus
842 1694 851 1708 ‚
872 1669 929 1701 Li-

252 1722 364 1752 batum
381 1722 535 1762 agricolae
544 1723 682 1763 ponitur
693 1725 770 1754 ante
785 1721 870 1753 Deo.
886 1737 930 1744 —

252 1770 457 1811 Invidiosus,
476 1771 535 1815 qui
551 1770 718 1805 invidiam
737 1777 831 1805 creat
843 1796 853 1813 ,
870 1777 930 1804 aut

255 1822 411 1866 quicum
433 1822 563 1856 invidia
585 1822 758 1868 expetitur
778 1835 795 1856 a
812 1822 929 1867 pluri—

252 1872 326 1906 bus.
343 1872 410 1915 IV,
430 1874 493 1920 794
507 1898 517 1916 ,
540 1886 617 1917 spes
631 1875 798 1907 ium‘diosa
807 1885 932 1917 proco-

255 1938 334 1959 rum.
354 1925 407 1960 VI
425 1926 515 1960 Fast.
532 1926 575 1960 63
588 1953 598 1970 ‚
619 1929 804 1961 iaus'diosus
817 1928 930 1960 honor.

256 1976 325 2011 Sed
343 1977 446 2022 longe
463 1978 605 2022 plurimi
620 1978 758 2023 scripti,
775 1979 932 2012 ambitio-

255 2042 314 2063 sus
330 2057 338 2070 ‚
361 2042 435 2063 non
457 2029 574 2064 minus
597 2030 784 2075 eleganter.
809 2030 933 2064 Ambi-

255 2084 345 2115 tiosa
355 2082 451 2115 enirn
461 2095 538 2126 quae
547 2081 698 2116 studiose
711 2083 930 2124 affectantur,

257 2134 297 2167 ut
313 2133 419 2179 gratia
431 2140 468 2168 et
478 2134 680 2168 auctoritate
694 2133 807 2168 valere
820 2133 932 2168 videa-

257 2185 314 2219 ris.
329 2186 517 2219 Invidiosus
533 2198 573 2220 ex
585 2185 816 2230 Neapolitano
833 2192 867 2220 et
883 2198 932 2219 se-

257 2237 373 2272 cundo
390 2237 553 2272 Mediceo
565 2238 732 2273 Heinsius
743 2238 838 2272 dedit
848 2265 856 2281 ,
870 2239 933 2272 im-

259 2290 427 2335 probante
444 2289 656 2325 Schirachio.
674 2309 717 2315 —
734 2290 863 2324 Noster
876 2291 906 2324 B
921 2316 930 2333 ,

259 2343 620 2377 ambuiosusae—Solas
713 2355 804 2377 aras.
823 2343 932 2377 Hom.

261 2408 362 2429 versu
375 2395 457 2439 532,
478 2400 524 2436 οἴη
545 2394 574 2430 δ’
589 2398 638 2431 οὐκ
648 2398 741 2444 ἐ’ῥρεξε
757 2397 933 2443 Διὲςκούρῃ.

262 2447 342 2481 Hoc
356 2447 484 2481 Noster
499 2447 612 2482 verbis
625 2446 775 2481 nimium
791 2446 862 2481 sere
878 2459 934 2480 cu-

259 2501 397 2535 mulatis
411 2502 584 2546 expressit.
598 2520 643 2527 —-
661 2503 815 2541 Cessare,
836 2501 935 2535 otio-

261 2565 339 2586 sum
357 2559 459 2587 stare.
481 2553 538 2587 Sic
557 2567 639 2598 ager
661 2566 818 2596 cessans,
837 2552 934 2598 Virg.

262 2605 390 2650 Georg.
409 2605 447 2647 1,
468 2607 785 2649 71.—-Proeteritur‚
804 2604 859 2639 cui
875 2604 936 2638 de-

264 2663 413 2701 negatur
431 2655 570 2700 aliquid.
588 2657 682 2702 Ergo
696 2660 865 2700 preterita
880 2669 937 2690 ea-

262 2707 344 2741 dem
361 2719 437 2752 quae
455 2710 661 2742 inhonorata.
690 2708 794 2752 Apud
821 2709 936 2753 Apol-

266 2758 428 2793 todorum
443 2772 544 2794 causa
559 2759 757 2794 cessationis
770 2761 835 2794 suit
849 2760 937 2795 obli-

991 1096 1048 1130 vio
1063 1123 1072 1140 ,
1096 1100 1189 1141 μένης
1213 1099 1378 1147 Apa-istudne
1402 1098 1560 1143 ἐξελάθετο.
1578 1097 1666 1132 Du·-

990 1148 1085 1183 hiam
1108 1148 1273 1193 relinquit
1297 1149 1486 1185 Homerus.
1511 1149 1636 1184 Postea
1654 1174 1666 1191 ‚

990 1202 1080 1235 sorte
1101 1200 1167 1235 hoc
1185 1200 1276 1235 malo
1295 1200 1454 1245 inducti,
1480 1199 1666 1248 Calydonii

991 1252 1145 1287 Dianam
1173 1252 1381 1297 cognomine
1408 1252 1584 1297 Laphrian
1609 1253 1664 1287 se-

990 1316 1068 1337 cere
1099 1310 1283 1348 patronam
1308 1315 1418 1338 suam.
1449 1302 1636 1339 Pausanias
1654 1329 1664 1347 ,

991 1356 1145 1391 Messen.
1164 1369 1186 1401 p
1198 1381 1206 1389 .
1223 1357 1299 1402 357.

1033 1420 1108 1453 279.
1133 1410 1186 1440 At
1207 1407 1255 1441 sic
1282 1406 1426 1451 ponitur
1443 1406 1480 1440 in
1497 1405 1668 1452 principio

989 1457 1167 1491 minarum
1181 1483 1191 1501 ‚
1213 1458 1461 1503 increpationis
1479 1484 1488 1500 ,
1515 1457 1670 1492 admira-

989 1507 1197 1543 tionis.Vide
1214 1509 1285 1543 XII
1296 1535 1305 1552 ,
1314 1509 1436 1553 367.—
1444 1509 1669 1554 Adiectivum

994 1563 1117 1596 OEneus
1132 1562 1263 1596 habent
1280 1568 1316 1597 et
1338 1562 1416 1605 alii,
1446 1574 1533 1607 quos
1556 1562 1669 1597 Hein-

989 1614 1059 1649 sius
1085 1621 1121 1649 et
1143 1615 1372 1649 Burmannus
1397 1613 1553 1648 laudant.
1582 1614 1670 1648 Ho—

991 1678 1110 1700 merus
1124 1691 1133 1709 ‚
1160 1669 1270 1705 Οἰνῆος
1294 1667 1404 1706 ἀλωήν.
1431 1684 1476 1691 -
1497 1666 1612 1711 Inquit
1631 1666 1671 1700 in

992 1717 1064 1752 fine
1081 1717 1257 1752 orationis.

1038 1772 1112 1805 282.
1138 1772 1271 1813 Quanto
1296 1769 1441 1814 majores
1458 1775 1525 1804 etc.
1546 1768 1672 1804 Excel-

992 1823 1181 1858 lentissima
1189 1821 1357 1856 horrendi
1366 1821 1515 1856 monstri
1524 1820 1672 1866 descrip-

991 1876 1041 1910 tio
1058 1875 1140 1910 hinc
1155 1875 1288 1920 incipit.
1307 1874 1418 1919 Atqui
1435 1874 1512 1909 talis
1527 1881 1671 1908 tantus—

995 1941 1062 1972 que
1086 1940 1158 1962 esse
1184 1927 1332 1961 debebat
1358 1939 1464 1971 aper,
1491 1925 1535 1959 ad
1565 1938 1672 1970 quem
1716 1932 1719 1934 '

995 1978 1190 2013 tollendum
1207 1978 1313 2012 totius
1335 1977 1480 2012 Graeciae
1500 1976 1672 2022 principes

994 2029 1258 2066 concurrebant.
1282 2029 1462 2063 Homerus
1488 2027 1643 2062 breviter
1660 2054 1669 2070 ‚

996 2087 1049 2116 σῦν
1065 2082 1167 2130 ἄγριον
1184 2105 1194 2123 ,
1215 2080 1391 2126 ἀργιόδοντα
1406 2105 1415 2123 ,
1437 2071 1482 2117 ὀς
1497 2081 1575 2114 κακὰ
1590 2078 1674 2113 πόλλ’

994 2136 1138 2183 ἕρδεσκεν,
1156 2131 1391 2177 Apollodorus
1402 2157 1411 2175 ,
1430 2131 1551 2181 Κάκρρν
1567 2134 1674 2175 ἵξοχσν

995 2186 1113 2229 μεγέθει
1141 2200 1171 2219 τε
1198 2188 1251 2218 καὶ
1274 2185 1361 2233 ῥώμῃ
1384 2189 1495 2216 vocat.
1528 2180 1674 2216 Confer.

997 2249 1078 2271 cum
1097 2235 1164 2270 hoc
1180 2235 1256 2270 loco
1271 2235 1344 2280 lupi
1363 2234 1547 2280 descriptio
1564 2260 1574 2279 ,
1596 2234 1649 2269 XI
1662 2260 1675 2278 ,

997 2288 1061 2322 355
1078 2301 1151 2333 sqq.
1166 2305 1209 2312 —-
1224 2288 1301 2322 Non
1318 2289 1419 2321 habet
1434 2294 1499 2321 etc.
1515 2285 1675 2320 Debebat

997 2340 1112 2374 dicere
1128 2366 1136 2383 ,
1166 2352 1281 2384 neque
1304 2338 1428 2384 Epiros
1442 2363 1452 2381 ‚
1477 2349 1592 2382 neque
1610 2336 1675 2372 si-

998 2391 1073 2426 cula
1090 2404 1171 2425 arva
1187 2391 1337 2432 habeon
1354 2390 1416 2424 sed
1431 2389 1576 2423 variavit
1588 2400 1675 2423 ora-

998 2444 1142 2478 tionem.
1153 2444 1287 2478 Plim'us
1296 2469 1305 2486 ,
1318 2442 1424 2485 VIII,
1437 2443 1479 2485 45
1492 2442 1553 2476 :In
1564 2448 1681 2476 nostro

997 2498 1075 2532 orbe
1083 2499 1267 2541 Epiroticis·
1276 2493 1415 2541 (bubus)
1423 2497 1500 2528 laus
1515 2498 1678 2538 maxima,

999 2564 1022 2584 a
1038 2552 1176 2597 Pyrrhi,
1195 2548 1374 2592 uilbrord,
1389 2547 1470 2591 jam
1494 2549 1572 2581 inde
1590 2549 1677 2591 regis·

1000 2616 1090 2637 cura.
1100 2604 1344 2636 Idconsecutus
1354 2605 1407 2633 est
1414 2626 1422 2639 ‚
1438 2612 1504 2633 non
1514 2605 1593 2633 ante
1600 2612 1678 2644 qua-

1000 2659 1177 2691 drimatum
1197 2656 1248 2688 ad
1260 2660 1379 2697 partus
1394 2655 1556 2687 vocando.
1578 2653 1678 2686 Pm-

998 2709 1140 2753 grandes
1153 2709 1264 2750 itaque
1269 2704 1383 2749 suere,
1405 2711 1440 2738 et
1455 2706 1611 2748 hodieque
1625 2717 1679 2737 m-

1001 2762 1098 2804 quuoe
1116 2761 1266 2803 stirpium
1290 2759 1419 2791 durant.
1442 2774 1486 2782 —-
1511 2757 1579 2790 Sed
1593 2754 1678 2790 Gla»
