1820 3106
294 218 383 264 526

676 220 730 262 P.
766 217 1002 265 OVIDII
1037 219 1344 268 NASONIS

295 311 464 379 Assyrii
487 311 697 360 Phoenica
719 324 876 360 vocant
895 331 905 360 :
925 331 1016 361 non
1039 313 1187 377 fruge,
1210 333 1292 363 nec
1315 314 1490 376 herbis,

293 390 381 438 Sed
405 388 516 438 turis
537 387 740 455 lacrymis
753 426 764 447 ‚
790 400 834 437 et
857 408 987 438 succo
1008 390 1115 438 vivit
1133 391 1309 439 amomi.

294 467 400 515 Haec
423 466 504 515 ubi
527 466 723 533 quinque
747 466 835 515 suae
856 465 1090 534 complevit
1111 467 1255 517 secula
1281 468 1404 527 vitae,

1643 475 1711 532 3¹95
1770 521 1773 524 Α

295 544 422 594 Ilicet
441 544 486 592 in
509 545 639 593 ramis
655 582 667 604 ,
693 543 937 593 tremulaeve
959 545 1180 593 cacumine
1202 544 1356 611 palmae
1370 582 1382 603 ‚

295 620 556 683 Unguibus,
582 633 627 670 et
650 620 797 688 pando
817 620 973 669 nidum
996 620 1083 669 sibi
1106 620 1323 669 construit
1341 639 1429 669 ore.

290 745 448 778 phaenice
472 756 533 778 ave
546 770 555 787 ,
579 743 678 788 cuius
700 743 773 789 iam
795 743 971 779 Hesiodus

291 796 510 831 mentionem
527 796 680 840 fecerat,
700 803 777 841 post
796 797 971 833 Herodo-

292 855 367 883 tum
382 875 390 890 ‚
415 849 475 892 II,
502 849 562 893 73,
586 848 687 883 multi
714 857 965 893 exposuerunt,

290 913 323 933 v.
333 913 362 934 c.
373 899 513 934 Tacitus
523 926 531 942 ,
550 899 642 934 Ann.
654 901 707 935 Vl
721 927 731 943 ,
744 901 804 942 283
819 900 949 936 Plinius
960 929 970 946 ‚

293 952 349 995 X,
374 965 399 985 1.
427 952 571 986 Exstant
597 952 701 987 etiam
726 952 795 987 duo
818 952 855 987 in
881 952 971 988 hanc

292 1017 390 1038 avem
420 1005 575 1038 carmina
598 1030 607 1048 ,
644 1017 796 1050 quorum
823 1006 972 1040 alterum

296 1055 512 1100 Claudiano,
537 1056 686 1090 alterum
707 1057 887 1092 Lactantio
908 1057 972 1092 tri-

291 1108 420 1144 buitur.
438 1107 568 1143 Fabula
584 1108 675 1143 forte
689 1109 770 1143 inde
782 1117 857 1144 orta
869 1137 878 1154 ,
891 1110 972 1155 quia

294 1169 392 1207 φοῖνιξ
405 1161 555 1206 palmam
570 1161 758 1208 significan
776 1162 971 1208 palmarum

291 1220 409 1248 autem
426 1227 552 1259 genera
571 1214 730 1259 quaedam
747 1228 787 1249 ea
808 1223 890 1250 sunt
906 1228 973 1251 na-
992 1260 993 1263 Ἴ

292 1273 370 1300 tura
380 1292 389 1309 ,
401 1273 439 1300 ut
449 1279 468 1300 e
479 1273 604 1300 trunco
614 1266 766 1312 ipsarum
779 1267 972 1312 putrefacto

293 1331 382 1352 nova
391 1318 750 1363 arborprogerminet.
764 1319 814 1354 Ita
824 1319 973 1354 Bochar-

293 1376 348 1403 tus
361 1369 396 1403 in
409 1369 616 1405 Hierozoico
630 1396 639 1412 ‚
653 1370 705 1405 VI
718 1397 727 1414 ,
743 1372 762 1405 5
773 1397 783 1413 ,
794 1378 974 1416 praeeunte

292 1421 408 1455 Plinio
421 1448 430 1464 ,
447 1421 559 1464 XIII,
575 1423 606 1465 4.
624 1422 690 1456 Alii
707 1429 851 1467 putant,
870 1423 974 1468 hujus

292 1474 362 1507 avis
378 1473 526 1518 figuram
543 1473 740 1520 symbolum
755 1474 859 1509 fuisse
872 1475 975 1521 AEgi-

294 1524 449 1570 ptiorum
463 1550 472 1568 ,
491 1537 560 1569 quo
579 1527 644 1559 500
661 1538 833 1559 annornm
856 1526 973 1570 perio-

294 1576 380 1610 dum
395 1576 636 1621 expresserint.
650 1576 732 1610 Vid.
745 1576 919 1612 Gatterer.
930 1577 974 1611 de

294 1628 428 1674 Theog.
447 1628 588 1674 AEgypt.
607 1628 644 1662 in
670 1627 872 1663 comment.
895 1628 974 1663 Soc.

294 1680 452 1726 Gotting.
469 1688 554 1715 tom.
567 1680 661 1723 VII,
679 1694 712 1726 p.
731 1681 774 1716 53
789 1694 814 1715 s.
834 1681 881 1715 Et
897 1681 976 1715 He-

294 1732 439 1767 rodotus
447 1732 574 1767 diserte
586 1732 803 1775 adfirmat‚se
813 1745 890 1767 eam
901 1745 976 1767 non

294 1797 415 1827 nosse,
433 1784 499 1819 nisi
520 1797 539 1818 e
560 1784 675 1819 tabula
693 1784 782 1829 picta
798 1785 976 1830 Heliopo-

291 1836 721 1871 litarum.-Besemiuate
739 1849 871 1870 novum
889 1850 976 1871 ver—-

293 1888 379 1922 bum
394 1887 437 1921 ad
451 1900 530 1921 rem
546 1887 757 1933 singularem
775 1889 974 1933 exprimen-

295 1940 377 1974 dam
389 1939 564 1985 signatum
574 1965 584 1983 ,
597 1953 616 1974 e
630 1951 776 1984 corpore
788 1953 851 1974 suo
861 1967 870 1983 ,
885 1947 978 1974 tam-

295 2004 402 2037 quam
415 2005 434 2025 e
450 1992 584 2026 semine
597 2018 606 2036 ‚
627 1991 745 2026 denuo
758 2005 794 2026 se
812 1993 952 2037 gignere
967 2005 976 2026 :

298 2042 513 2078 Claudianus
525 2070 534 2087 ,
551 2057 639 2078 vers.
656 2045 697 2087 24
708 2069 718 2086 ‚
725 2051 825 2087 pater
836 2050 889 2078 cst
896 2057 979 2088 pro·-

294 2096 405 2139 lesque
419 2097 506 2136 st‘be'5
523 2094 724 2130 Lactantius
734 2120 744 2137 ‚
764 2107 849 2129 vers.
865 2095 905 2139 78
915 2120 925 2138 ,
941 2107 980 2128 se

297 2153 410 2181 tamen
425 2150 503 2190 ipsa
514 2150 606 2180 creat
614 2157 626 2189 ,·
643 2146 702 2180 sed
714 2159 799 2180 vers.
820 2146 878 2190 167
891 2158 955 2190 sqq
966 2171 975 2188 ‚

295 2197 384 2232 ludit
398 2198 436 2232 in
452 2197 527 2232 hoc.
544 2215 588 2223 —
607 2198 691 2232 Ales
713 2205 832 2232 autem
856 2197 978 2242 aquilae

295 2249 416 2287 similis
446 2258 483 2286 et
510 2250 751 2297 magnitudine
777 2257 812 2285 et
837 2249 952 2284 forma
966 2276 976 2294 ,

297 2316 430 2349 pennas
439 2303 570 2338 habens
584 2316 704 2338 aureas
715 2310 750 2337 et
759 2303 888 2337 rubras.
901 2304 979 2337 He—

297 2355 411 2390 rodot.
425 2373 469 2380 —
482 2356 637 2402 Assym'i,
657 2355 804 2390 omnino
822 2353 979 2389 Orientis

297 2407 432 2442 incolae.
449 2407 562 2442 Aliter
578 2407 778 2442 Lactantius
790 2433 800 2451 ,
818 2420 904 2441 vers.
915 2407 977 2442 65:

301 2475 319 2491 ιι
336 2459 466 2506 Dirigit
478 2459 515 2494 in
530 2460 669 2506 Syriam
682 2459 810 2494 celeres
826 2459 979 2504 longaeva

302 2527 319 2542 η
337 2513 470 2546 volatus
480 2537 490 2556 ,
507 2511 690 2547 Phoenices
702 2523 834 2546 nomen
848 2512 902 2546 cui
915 2511 979 2545 de-

302 2577 319 2594 »
337 2564 389 2598 dit
413 2563 485 2608 ipsa
506 2565 641 2599 Venus.
664 2579 682 2594 »
712 2564 834 2598 Venus
861 2569 978 2597 autem

301 2614 393 2649 culta
420 2615 456 2649 in
480 2614 742 2662 Syrophoenice.
774 2615 827 2649 Εἰ·
845 2616 984 2660 Assyrii

302 2680 390 2711 saepe
416 2681 479 2712 pro
502 2667 599 2715 Syris
612 2682 622 2710 ;
648 2668 740 2713 apud
766 2667 975 2710 Horatium,

1037 742 1146 790 Syriae
1158 742 1321 788 emporiis
1330 742 1470 778 advecta
1482 755 1491 784 ;
1505 754 1594 789 saepe
1607 742 1713 779 etiam

1037 792 1126 841 apud
1146 796 1297 842 optimos
1316 803 1474 832 auctores
1489 798 1648 833 occurrit.

1080 848 1155 894 393.
1171 848 1371 892 Nonfruge,
1393 861 1453 882 nec
1467 849 1586 883 herbis.
1604 848 1714 884 Clau-

1037 898 1160 934 dianus
1171 925 1181 943 ‚
1195 912 1282 935 vers.
1302 900 1339 934 13
1350 912 1358 934 ε
1371 913 1388 929 «
1404 899 1486 935 Non
1503 899 1611 945 epulis
1622 908 1715 936 satu-

1039 966 1058 983 »
1076 964 1153 986 rare
1178 951 1310 986 famem
1326 977 1336 995 ,
1364 964 1438 986 non
1459 950 1616 988 fontibus
1638 953 1715 988 ullis

1039 1019 1056 1035 »
1077 1003 1250 1039 Adsuetus
1261 1004 1446 1049 prohibere
1461 1003 1553 1038 sitim
1564 1018 1572 1045 ς
1585 1004 1644 1039 sed
1656 1017 1716 1050 pu-

1038 1069 1056 1086 »
1074 1055 1147 1090 rior
1158 1054 1255 1090 illum
1269 1055 1359 1090 Solis
1373 1054 1492 1090 fervor
1502 1055 1562 1090 alit
1573 1063 1639 1092 etc.
1653 1070 1717 1086 »—

1037 1108 1093 1142 De
1109 1120 1239 1142 amomo
1252 1106 1330 1142 vide
1344 1106 1387 1142 ad
1404 1108 1437 1142 X
1448 1133 1458 1152 ,
1476 1108 1552 1153 307.

1080 1161 1155 1208 395.
1175 1162 1259 1195 ¹Haec
1277 1162 1338 1195 ubi
1356 1163 1494 1206 quinque
1511 1167 1575 1196 etc.
1596 1161 1717 1195 Hero-

1038 1214 1139 1248 dotus
1155 1214 1298 1253 εΣτι-οἱνιος
1310 1215 1447 1260 isteron-3⁶¹2
1465 1229 1539 1260 σφι,
1570 1211 1611 1248 δ”ῗ
1629 1215 1715 1249 irim-³

1039 1267 1102 1311 (ὥς
1118 1259 1329 1303 {bromtonum
1345 1268 1461 1311 λε’γσυσι
1475 1268 1489 1309 )
1506 1272 1715 1303 πεντακοσίων·

1037 1326 1145 1370 Qut-jv
1160 1323 1191 1354 δι’
1206 1322 1271 1354 τότε
1288 1324 1381 1365 φασὶ,
1401 1319 1487 1354 ε’πτέν
1498 1317 1540 1354 δι’
1552 1320 1682 1367 &twenty
1703 1320 1718 1354 ὅ

1038 1376 1145 1420 πατὴρ.
1163 1371 1305 1406 Tacitus
1322 1383 1331 1405 :
1355 1385 1372 1400 κ
1398 1370 1454 1405 De
1476 1383 1626 1406 numero
1646 1383 1717 1406 an-·

1039 1437 1056 1453 υ
1073 1434 1203 1457 norum
1220 1424 1313 1456 varia
1337 1421 1546 1465 traduntur,
1567 1421 1717 1457 maxime

1038 1489 1056 1505 »
1072 1475 1250 1520 vulgatum
1268 1475 1542 1520 quingentorum
1556 1475 1716 1520 spatium.

1038 1539 1055 1555 »ι
1076 1525 1169 1560 Sunt
1185 1526 1243 1570 qui
1262 1525 1488 1569 adseverent,
1508 1526 1601 1560 mille
1623 1538 1716 1571 qua—

1038 1591 1056 1606 »
1075 1576 1278 1621 dringentos
1285 1577 1468 1622 sexaginta.
1480 1591 1497 1607 »ι
1513 1577 1608 1612 Hinc
1615 1580 1719 1612 vivax

1037 1627 1186 1662 Phoenix
1198 1628 1332 1673 passim.
1347 1629 1390 1663 ln
1405 1623 1521 1662 uumis
1537 1628 1718 1663 interdum

1037 1686 1089 1714 est
1112 1679 1310 1726 symbolum
1339 1679 1393 1714 vel
1415 1680 1617 1715 aeternitatis
1632 1706 1642 1724 ,
1661 1681 1719 1715 vel

1035 1730 1144 1765 felicis
1161 1738 1362 1776 temporum
1378 1730 1628 1774 restitutionis3
1648 1730 1719 1766 vid.

1039 1782 1232 1828 spanhem.
1247 1783 1290 1818 de
1307 1795 1372 1818 usu
1383 1789 1420 1817 et
1433 1784 1630 1828 praestantia
1641 1784 1719 1819 Nu-

1039 1834 1152 1868 mism.
1170 1848 1203 1879 p.
1221 1836 1295 1870 285.
1320 1833 1515 1879 Quomodo
1535 1835 1658 1870 Patres
1677 1847 1718 1869 ea

1038 1887 1092 1921 usi
1105 1894 1189 1922 sunt
1199 1887 1241 1921 ad
1255 1887 1547 1922 resurrectionem
1559 1892 1720 1922 mortno—

1039 1952 1120 1973 rum
1147 1939 1386 1974 illustrandam
1399 1965 1409 1983 ,
1432 1939 1532 1973 docet
1556 1938 1718 1974 Gataker.

1040 1992 1173 2027 Miscel.
1184 2005 1216 2036 p.
1233 2006 1248 2026 1
1256 2005 1305 2039 79.
1313 2011 1355 2021 --
1363 1992 1449 2026 Mox
1460 1998 1556 2026 recte
1571 1992 1719 2026 miratur

1042 2043 1209 2079 Heinsius
1223 2047 1314 2078 ilicis
1329 2043 1384 2078 hic
1402 2043 1621 2077 mentionem
1631 2042 1720 2077 fieri.

1041 2097 1116 2141 Ipse
1129 2094 1270 2141 praefert
1279 2095 1387 2133 dicet,
1402 2094 1497 2140 quod
1508 2094 1670 2130 Barthius
1681 2095 1718 2129 in

1040 2147 1182 2182 vetustis
1203 2146 1456 2191 exemplaribus>
1478 2147 1616 2191 reperit.
1637 2147 1720 2181 Hoc

1041 2198 1147 2244 igitur
1162 2198 1368 2243 recepimus.
1394 2199 1485 2233 Nam
1505 2210 1571 2232 nec
1589 2197 1719 2233 Oriens

1040 2255 1134 2285 ilices
1146 2251 1248 2285 habet
1260 2277 1269 2294 ,
1286 2263 1370 2293 nec,
1389 2251 1415 2285 si
1430 2250 1622 2294 habuisset,
1643 2250 1719 2296 pla-

1041 2304 1190 2338 cuissent
1208 2303 1287 2336 huic
1299 2302 1351 2336 avi
1365 2316 1373 2343 ;
1386 2315 1452 2337 nec
1464 2302 1614 2347 denique
1623 2314 1722 2336 com-

1042 2354 1146 2388 mode
1161 2354 1238 2388 duae
1251 2354 1391 2388 arbores
1408 2356 1479 2388 llez·
1496 2360 1530 2388 et
1539 2356 1659 2397 palma
1672 2353 1722 2387 si-

1042 2408 1116 2441 mul
1144 2413 1474 2441 commemorantur.
1495 2406 1693 2441 Lactantius
1708 2432 1719 2448 ‚

1043 2472 1129 2494 vers.
1147 2459 1190 2506 69
1204 2485 1212 2502 ‚
1237 2460 1318 2492 Tum
1336 2461 1420 2502 legit
1437 2461 1529 2492 aer1'o
1549 2460 1720 2492 sublimem

1042 2515 1162 2547 wrltke
1174 2514 1334 2554 palmam.

1086 2565 1160 2611 397.
1177 2565 1295 2598 Fando
1307 2575 1420 2598 ...ore.
1442 2562 1499 2597 An
1518 2562 1684 2596 Heinsius
1698 2574 1718 2597 e

1043 2616 1152 2650 tribus
1166 2615 1280 2658 MSS,
1295 2615 1407 2660 primo
1417 2614 1633 2649 Gronovian.
1648 2626 1719 2648 uno

1044 2669 1229 2703 Basilcens.
1241 2675 1275 2702 et
1292 2668 1431 2711 Norico,
1446 2675 1539 2702 recte
1551 2667 1719 2712 receperit

304 2719 341 2753 Π
357 2745 366 2762 ,
390 2718 461 2754 Od.
477 2730 533 2764 xl,
556 2721 615 2765 16,
634 2723 780 2767 Assyria
795 2722 936 2759 nardus,
956 2731 977 2753 e
1037 2722 1173 2763 pando,
1201 2718 1352 2754 dubitari
1371 2725 1493 2764 potest.
1515 2717 1611 2764 Apro
1625 2723 1719 2750 recte
