1820 3106
253 281 948 329 METAMGRPHOSEON
978 283 1110 326 LIB.
1144 283 1298 328 XIII.

1405 288 1490 349 387

79 399 102 420 ‚2
130 377 254 445 Saepe
278 376 503 442 Phrygum
524 373 718 432 maduit,
741 372 909 422 domini
930 392 1050 422 nunc
1073 374 1187 423 caede
1208 377 1429 437 madebit3

80 477 105 498 »
129 457 196 504 Ne
218 453 451 522 quisquam
473 451 651 517 Ajacem
672 451 817 519 possit
840 469 1069 517 superare,
1095 452 1182 501 nisi
1204 453 1330 519 Ajax.
1355 478 1378 498 »
1433 471 1498 517 390

78 531 226 590 Dixit;
245 542 289 580 et
311 530 357 578 in
381 540 535 596 pectus
550 566 562 587 ,
587 540 682 578 tum
706 528 883 577 demum
903 528 1083 580 vulnera
1105 549 1308 597 passum,

80 609 183 672 Qua
200 606 345 674 patuit
364 605 480 655 ferro
496 643 508 664 ,
532 604 706 655 letalem
728 605 929 654 condidit
953 625 1127 665 ensem;

7 746 11 749 Ι
78 687 170 734 Nec
191 683 361 734 valuere
380 702 538 732 manus
559 682 745 732 infixum
767 683 950 733 educere
976 683 1110 734 telum
1130 705 1140 734 :

78 762 263 832 Expulit
283 763 379 830 ipse
400 781 553 820 cruor;
578 761 891 829 rubefactaque
915 764 1128 826 sanguine
1152 763 1280 813 tellus

77 841 356 907 Purpureum
375 838 506 887 viridi
525 839 680 902 genuit
701 838 753 888 de
776 839 940 907 cespite
960 839 1137 898 florem,

1435 859 1501 905 395

32 974 33 977 Ἰ
81 917 175 982 Qui
195 917 318 985 prius
341 915 534 965 OEbalio
558 916 700 965 fuerat
723 916 777 964 de
798 916 977 966 vulnere
999 929 1141 967 natus.

80 995 229 1044 Litera
251 993 497 1043 communis
522 994 679 1042 mediis
702 1012 931 1062 pueroque
958 995 1143 1062 viroque

80 1074 300 1141 Inscripta
323 1085 390 1122 est
411 1072 554 1130 foliis3
572 1073 665 1122 haec
686 1074 882 1122 nominis
896 1111 909 1131 ‚
932 1073 1008 1122 illa
1030 1074 1228 1140 querelae.

137 1142 206 1198 Il.
233 1150 389 1204 Victor
411 1149 467 1197 ad
491 1149 764 1216 Hypsipyles
786 1150 972 1216 patriam
986 1188 998 1209 ,
1019 1150 1213 1219 clarique
1234 1151 1452 1201 Thoantis
1467 1191 1478 1209 ‚

84 1228 146 1276 Et
167 1239 364 1278 veterum
386 1224 523 1276 terras
545 1226 729 1277 infames
749 1228 866 1277 caede
891 1228 1084 1277 virorum
1099 1266 1112 1287 ‚

129 1339 204 1388 391.
228 1339 374 1373 Passum
394 1350 459 1384 pro
472 1364 482 1381 ,
506 1337 709 1384 patientem.
724 1357 768 1364 -

90 1392 166 1435 Qua
180 1393 296 1435 patuit
304 1389 417 1434 firm,
443 1402 510 1435 qua
528 1396 626 1434 parte
643 1389 769 1424 vulnus

86 1443 239 1490 accipere
255 1449 410 1489 poterat,
429 1455 558 1488 nempe
581 1444 635 1478 διὸ
651 1450 770 1491 φρενῶν·

86 1496 281 1541 Pindarus,
302 1497 405 1532 Nem.
418 1503 442 1531 Z
459 1508 468 1531 :
490 1508 574 1530 nam
592 1495 771 1540 superiora

88 1549 221 1586 ossibus
231 1547 378 1584 munita.
388 1547 617 1584 Burmannus
629 1553 746 1594 tamen
759 1572 769 1590 ,

87 1614 195 1649 quem
217 1599 365 1636 Lenzius
383 1599 542 1645 sequitur
555 1624 564 1642 ,
591 1606 690 1644 putat
710 1611 770 1632 rem

87 1653 232 1701 spexisse
243 1651 412 1688 Ovidium
422 1651 475 1687 his
483 1650 769 1694 verbissabulam,

89 1718 166 1752 quoe
182 1704 357 1750 reliquum
375 1703 491 1749 Aiacis
511 1715 637 1748 corpus
653 1716 672 1737 a
687 1703 772 1737 vul-

87 1757 232 1793 neribus
263 1757 423 1791 immune
453 1755 556 1791 fuisse
586 1755 745 1791 tradebat
762 1770 772 1798 ;

90 1808 207 1846 Schol.
224 1807 406 1856 Sophoclis
422 1807 464 1841 ad
479 1807 576 1853 Ajac.
592 1820 680 1841 vers.
698 1807 774 1850 844.

91 1859 200 1906 Apud
210 1858 372 1906 Sophocl.
383 1858 490 1892 latere
504 1857 627 1892 incidit
646 1858 682 1892 in
701 1857 775 1903 gla-

90 1913 190 1948 dium
208 1920 301 1948 terra
316 1911 622 1952 fixum—Telum,
641 1924 775 1945 ensem.

135 1966 212 2014 395.
222 1967 425 2011 Purpureum
434 1989 442 1998 .
455 1990 464 1998 .
476 1965 602 2010 .florem
613 1974 625 2006 ,·
640 1963 720 1998 vide
732 1963 776 1998 ad

94 2022 130 2056 X
146 2047 156 2066 ‚
173 2020 420 2062 215.—Pam‚
439 2017 642 2066 Hyacintho
656 2043 666 2061 ,
686 2021 772 2060 viro,

93 2072 204 2118 Aiaci.
219 2072 338 2118 Hujus
348 2084 479 2107 nomen
490 2097 500 2116 ,
512 2069 601 2106 illius
611 2071 774 2118 gemitus,

94 2126 300 2173 exprimunt
314 2124 423 2161 literae
436 2124 500 2160 Al.

139 2181 301 2229 399—595.
311 2181 451 2215 Hecuba
458 2183 495 2213 ιἰι
505 2191 632 2214 canem.
638 2177 753 2214 Graeci
763 2205 774 2222 ‚

95 2231 209 2268 deleta
225 2231 311 2267 urbe
323 2230 479 2276 Troiana
489 2256 499 2274 ,
516 2229 776 2275 distributisque

97 2285 300 2321 mulieribus
314 2283 457 2330 captivis
471 2308 481 2327 ,
496 2295 601 2318 naves
613 2282 754 2318 solvunt
764 2309 774 2326 ‚

96 2335 344 2383 appelluntque
354 2347 436 2369 mox
447 2333 490 2369 ad
499 2333 685 2370 Thraciam
694 2360 704 2377 ,
718 2334 778 2369 ubi

98 2391 300 2437 Polydorus,
323 2386 480 2422 Hecubae
498 2384 589 2420 filius
601 2412 610 2428 ,
630 2398 650 2420 a
665 2385 778 2434 Poly-

97 2448 249 2478 mestore
261 2439 464 2476 interfectus
473 2445 558 2474 erat.
571 2437 624 2473 Ibi
637 2437 780 2474 Achillis

101 2493 227 2529 umbra
257 2499 398 2540 apparet
417 2518 427 2536 ‚
459 2488 678 2537 postulatque
702 2515 713 2533 ‚
742 2498 781 2525 ut

102 2548 276 2594 Polyxena
297 2546 339 2581 ad
360 2545 558 2591 sepulcrum
582 2555 685 2578 suum
706 2543 781 2578 im-

104 2597 266 2633 moletur.
279 2599 417 2632 Hecuba
429 2596 551 2631 dolens
560 2603 690 2630 sortem
702 2593 782 2630 filiae

105 2651 192 2687 dum
214 2651 252 2686 in
275 2650 376 2686 litore
403 2649 557 2685 ambulat
574 2675 584 2692 ‚
616 2649 783 2694 conspicit

103 2716 229 2750 corpus
244 2700 409 2749 Polydori
419 2729 430 2747 ,
447 2715 554 2748 quem
569 2701 606 2735 in
620 2700 705 2735 vivis
720 2700 785 2735 ad-

102 2755 173 2791 huc
185 2749 591 2802 esse‚etaPolymestore
600 2752 688 2787 clam
701 2752 783 2787 edu·

105 2807 175 2843 cari
191 2806 396 2855 crediderat.
419 2806 532 2842 Luctu
550 2805 657 2851 igitur
676 2812 713 2840 et
733 2805 784 2839 ira

1448 1246 1515 1290 400

832 1339 973 1374 incensa
988 1346 1132 1375 excaecat
1145 1340 1424 1386 Polymestorem
1435 1368 1445 1384 ‚
1459 1350 1495 1378 et
1503 1369 1513 1386 ‚

833 1404 943 1436 quum
959 1390 1113 1427 Thraces
1128 1404 1208 1427 eam
1224 1392 1393 1437 lapidibus
1408 1401 1515 1439 pete—

832 1449 933 1486 rent,
957 1449 1116 1478 mutatur
1132 1443 1170 1482 in
1185 1456 1321 1478 canem.
1345 1444 1516 1481 Sumtum

832 1501 884 1529 est
897 1493 964 1530 hoe
979 1499 1229 1540 argumentum
1244 1495 1340 1531 luctu
1357 1497 1518 1542 plenissi-

832 1557 933 1579 mum
945 1571 956 1589 ,
972 1552 1008 1580 et
1019 1546 1156 1592 egregie
1169 1553 1354 1582 tractatum
1365 1573 1374 1591 ,
1391 1561 1433 1582 ex
1447 1549 1516 1584 Eu-

832 1597 944 1643 ripide
955 1624 965 1642 ‚
983 1597 1138 1632 Troadd.
1154 1606 1190 1633 et
1204 1599 1362 1634 Hecuba.
1381 1599 1517 1636 Confer

834 1648 951 1734 'il'zetz
970 1647 1062 1684 Chil.
1077 1650 1156 1694 111,
1174 1652 1215 1696 74
1227 1677 1237 1695 ,
1257 1658 1293 1685 et
1307 1652 1494 1699 Hyginum
1504 1681 1516 1698 ,

851 1701 903 1735 ab.
923 1714 935 1735 1
944 1713 958 1735 ι
967 1715 979 1735 ι
986 1727 994 1734 .

878 1754 1046 1801 399-428.
1075 1756 1193 1790 Viclor
1210 1757 1260 1790 ad
1274 1762 1339 1791 etc.
1356 1757 1518 1792 Breviter

835 1813 1082 1849 recensentur,
1099 1819 1178 1851 quae
1191 1807 1275 1841 inde
1291 1821 1309 1842 a
1326 1808 1456 1853 judicio
1468 1823 1518 1844 ar-

837 1870 979 1895 morum
991 1870 1100 1903 usque
1111 1858 1153 1902 ad
1164 1859 1415 1903 prosectionem
1425 1861 1520 1896 Grae—

837 1922 961 1944 corum
985 1916 1079 1955 gesta
1096 1910 1231 1945 suntin
1249 1923 1333 1957 agro
1351 1912 1521 1958 Trojano.

840 1963 981 2010 Ulysses
990 1989 1001 2007 ,
1013 1964 1167 1998 victorin
1178 1964 1308 2010 judicio
1318 1979 1498 2003 armorum
1511 1996 1520 2012 ,

839 2016 979 2062 navigat
1000 2016 1037 2051 in
1066 2017 1217 2052 insulam
1237 2018 1401 2055 Lemnon
1418 2047 1428 2065 ,
1464 2023 1524 2058 ubi

839 2069 936 2113 olim,
947 2076 1106 2115 ternpore
1118 2070 1239 2116 Argon
1245 2078 1313 2106 aut.
1324 2074 1521 2120 Hypsipyle,

841 2134 938 2167 quae,
966 2134 1076 2166 quum
1091 2122 1234 2170 reliquae
1251 2123 1461 2161 Lemniades
1475 2153 1485 2170 ,
1507 2141 1526 2162 a

839 2176 984 2211 Venere
1002 2176 1160 2222 impulsae
1173 2203 1183 2222 ,
1205 2181 1294 2213 viros
1309 2190 1433 2215 omnes
1460 2180 1523 2214 in-

840 2229 1043 2264 terficerent
1055 2254 1064 2272 ,
1095 2230 1252 2269 Thoanta
1276 2238 1413 2275 patrem
1435 2233 1525 2268 clam

840 2281 1008 2327 imposuit
1019 2281 1099 2316 navi
1110 2308 1119 2326 ,
1137 2289 1176 2316 ut
1189 2291 1407 2326 servaretur;
1422 2285 1527 2330 Apol-

841 2332 984 2369 lodorus
997 2360 1007 2378 ‚
1028 2334 1067 2378 1,
1086 2345 1123 2370 1¹
1136 2361 1146 2378 ,
1169 2348 1205 2381 17
1221 2351 1230 2378 ;
1251 2336 1414 2382 Hyginus
1428 2364 1438 2381 ,
1458 2338 1524 2373 sab.

847 2389 886 2422 15
900 2413 910 2431 ,
934 2393 970 2421 et
987 2398 1075 2431 quos
1097 2386 1145 2421 ibi
1166 2386 1282 2422 laudat
1303 2388 1470 2424 Munker.
1485 2409 1528 2415 —

843 2441 895 2474 Et
903 2446 1046 2475 uterum
1055 2446 1181 2481 tenus,-
1195 2440 1397 2482 Vossianus,
1411 2449 1446 2476 et
1456 2442 1528 2477 duo

845 2491 900 2526 alii
908 2492 1311 2534 Advetcrumterrasetc.;
1321 2493 1443 2527 tertius
1452 2493 1529 2528 Me-

845 2542 962 2577 diceus
976 2569 986 2586 ,
1012 2544 1062 2577 Et
1075 2550 1217 2581 veterum
1238 2547 1287 2578 ad
1300 2551 1415 2579 terras.
1443 2546 1534 2581 Post

844 2594 942 2630 hunc
965 2607 1106 2630 versum
1128 2596 1289 2630 nonnulli
1312 2597 1529 2635 interserunt

847 2648 953 2683 alium
969 2661 977 2683 :
1001 2650 1198 2684 Transierat
1209 2653 1343 2686 tandem
1353 2658 1453 2696 portu
1463 2667 1525 2688 vo-

847 2708 943 2746 toque
948 2705 1084 2745 pomus.
1093 2702 1190 2737 —In
1202 2703 1314 2749 Regio
1322 2705 1439 2740 codice
1452 2706 1482 2741 B
1492 2705 1527 2740 hi

847 2765 967 2787 versus
988 2760 1266 2800 transponuntur
1278 2782 1287 2799 ‚
1309 2756 1503 2803 legiturque
1519 2769 1526 2790 z

855 2805 972 2842 Victor
979 2807 1030 2841 ad
1034 2807 1074 2840 H
1065 2810 1238 2856 ypripyles
1241 2812 1388 2853 patriam
1398 2836 1405 2849 ‚
1426 2811 1530 2844 clari·
