1820 3106
284 261 987 308 METAMORPHOSEON
1019 263 1087 307 LI
1102 265 1152 307 Β.
1188 264 1345 309 XIII.

101 358 191 408 Pro
214 357 386 426 populo
409 357 617 406 cecidisse
641 377 750 413 suo;
776 357 1067 426 pulchrisque
1092 377 1174 425 per
1196 359 1355 409 urbem

1442 265 1526 321 411

1468 375 1537 423 695

101 436 352 486 Funeribus
371 435 477 484 ferri
493 441 515 494 ,'
532 435 781 503 celebrique
804 437 849 484 in
875 448 1000 503 parte
1023 437 1206 486 cremari
1225 458 1236 486 z

101 516 217 565 Tum
241 508 294 563 de
317 514 510 578 virginea
537 514 737 578 geminos
762 515 881 563 exire
903 514 1050 563 favilla
1065 553 1078 574 ,

101 592 170 640 Ne
192 608 330 654 genus
347 589 555 650 intereat,
580 591 783 658 juvenes,
809 611 922 658 quos
947 591 1060 640 fama
1089 589 1287 642 Coronas

101 670 310 719 Nominat
327 707 339 729 ,
366 681 410 718 et
432 670 567 719 cineri
592 682 791 720 materno
819 671 976 720 ducere
999 691 1223 739 pompam.

168 750 396 798 Hactenus
420 750 606 817 antiquo
633 751 772 815 signis
795 749 1070 815 fulgentibus
1094 771 1178 801 aere

101 827 311 878 Summus
333 829 536 879 inaurato
561 842 704 880 crater
724 843 817 880 erat
840 850 970 899 asper
991 831 1212 891 acanth03

100 907 192 955 Nec
212 904 378 955 leviora
403 905 519 956 datis
541 907 726 973 Trojani
749 909 863 965 dona
882 910 1141 969 remittunt;

52 1019 59 1031 ,
101 984 311 1051 Dantque
331 985 576 1044 sacerdoti,
602 987 832 1036 custodem
857 989 970 1038 turis
985 1026 997 1047 ‚
1021 1007 1244 1046 acerram;

101 1062 223 1110 Dant
242 1073 437 1130 pateram
451 1102 463 1123 ,
487 1062 737 1132 claramque
758 1084 868 1115 auro
884 1105 896 1126 ,
924 1067 1197 1134 gemmisque
1219 1084 1442 1115 coronam.

167 1140 223 1188 V.
246 1140 357 1190 lnde
378 1142 597 1211 recordati
618 1144 816 1200 Teucros
839 1165 864 1194 a
890 1146 1104 1210 sanguine
1125 1145 1288 1195 Teucri

102 1268 173 1304 sius
185 1295 195 1313 ,
211 1270 364 1316 conjecit
373 1283 439 1316 per
445 1271 577 1306 Martia
587 1299 596 1312 ,
610 1278 650 1307 ut
664 1271 706 1307 ad
723 1273 789 1307 ori-

104 1322 223 1368 ginem
231 1322 439 1358 Thebarum
456 1336 476 1358 a
488 1323 607 1359 Marte
619 1325 789 1371 respiciat.

102 1376 303 1411 -Pulchra
307 1376 436 1422 funera
445 1404 455 1418 ,
482 1390 610 1423 pompa
623 1377 790 1414 funeralis

102 1428 271 1475 frequens
280 1456 291 1474 ,
302 1430 459 1476 adeoque
471 1431 618 1477 gloriosa
629 1438 788 1467 mortuo:

103 1483 152 1518 sic
157 1486 304 1528 pulchra
313 1497 411 1525 mors,
423 1487 568 1530 pulchra
575 1489 714 1521 vulnera
724 1494 789 1522 etc.

105 1555 150 1563 —
161 1538 296 1572 Celebre·
311 1541 349 1572 in
365 1545 488 1583 parte,·
508 1537 697 1574 illustribus
723 1539 792 1574 ho-

105 1589 259 1625 minibus
273 1589 396 1626 illustri
413 1590 491 1626 loco
504 1592 684 1637 sepultura
698 1591 789 1638 apud

105 1641 247 1693 Graecos
261 1650 298 1679 et
320 1643 503 1680 Romanos
520 1644 790 1692 adsignabatur3

107 1693 216 1729 Corn.
232 1695 352 1741 Nepos
364 1722 374 1740 ,
393 1696 427 1731 X
439 1722 450 1740 ,
470 1707 494 1731 x
507 1723 517 1740 ,
537 1710 575 1741 2,
594 1697 637 1732 de
651 1697 790 1733 Dione:

103 1747 224 1792 Itaque
233 1749 269 1782 in
278 1750 357 1783 urbe
365 1749 575 1783 celeberrimo
584 1752 669 1790 loco,
682 1753 793 1784 elatus

99 1801 239 1844 publice
249 1827 257 1838 .
277 1803 639 1845 sepulcn'monumento
649 1804 795 1836 donatus

106 1858 178 1895 est,·
202 1851 283 1887 vide
309 1852 474 1888 Kircbm.
497 1853 540 1887 de.
566 1853 765 1888 Funeribus
782 1880 793 1899 ,

106 1903 165 1939 lib.
182 1905 219 1940 II
231 1929 241 1948 ,
257 1917 330 1950 cap.
348 1908 391 1941 25
408 1912 444 1940 et
461 1905 514 1940 26.
530 1924 574 1932 —
593 1906 796 1951 Quosfama

109 1958 264 1992 Coronas
277 1958 460 2000 Nominum·
473 1956 675 1994 Lactantius
686 1985 696 2002 ,
711 1959 796 2005 Arg.

109 2012 171 2054 qui
185 2015 223 2044 et
235 2012 401 2054 virginum
416 2013 549 2044 nomine
567 2012 703 2046 Corone
718 2019 800 2046 sunt

110 2066 295 2106 nominati5
316 2063 449 2099 Anton.
460 2064 627 2101 Liberalis
638 2065 671 2100 d.
682 2066 705 2101 l.
718 2073 799 2117 upo-

112 2119 307 2167 coeyopcdouat
331 2116 361 2152 δ’
385 2120 480 2157 αὐτὰς
505 2120 582 2169 ἄχρι
604 2126 656 2155 νῦν
679 2123 798 2160 Αἰολεῖς

111 2175 288 2222 Kopoeviaeoeg
302 2174 471 2222 παρθένους.

157 2236 230 2269 7oo.
242 2223 356 2268 Signis
361 2223 594 2268 fulgentibus,·
613 2224 684 2259 duo
696 2225 799 2260 Basi-

113 2275 248 2310 leenses
273 2282 309 2310 et
334 2287 426 2310 unus
450 2275 584 2310 Moreti
605 2280 714 2321 signis
734 2289 797 2311 ex-

111 2331 283 2364 stantibus
295 2357 303 2370 ,
323 2336 365 2364 ut
374 2329 448 2364 XII
460 2356 470 2374 ,
485 2330 708 2376 235.-—Regii
721 2330 799 2366 cod.

111 2381 244 2417 habent
263 2381 505 2427 fitlgentibus;
527 2382 649 2417 malim
678 2390 799 2419 tamen

117 2437 347 2475 exstantibus,
378 2433 414 2468 id
434 2442 486 2469 est
503 2461 512 2478 ,
539 2435 776 2471 eminentibus
791 2449 800 2478 ;

118 2497 274 2531 namque
292 2487 330 2521 in
344 2487 508 2533 operibus
522 2487 648 2522 caelatis
662 2495 776 2532 partes
790 2514 800 2532 ,

120 2550 199 2583 que
212 2538 373 2574 eminent
386 2565 395 2583 ,
413 2539 548 2586 fulgent
562 2539 680 2574 minus
695 2552 802 2585 quam

121 2602 198 2636 quae
214 2590 325 2636 planae
340 2598 432 2626 sunt.
449 2592 714 2626 Ed—Summus
727 2605 804 2627 cra-

119 2651 170 2679 ter
180 2671 188 2686 ,
212 2641 250 2679 os
264 2645 407 2680 crateris
417 2671 427 2687 ‚
447 2652 522 2679 erat
535 2658 636 2689 asper
648 2650 804 2682 inaurato

117 2699 284 2738 acantho,
303 2697 338 2733 h.
361 2711 391 2732 e.
416 2698 453 2732 in
476 2711 519 2732 eo
542 2711 650 2734 aureo
671 2699 804 2745 sculpta

116 2759 192 2788 erat
206 2752 318 2799 figura
331 2765 451 2799 aspera
468 2752 606 2788 acanthi
619 2755 804 2788 :acanthus

116 2804 225 2842 herba
237 2806 362 2842 nobilis
377 2814 412 2842 et
426 2806 560 2853 mollis,
579 2821 647 2854 qua
662 2814 697 2843 et
711 2821 803 2845 ansae

1477 1156 1542 1204 705

855 1273 1063 1319 poculorum
1081 1273 1200 1307 ornari
1215 1271 1375 1308 solebant
1389 1285 1398 1313 ;
1422 1270 1544 1317 Virgi-

855 1325 921 1360 lius
932 1352 941 1368 ,
966 1325 1082 1371 Eclog.
1102 1325 1157 1360 III
1169 1351 1179 1369 ,
1199 1326 1254 1369 45.
1270 1342 1315 1350 --·
1330 1326 1542 1363 Remittunt,

855 1377 1005 1413 vicissim
1028 1377 1123 1413 dant.
1141 1396 1185 1403 -
1201 1378 1395 1416 Sacerdoti,
1424 1375 1520 1410 Anio
1532 1402 1542 1419 ,

857 1437 1030 1476 quatenus
1045 1429 1207 1465 sacerdos
1221 1436 1316 1472 erat,
1341 1427 1428 1463 dant
1446 1441 1546 1463 acer-

855 1497 933 1519 ram
950 1491 986 1519 et
1002 1491 1160 1531 pateram
1173 1498 1181 1526 ;
1200 1490 1374 1529 quatenus
1389 1495 1450 1517 rex
1462 1508 1471 1525 ,
1485 1494 1544 1516 co-

856 1550 995 1572 ronam.
1011 1538 1144 1572 Acerra
1160 1549 1235 1571 non
1254 1543 1306 1572 est
1326 1534 1520 1569 turibulum
1534 1560 1544 1578 ,

858 1605 917 1626 ara
929 1619 938 1635 ,
955 1593 991 1626 in
1004 1605 1072 1638 qua
1084 1599 1140 1626 tus
1152 1591 1372 1633 adoleretur,
1389 1596 1430 1624 ut
1440 1589 1546 1635 vulgo

857 1652 1005 1690 putant,
1023 1644 1082 1679 sed
1094 1671 1103 1688 ,
1125 1652 1166 1679 ut
1188 1644 1245 1679 hic
1260 1643 1332 1689 ipse
1350 1643 1447 1677 locus
1465 1641 1546 1676 satis

859 1697 962 1732 docet
975 1724 984 1741 ,
1001 1697 1180 1732 vasculum
1198 1703 1257 1731 aut
1273 1695 1408 1738 arcula,
1424 1694 1462 1728 in
1477 1706 1547 1739 qua

860 1758 938 1786 tura
957 1750 1282 1792 conservabantur,
1304 1755 1344 1782 ut
1367 1747 1451 1782 inde
1478 1747 1549 1782 de-

859 1810 1021 1848 prompta
1047 1802 1085 1836 in
1112 1803 1232 1847 ignem
1258 1799 1545 1844 conjicerentur3

860 1854 943 1889 hinc
971 1861 1087 1889 custos
1111 1857 1219 1894 turis,
1252 1860 1291 1888 ut
1314 1852 1432 1897 VIII,
1457 1852 1546 1895 320,

860 1905 1025 1951 pharetra
1048 1913 1164 1941 custos
1189 1907 1337 1940 telorum.
1354 1922 1400 1930 -
1417 1905 1549 1939 Corona

861 1958 918 1993 hic
933 1971 1007 1993 non
1021 1965 1074 1993 est
1088 1957 1359 1993 sacrificantium
1370 1983 1380 2001 ,
1397 1969 1438 1991 ea
1452 1956 1549 1991 enim

861 2023 937 2046 non
957 2011 1106 2056 gemmis
1122 2017 1246 2045 ornata
1263 2016 1338 2045 erat
1350 2035 1360 2053 ,
1379 2008 1438 2044 sed
1456 2009 1550 2044 vittis

862 2071 898 2099 et
916 2063 1034 2099 infulis
1057 2070 1118 2098 aut
1141 2062 1326 2098 frondibus
1345 2063 1450 2098 sacris
1474 2062 1551 2096 im—

862 2117 983 2163 plexa;
1008 2129 1135 2152 verum
1154 2116 1336 2160 diadema,
1364 2116 1462 2152 intel.
1486 2115 1552 2151 in-

861 2171 959 2217 signe
976 2170 1113 2216 regium
1127 2196 1137 2214 ,
1157 2176 1198 2204 ut
1223 2168 1316 2215 apud
1338 2168 1527 2214 Virgilium
1541 2195 1550 2211 ,

863 2224 948 2259 AEn.
967 2225 983 2260 1
998 2251 1007 2268 ,
1023 2224 1090 2259 655
1106 2224 1240 2270 (quem
1254 2224 1384 2258 Noster
1397 2222 1552 2256 imitatus

863 2281 962 2323 est),
985 2278 1118 2314 AEneas
1144 2278 1230 2313 ferri
1253 2277 1352 2324 jubet
1372 2277 1465 2311 inter
1486 2276 1552 2311 alia

863 2346 1012 2369 munera
1025 2359 1035 2376 ,
1061 2335 1228 2377 duplicem
1248 2335 1391 2377 gemmis
1409 2343 1554 2377 auroque

863 2399 1020 2421 coronam
1034 2397 1046 2427 ,⁶
1061 2385 1140 2420 vide
1159 2385 1207 2419 ibi
1228 2384 1425 2433 Heynium.

911 2439 1080 2486 705-968.
1106 2438 1237 2473 AEneas
1258 2464 1267 2481 ,
1297 2438 1425 2473 relictis
1450 2436 1554 2472 variis

864 2491 967 2535 locis,
983 2491 1026 2526 ad
1041 2492 1189 2538 Scyllam
1207 2490 1325 2534 venit,
1338 2490 1437 2535 cujus
1452 2489 1530 2526 satis
1541 2516 1553 2533 ,

866 2545 1012 2590 abrupta
1032 2543 1199 2578 orationis
1215 2543 1302 2577 serie
1315 2568 1324 2585 ,
1342 2542 1554 2577 immoratur

866 2604 980 2643 poeta.
998 2596 1122 2643 Scyllae
1145 2595 1243 2629 enim
1267 2595 1416 2630 Galatea
1435 2602 1556 2630 narrat

865 2650 1068 2695 Polyphemi
1094 2659 1232 2682 amores
1261 2648 1448 2692 Acidisque
1468 2648 1555 2682 obi-

868 2709 945 2737 tum
958 2728 967 2745 ,
996 2701 1150 2749 740-897
1165 2714 1174 2742 ;
1202 2700 1234 2735 ei
1261 2699 1389 2736 deinde
1411 2706 1556 2747 apparet

873 2756 1025 2790 Glaucus
1037 2783 1045 2795 ‚
1064 2756 1100 2790 in
1119 2755 1240 2790 Deum
1263 2755 1444 2790 marinum
1464 2767 1555 2789 mu-

868 2815 959 2845 tatus
970 2834 981 2855 ,
1005 2810 1070 2857 898
1087 2808 1131 2845 ad
1147 2808 1269 2845 finem.
1291 2809 1463 2845 Auctores
1480 2807 1553 2843 ho·-
