1820 3106
265 209 355 266 544

641 215 694 257 P.
731 213 972 261 OVIDII
1004 217 1309 266 NASONIS

268 326 293 347 >›
321 304 554 372 Perspice,
578 317 621 354 et
641 325 784 374 usque
809 320 915 358 nota
935 309 1055 370 visu,
1078 325 1130 384 ut
1153 332 1412 377 cognoscere
1431 317 1591 383 possis.
1620 319 1687 370 660

269 403 293 424 >³
323 382 480 431 Vertar
503 383 550 431 in
573 383 718 443 hunc;
742 385 817 434 sed
842 387 982 452 major
1004 408 1078 438 ero
1095 427 1107 449 ‚
1134 403 1370 460 tantusque
1388 395 1597 456 videbor,

264 480 289 501 »
316 458 370 506 In
393 471 607 526 quantum
627 461 738 509 verti
763 462 948 512 caelestia
971 484 1155 533 corpora
1178 467 1353 517 debent.
1377 493 1402 513 »

264 536 501 604 Extemplo
526 557 625 587 cum
646 558 751 588 voce
775 540 898 589 Deus
913 579 925 599 ‚
949 560 1047 591 cum
1068 563 1172 592 voce
1196 546 1380 613 Deoque

259 614 454 663 Somnus
477 615 596 674 abit,
623 615 855 682 somnique
875 617 1023 682 fugam
1047 619 1123 668 lux
1146 619 1428 674 alma'secuta
1450 637 1531 675 est.

258 691 444 740 Postera
463 692 656 742 sidereos
677 693 852 742 Aurora
869 694 1094 758 fugaverat
1117 697 1239 760 ignes
1258 717 1269 757 ;

1611 718 1679 752 665

256 769 421 817 Incerti
445 768 553 835 quid
571 782 703 833 agant
724 790 928 837 proceres
952 772 1011 820 ad
1032 773 1194 840 templa
1214 774 1343 840 petiti

262 845 545 894 Conveniunt
568 866 755 913 operosa
776 848 862 896 Dei
888 868 897 896 :
923 868 1100 916 quaque
1123 851 1219 918 ipse
1242 853 1406 902 morari

260 923 373 972 Sede
390 923 518 983 velit,
546 925 684 987 signis
707 925 955 975 caelestibus
979 927 1164 987 indicet,
1190 942 1329 978 orant.

257 1001 345 1049 Vix
367 1000 481 1049 bene
505 999 723 1048 desierant
738 1038 750 1059 ‚
776 1021 913 1068 quum
935 991 1078 1053 cristiS
1102 1026 1259 1056 aureus
1277 1007 1378 1057 altis

253 1079 308 1125 In
334 1088 534 1144 serpente
557 1078 680 1126 Deus
702 1080 947 1144 praenuntia
970 1081 1099 1131 sibila
1122 1082 1266 1141 misit,

1611 1100 1677 1146 670

254 1155 551 1222 Adventuque
573 1174 655 1204 suo
678 1157 963 1225 signumque,
989 1179 1196 1227 arasque,
1220 1161 1451 1228 foresque,

252 1234 640 1299 Marmoreumque
661 1233 804 1283 solum
819 1272 830 1293 ‚
857 1235 1118 1304 fastigiaque
1142 1258 1270 1288 aurea
1293 1240 1458 1288 movit:

252 1311 603 1378 Pectoribusque
623 1324 750 1361 tenus
774 1313 915 1362 media
939 1314 1142 1364 sublimis
1166 1316 1213 1364 in
1237 1317 1327 1365 aede

253 1389 494 1447 Constitit;
521 1401 652 1456 atque
678 1389 832 1440 oculos
857 1392 1127 1441 circumtulit
1150 1394 1250 1458 igne
1271 1394 1495 1444 micantes.

249 1466 422 1513 Territa
447 1466 577 1514 turba
599 1479 728 1532 pavet
749 1487 759 1514 :
781 1471 990 1530 cognovit
1010 1472 1193 1521 numina
1213 1485 1356 1522 castos

1602 1486 1670 1534 675

248 1543 463 1591 Evinctus
485 1543 594 1592 vitta
617 1544 760 1610 crines
785 1545 958 1596 albente
983 1550 1207 1614 sacerdos,

247 1621 308 1668 Et
322 1658 334 1680 ‚
365 1643 387 1664 «
412 1621 535 1670 Deus
558 1641 612 1670 en
627 1659 639 1680 ‚
665 1623 789 1671 Deus
813 1643 868 1672 en
890 1643 899 1671 :
921 1623 1174 1692 linguisque
1199 1626 1442 1694 animisque
1463 1626 1622 1686 favete,

245 1745 323 1779 quae
347 1746 402 1768 res
428 1734 469 1768 ad
493 1734 663 1770 tuendam
688 1735 926 1772 valetudinem

244 1786 364 1832 aegroti
375 1787 524 1821 maxime
537 1794 615 1832 apta
627 1795 679 1822 est
690 1802 698 1829 ;
709 1787 777 1825 vid.
789 1789 925 1834 Festus,

244 1837 302 1873 lib.
319 1852 350 1886 9.
365 1856 410 1863 —-
424 1840 550 1873 Notare
563 1842 654 1880 visu,
682 1845 722 1873 ut
738 1839 814 1882 XI,
842 1842 923 1884 714,

243 1897 361 1924 notare
369 1890 711 1933 oculis.—Ma1'‹1rero
721 1903 732 1934 ,·
751 1903 833 1924 nam
845 1903 925 1924 om—

243 1942 331 1975 nino
342 1953 487 1986 corpora
499 1941 661 1974 Deorum
675 1942 808 1986 majora
823 1949 923 1977 erant

241 1993 405 2027 humanis
433 2006 443 2034 ;
474 1992 553 2027 vide
579 2006 644 2027 nos
667 1993 708 2027 ad
736 1993 892 2028 Plinium
910 2020 919 2038 ,

240 2045 317 2080 Vll
334 2072 343 2088 ‚
368 2045 432 2090 Ep.
450 2056 554 2079 xxvn
570 2071 580 2088 ,
602 2060 631 2080 2.

284 2097 361 2131 666.
382 2099 541 2131 Proceres
557 2097 748 2142 Epidaurii.
764 2116 807 2124 ·—
821 2099 923 2133 Petite·

239 2152 336 2193 De1·;
362 2150 522 2195 postulati
549 2162 568 2184 a
591 2151 761 2185 Romanis
785 2151 920 2186 AEscu-

239 2202 329 2248 lapii.
339 2204 404 2237 Ed.
423 2220 467 2228 —
489 2204 655 2247 Operosa,
683 2216 811 2247 magno
828 2205 920 2238 arti-

239 2254 319 2289 ficio
333 2280 343 2297 ‚
360 2266 559 2299 magnoque
582 2253 698 2288 labore
724 2261 893 2289 exstructa
907 2281 916 2298 ,

241 2306 398 2351 adeoque
414 2313 449 2340 et
459 2305 640 2350 splendida
651 2313 686 2340 et
697 2307 808 2351 ampla
820 2307 917 2343 :vide

238 2357 282 2392 ad
294 2359 312 2393 I
326 2384 336 2401 ‚
353 2358 427 2392 258.
437 2375 481 2384 ·—-
492 2358 686 2392 Cale-stibus
695 2385 704 2399 ,
718 2357 851 2392 divinis.

281 2411 357 2459 669.
374 2412 508 2446 Aureus
529 2422 717 2445 commune
737 2410 916 2455 epitheton

236 2472 288 2499 est
304 2464 465 2499 omnium
482 2463 653 2498 Deorum.
673 2464 719 2498 Et
736 2463 917 2509 Epidaurii

237 2516 436 2561 AEsculapio
440 2515 539 2560 fulvi
548 2517 718 2560 serpentis
733 2522 837 2560 atque
853 2517 916 2550 in-

224 2569 330 2603 'noxii
349 2581 457 2614 genus
482 2567 701 2614 potissimum
727 2580 915 2603 consecra—

236 2627 336 2661 rant;
356 2619 544 2655 Pausanias
556 2645 566 2663 ,
585 2621 622 2656 II
637 2646 646 2663 ,
667 2620 718 2654 28.
735 2638 778 2646 —
790 2622 915 2655 Movit:

237 2671 360 2706 confer
369 2685 457 2706 vers.
472 2671 787 2708 635.—Pectoribus
795 2679 890 2708 tenus
900 2682 914 2714 ,⁰

234 2722 313 2758 vide
331 2722 371 2758 ad
389 2723 444 2759 III
459 2749 468 2768 ‚
487 2724 539 2767 43.

1034 1739 1110 1783 675.
1130 1741 1292 1784 Cognovit
1312 1743 1449 1775 numina
1468 1746 1591 1776 castos.
1614 1741 1669 1776 lta

990 1789 1116 1835 legitur
1127 1790 1163 1825 in
1176 1791 1292 1837 Regiis
1301 1792 1428 1827 nostris
1439 1806 1448 1834 ;
1458 1804 1606 1837 eamque
1619 1791 1670 1826 le-

988 1841 1143 1876 ctionem
1152 1843 1319 1877 Heinsius
1330 1856 1370 1877 ex
1380 1843 1562 1888 permultis
1573 1849 1666 1877 recte

989 1893 1157 1929 defendit.
1179 1893 1349 1930 Ciofauus
1367 1895 1528 1930 laudabat
1544 1908 1676 1939 cogno-

986 1947 1036 1978 vit
1059 1948 1196 1980 numina
1221 1954 1338 1981 castus
1360 1954 1425 1981 etc.
1452 1946 1513 1981 sed
1540 1959 1666 1991 parum

986 1996 1123 2041 placent
1139 1996 1210 2031 duo
1224 1998 1377 2042 epitheta
1390 2006 1507 2033 castus
1520 2006 1557 2033 et
1571 2003 1666 2034 euln-

985 2052 1069 2081 clus.
1083 2047 1390 2094 Cantabrigiensis,
1403 2049 1551 2084 Noricus
1561 2056 1597 2085 et
1605 2063 1666 2084 sex

985 2099 1041 2132 alii
1058 2112 1121 2144 pro
1138 2099 1271 2134 diversa
1285 2100 1432 2145 lectione
1450 2100 1535 2136 dant
1545 2114 1662 2136 numen

984 2153 1161 2193 Acastus,·
1177 2165 1268 2186 unus
1283 2152 1487 2187 Basileensis
1502 2153 1662 2187 Acastos.

985 2202 1050 2237 Ed.
1065 2221 1108 2229 -—-
1121 2205 1257 2238 Castum
1274 2204 1408 2250 pietatis
1424 2211 1459 2238 et
1474 2205 1662 2240 sanctitatis

982 2254 1166 2289 notionem
1187 2255 1310 2300 habet,
1330 2256 1484 2300 adeoque
1501 2256 1660 2301 inprimis

982 2307 1216 2343 sacerdotibus
1229 2309 1402 2343 tribuitur.
1414 2327 1458 2334 ·—-
1471 2310 1633 2343 Eot'nctus
1642 2335 1652 2351 ,

982 2366 1022 2393 ut
1036 2359 1127 2404 apud
1141 2360 1324 2406 Virgilium
1335 2387 1345 2405 ‚
1357 2356 1498 2394 AEneid.
1511 2360 1559 2402 V,
1569 2360 1634 2407 259
1647 2385 1657 2403 ,

982 2413 1056 2458 494.
1071 2430 1113 2436 -
1134 2411 1188 2446 De
1205 2415 1335 2447 albente
1347 2414 1556 2446 sacerdotum
1571 2415 1658 2446 vitta

981 2462 1060 2497 vide
1077 2463 1119 2497 ad
1137 2463 1211 2507 ΙΙΙ,
1230 2464 1303 2498 5ι6.
1314 2463 1441 2497 —Vat
1456 2463 1631 2498 Maximus
1646 2476 1655 2497 :

980 2516 1018 2548 Is
1027 2519 1162 2559 anguis,
1181 2528 1274 2560 quem
1282 2517 1464 2559 Epidauru·
1468 2528 1543 2549 raro
1552 2517 1565 2558 (
1573 2514 1656 2549 inde

980 2568 1091 2602 turbae
1103 2580 1210 2612 pavor
1221 2569 1232 2610 )
1245 2594 1254 2611 ,
1264 2569 1327 2601 sed
1331 2580 1496 2612 nunquam
1504 2570 1577 2601 sine
1583 2580 1656 2601 ma-

975 2633 1043 2664 gno
1057 2625 1200 2663 tpsorum
1212 2623 1297 2654 bono
1306 2624 1414 2654 mltum
1425 2619 1528 2663 (inde
1541 2633 1656 2655 sacer-

980 2671 1070 2707 dotis
1087 2673 1223 2707 animus
1243 2675 1256 2717 )
1274 2677 1310 2706 in
1325 2675 1457 2707 modum
1468 2674 1660 2716 AEsculap1'1‘

978 2728 1130 2760 venerati
1149 2731 1235 2760 sunt.
1255 2744 1298 2752 —
1315 2726 1454 2769 Linguis
1471 2727 1653 2769 animisque
