1820 3106
268 224 325 280 46

637 225 689 267 P.
730 223 966 268 OVIDII
997 221 1299 266 NASONIS

269 315 434 367 Oscula
456 314 561 363 dant
580 314 690 382 ipsi,
716 314 865 382 posito
886 313 991 362 dant
1014 312 1161 362 oscula
1182 312 1307 361 lecto.

267 395 376 443 Post
397 391 578 442 cinerem
591 430 603 451 ‚
626 392 788 440 cineres
809 391 990 440 haustos
1011 392 1067 440 ad
1089 403 1262 458 pectora
1283 401 1480 458 pressant

268 473 532 538 Adfusaeque
551 471 692 536 jacent
715 469 907 528 tumulo;
932 470 1186 535 signataque
1208 488 1308 518 saxa

268 551 454 599 Nomine
478 546 708 614 complexae
722 585 734 605 ‚
758 546 956 596 lacrimas
978 548 1024 595 in
1044 547 1219 596 nomine
1240 546 1439 595 fundunt.

1606 559 1671 603 540

268 629 393 691 Quas
414 625 689 673 Parthaoniae
712 625 884 673 tandem
905 625 1057 673 Letoia
1080 623 1197 672 clade

268 703 490 753 Exsatiata
512 703 693 760 domus,
718 713 872 769 praeter
897 702 1184 768 Gorgenque,
1207 718 1450 766 nurumque

267 779 442 830 Nobilis
461 779 703 837 Alcmenae,
725 779 839 828 natis
859 780 904 827 in
926 798 1106 847 corpore
1126 778 1280 846 pennis

270 857 452 907 Adlevat
469 877 478 915 ;
504 868 547 905 et
567 856 720 919 longas
742 875 820 924 per
839 857 1015 904 brachia
1036 855 1222 922 porrigit
1240 853 1355 910 alas;

269 936 523 1001 Corneaque
546 953 621 983 ora
643 933 772 992 facit;
797 952 1028 999 versasque
1050 952 1127 1000 per
1147 951 1244 980 aera
1266 931 1412 980 mittit.

1606 943 1671 988 ⁵45

331 1019 386 1065 V.
411 1020 581 1066 Interea
601 1017 798 1066 Theseus
817 1017 970 1064 sociati
990 1027 1112 1082 parte
1131 1014 1296 1062 laboris

268 1163 397 1196 feretro
419 1174 427 1196 ε
449 1161 556 1196 etiam
586 1173 694 1206 graece
722 1166 817 1202 κλίνη.
847 1160 939 1194 Vide

270 1213 556 1248 Kirchmannum
569 1213 611 1247 de
625 1213 805 1247 funeribus
815 1238 824 1256 ,
838 1213 874 1247 II
886 1238 895 1255 ,
908 1226 939 1259 9.

266 1283 310 1290 —
323 1266 450 1299 Oscula
466 1269 550 1309 ψεῖ,
570 1267 687 1298 oscula
697 1267 802 1307 lecto5
818 1264 865 1298 sic
877 1263 941 1298 dis-

266 1318 387 1363 tingue
405 1330 414 1352 :
439 1317 554 1352 oscula
576 1316 662 1350 dant
685 1319 774 1359 ψεί,
808 1315 843 1349 id
866 1322 939 1357 est,

268 1368 450 1414 Meleagro
475 1381 538 1402 seu
561 1367 719 1412 corpori,
747 1367 858 1411 posito
883 1379 940 1400 os-

266 1419 342 1454 cula
369 1419 454 1453 dant
473 1422 578 1462 lecto‚·
601 1425 640 1452 ut
659 1418 807 1452 alterum
825 1420 941 1451 oscula

266 1471 309 1504 ad
321 1483 464 1516 corpus,
480 1470 629 1505 alterum
645 1469 687 1504 ad
704 1469 833 1504 lectum
849 1469 941 1503 rese—-

265 1530 374 1557 ratur.
387 1524 455 1557 Ed.

248 1615 250 1619 Ι
310 1575 383 1609 538.
394 1575 478 1608 Post
485 1577 624 1608 cluerent
633 1600 641 1613 ‚
656 1581 839 1619 postquam
848 1585 940 1607 com-

265 1625 384 1660 bustus
401 1632 485 1660 erat.
504 1625 575 1660 Sed
591 1632 684 1660 amat
701 1625 848 1660 Ovidius
865 1625 940 1659 hu-

265 1679 417 1723 jusmodi
432 1679 656 1724 repetitiones
666 1705 675 1722 ,
687 1680 772 1712 Post
782 1681 920 1713 cinerem
928 1704 936 1718 ‚

264 1734 389 1765 cineres
405 1737 468 1765 etc.
478 1749 521 1757 —
532 1732 707 1770 pressant,
730 1729 851 1774 saepius
863 1742 939 1774 pre-

265 1790 378 1817 munt.
405 1783 565 1818 Imitatus
592 1789 643 1817 est
670 1782 775 1817 Silius
789 1809 798 1825 ,
825 1781 938 1823 VIII,

269 1850 282 1870 1
289 1850 332 1883 29
345 1848 353 1870 ι
375 1837 442 1871 Cui
451 1840 589 1870 cinerem
600 1838 722 1872 orbata
725 1841 884 1878 pressant
894 1835 945 1867 ad

258 1894 396 1931 pectora
405 1889 743 1927 matres.—Haustos‚
762 1886 921 1921 collectos
929 1913 938 1927 ‚

265 1947 305 1973 ut
326 1939 378 1973 IX
391 1965 400 1983 ,
419 1939 460 1973 35
474 1965 483 1982 ,
505 1941 645 1974 haustus
659 1941 783 1982 pulvis.
807 1938 941 1972 Similia

263 1991 416 2025 lamenta
433 1997 468 2025 et
485 1991 608 2025 eadem
623 1991 695 2025 sere
713 1991 818 2025 verba
836 1990 940 2024 habes

265 2043 357 2078 XIII
368 2069 377 2083 ,
396 2043 469 2086 424.
479 2042 696 2086 —Adsusae,·
712 2042 791 2076 vide
807 2041 849 2076 ad
863 2042 917 2078 III
929 2067 938 2084 ,

265 2094 340 2138 438.
353 2112 395 2119 —
411 2095 611 2142 Stgrnataque
623 2106 712 2128 saxa
725 2097 865 2127 nomine.
882 2093 941 2128 Sic

265 2147 396 2182 etertio
405 2146 566 2180 Leidensi
576 2153 611 2181 et
621 2146 729 2180 altero
736 2146 940 2181 Thuanide-

265 2198 316 2233 dit
331 2199 557 2234 Burmannus
570 2211 633 2243 pro
647 2201 842 2243 signataque
853 2211 940 2232 saxo

264 2254 399 2285 nomina
417 2252 429 2294 (
445 2249 539 2295 quod
560 2250 665 2284 etiam
684 2250 814 2284 habent
829 2250 939 2285 nostri

266 2302 412 2350 Regii),
430 2303 509 2348 quia
520 2316 639 2338 saxum
655 2303 810 2348 signatur
825 2303 940 2336 nomi-

265 2368 310 2389 ne
323 2381 332 2397 ‚
350 2367 422 2394 non
439 2367 535 2399 aeque
549 2361 641 2389 recte
659 2367 792 2388 nomen
806 2366 940 2388 saxo.—

266 2406 413 2440 Etiamsi
430 2406 555 2445 nostris
574 2405 760 2441 codicibus
778 2419 851 2440 non
869 2406 939 2440 sul-

266 2459 304 2502 ti,
319 2466 474 2492 attamen
488 2459 696 2493 Burmanno
707 2459 936 2501 adhaeremus,

266 2509 346 2554 quia
368 2510 438 2553 jam
458 2510 494 2543 in
515 2510 602 2544 libro
622 2511 658 2545 II
671 2536 680 2554 ,
701 2510 786 2553 325,
805 2513 942 2554 signant

263 2564 327 2596 boc
344 2567 488 2596 carmine
505 2576 624 2598 saxum
638 2574 649 2605 ‚⁶
672 2570 707 2598 et
722 2564 811 2599 infra
825 2590 834 2607 ,
854 2563 935 2607 XV,

268 2627 280 2647 ι
287 2613 330 2660 69
342 2639 351 2656 ,
365 2613 600 2657 nocisfragilis
612 2618 765 2659 szjgnatur
776 2618 937 2661 cerafigu-

265 2667 321 2699 ris.
339 2663 403 2698 Ed.
419 2683 462 2689 —
481 2666 626 2698 Fundere
645 2670 679 2700 1‘r1
698 2671 828 2701 nomine
845 2673 938 2701 recte

265 2715 330 2750 dici
348 2716 448 2751 docet
464 2717 697 2752 Burmannus.

1048 1161 1121 1204 541.
1140 1161 1341 1193 Parthaonis
1363 1157 1450 1192 filius*
1471 1157 1672 1192 OEneus.—--

1008 1215 1117 1257 Gorge
1126 1219 1290 1258 nupserat
1304 1211 1529 1246 Andraemoni
1539 1237 1548 1255 ‚
1561 1211 1672 1256 Deia-

1003 1267 1080 1300 nira
1096 1266 1240 1300 Herculi
1253 1293 1262 1309 ‚
1279 1274 1314 1301 et
1325 1266 1372 1300 sic
1383 1278 1480 1300 nurus
1490 1265 1671 1300 Alcmena.

1006 1319 1080 1353 Has
1096 1317 1180 1353 duas
1191 1318 1297 1352 etiam
1307 1318 1465 1366 Hyginus
1482 1324 1518 1352 et
1533 1317 1671 1352 Nican—

1005 1369 1068 1403 der
1097 1377 1316 1415 exceperunt.
1347 1369 1547 1409 Secundum
1577 1368 1672 1404 hunc

1005 1421 1141 1456 Baccho
1152 1421 1358 1466 deprecante
1370 1422 1410 1456 iis
1419 1428 1540 1456 natura
1550 1434 1610 1456 sua
1620 1434 1671 1456 re-

1003 1473 1092 1507 licta.
1108 1492 1153 1498 —
1170 1473 1335 1513 Adae-vat,
1360 1485 1434 1507 aves
1456 1485 1528 1507 esse
1546 1473 1646 1518 jussit
1662 1486 1670 1507 ε

1007 1523 1238 1568 Claudianus,
1265 1525 1303 1559 18
1316 1550 1326 1568 ‚
1350 1527 1413 1571 295
1425 1537 1433 1561 z
1446 1525 1569 1559 Eleoat
1583 1526 1672 1560 hanc

998 1581 1141 1622 plumis,
1166 1581 1315 1622 squamis
1329 1575 1546 1620 hancsabula
1563 1581 1671 1612 vestit.

1005 1629 1097 1663 Aves
1118 1629 1190 1663 illas
1208 1630 1335 1664 Noster
1353 1639 1472 1674 parum
1493 1629 1670 1673 perspicue

1004 1681 1147 1716 notavit.
1158 1680 1308 1726 Intelligi
1319 1693 1388 1724 eas,
1399 1692 1471 1725 quae
1483 1680 1587 1715 Linn.
1601 1680 1672 1715 Nu-

1004 1732 1108 1766 midae
1120 1732 1363 1778 Meleagrides,
1377 1731 1506 1767 Nostris
1515 1733 1672 1766 Perlhah-

1004 1798 1062 1819 ner
1074 1783 1256 1827 dicuntur,
1277 1783 1377 1819 docet
1404 1782 1603 1818 Schneider.
1628 1782 1670 1816 ad

1005 1836 1137 1871 AEliani
1148 1835 1280 1871 Histor.
1293 1835 1440 1869 Animal.
1451 1835 1518 1879 IV,
1530 1836 1582 1877 42.
1597 1833 1671 1869 Cae-

1005 1897 1121 1923 terum
1131 1888 1233 1922 variae
1246 1901 1301 1922 res
1311 1888 1421 1922 omnis
1432 1887 1537 1932 hujus
1549 1886 1672 1921 sabula

1007 1939 1036 1974 C
1041 1940 1209 1987 alydoniae
1221 1940 1256 1974 in
1267 1939 1417 1973 nummis
1424 1945 1460 1973 et
1468 1938 1539 1973 aliis
1547 1948 1671 1972 monu-

1005 1992 1132 2026 mentis
1154 2003 1317 2037 expressae
1335 1998 1415 2025 sunt
1433 2003 1453 2024 a
1474 1989 1670 2024 Veteribus.

1007 2043 1159 2088 Collegit
1175 2043 1231 2077 illa
1252 2042 1371 2076 omnia
1391 2043 1544 2087 Begerus
1566 2041 1604 2075 in
1626 2041 1669 2075 li-

1003 2097 1085 2138 bro,
1102 2097 1324 2139 Mela-agnum
1350 2100 1384 2129 et
1398 2095 1524 2129 AEtolia
1546 2107 1590 2128 ez·
1606 2107 1672 2129 nu-

1003 2151 1171 2188 mismate,
1192 2146 1351 2192 inspersis
1361 2146 1589 2181 marmoribus
1599 2145 1671 2191 qui-

1002 2198 1158 2234 busdam.

1046 2253 1211 2296 546-610.
1245 2253 1346 2297 Origo
1367 2254 1563 2292 :insulas-mn,
1588 2264 1671 2296 quas

1003 2306 1173 2339 Achelous
1178 2304 1313 2348 fecerat
1320 2331 1329 2346 ‚
1345 2306 1554 2339 Ecbt'aadum
1566 2310 1602 2337 et
1611 2303 1670 2336 Pe-

1002 2359 1140 2391 rl‘meles.
1166 2357 1218 2390 Ac
1237 2358 1429 2391 Echinades
1449 2354 1589 2400 quidem
1612 2354 1670 2388 in·-

1002 2409 1083 2442 sulae
1100 2421 1227 2454 asperae
1243 2415 1278 2443 et
1293 2407 1429 2442 incultae
1442 2433 1451 2450 ,
1466 2406 1560 2441 unde
1578 2413 1614 2441 et
1630 2407 1669 2440 iis

1002 2474 1133 2495 nomen
1145 2460 1296 2495 inditum
1306 2486 1315 2503 ,
1332 2472 1402 2494 non
1413 2459 1513 2503 longe
1525 2458 1669 2492 aberant

1003 2514 1044 2547 ab
1069 2513 1155 2547 ostio
1177 2512 1344 2546 Acheloi:
1363 2511 1486 2546 Strabo
1501 2536 1510 2553 ,
1533 2510 1590 2544 lib.
1613 2510 1645 2544 X
1658 2536 1666 2551 ,

1002 2579 1034 2610 p.
1050 2566 1114 2608 453
1129 2579 1137 2605 3
1155 2562 1374 2611 Thucydides
1387 2589 1396 2605 ,
1415 2563 1468 2605 11,
1486 2575 1518 2606 p.
1534 2575 1614 2608 171;
1633 2569 1667 2596 et

1003 2617 1044 2651 ab
1070 2616 1213 2651 Acheloi
1236 2614 1405 2649 alluvione
1432 2621 1521 2648 natoe
1544 2613 1665 2648 crede-

1002 2670 1153 2703 bantur:
1172 2667 1326 2710 Plinius,
1349 2666 1384 2699 ΙΙ
1396 2693 1405 2710 ,
1431 2667 1495 2706 853
1522 2665 1664 2712 Dionys.

1004 2720 1138 2765 Perieg.
1152 2732 1237 2754 vers.
1253 2718 1315 2764 433„
1331 2730 1401 2762 sqq.
1421 2717 1587 2759 Causam,
1606 2728 1666 2750 eur
