1820 3106
246 255 334 312 468

626 255 676 298 P.
711 254 950 300 OVIDII
981 254 1292 299 NASONIS

248 375 271 396 »
300 353 431 400 Ferre
448 389 460 410 ,
485 350 600 399 viri?
624 350 736 399 dixit
760 369 770 398 :
793 346 901 417 quid
923 345 1059 398 habet
1085 351 1299 417 Cytherea
1315 388 1326 410 ‚
1354 352 1480 418 quod
1501 351 1616 421 ultra

248 452 271 473 »
298 428 458 495 (Velle
478 423 618 495 puta)
638 427 801 476 faciat?
821 447 923 476 nam
947 428 1052 476 dum
1077 428 1226 494 pejora
1251 429 1483 487 timentur,

247 530 270 551 »
297 509 381 556 Est
402 506 448 554 in
469 518 572 554 vota
592 504 721 553 locus
741 524 751 553 z
772 524 868 554 sors
890 517 1035 553 autem
1058 505 1139 553 ubi
1160 505 1349 572 pessima
1373 525 1544 565 rerum,

247 608 270 628 »
301 584 396 632 Sub
421 583 611 649 pedibus
633 582 767 630 timor
783 594 871 640 est,
896 601 1133 648 securaque
1152 602 1320 631 summa
1338 580 1573 632 malorum:
1599 598 1664 644 49⁰

180 669 182 676 '
244 683 268 705 »
298 661 464 710 Audiat
483 658 604 726 ipsa,
628 659 752 717 licet;
778 659 905 716 licet,
930 671 982 706 ut
1007 659 1134 716 facit,
1159 659 1304 708 oderit
1324 679 1476 709 omnes

246 761 269 782 »
299 739 394 787 Sub
417 735 632 785 Diomede
655 736 801 794 viros3
823 735 974 783 odium
998 747 1141 783 tamen
1164 735 1283 784 illius
1300 756 1456 785 omnes

248 841 271 861 »
297 816 579 883 Spernimus‚
605 826 649 863 et
668 833 803 880 parvo
823 809 915 861 'stat
939 832 1094 875 magna
1117 813 1314 879 potentia
1332 811 1479 863 uobis.
1505 837 1530 859 »

240 894 427 943 Talibus
451 891 632 939 invitam
652 892 868 939 Venerem
891 889 1157 938 Pleuronius
1180 890 1353 939 Acmon

239 969 493 1021 Instimulat
516 968 662 1017 verbis
676 1004 688 1026 ‚
711 979 988 1033 veteremque
1012 967 1242 1015 resuscitat
1264 967 1383 1015 iram.

1596 981 1662 1029 49⁵

238 1049 370 1098 Dicta
391 1044 567 1113 placent
590 1044 741 1111 paucis
763 1064 772 1092 :
793 1044 965 1092 numeri
983 1043 1160 1109 majoris
1183 1044 1310 1092 amici

237 1128 436 1174 Acmona
459 1122 719 1189 corripimus
741 1140 751 1170 ι
772 1121 843 1170 cui
866 1121 1132 1187 respondere
1155 1122 1329 1188 paranti

234 1206 336 1252 Vox
358 1200 543 1268 pariter,
567 1199 780 1265 vocisque
803 1198 873 1247 via
897 1210 962 1247 est
984 1211 1183 1259 tenuata3
1210 1219 1433 1267 comaeque

235 1285 290 1331 In
312 1280 494 1348 plumas,
509 1278 700 1335 abeunt,
726 1275 888 1343 plumis
911 1297 1024 1325 nova
1049 1277 1162 1326 co‘lla
1190 1277 1425 1341 teguntur,

234 1361 531 1422 Pectoraque,
560 1366 603 1402 et
629 1366 801 1416 tergum
822 1372 833 1402 τ
853 1354 1038 1420 majores
1059 1355 1238 1404 brachia
1258 1375 1423 1422 pennas

234 1436 496 1502 Accipiunt,
521 1432 747 1498 cubitique
772 1431 885 1481 leves
911 1434 1142 1482 sinuantur
1164 1435 1209 1482 in
1232 1434 1350 1483 alas:

233 1517 399 1577 Magna
419 1511 584 1578 pedum
608 1509 770 1571 digitos
797 1529 898 1576 pars
924 1523 1135 1577 occupat3
1161 1531 1324 1578 oraque
1349 1532 1485 1562 cornu

231 1591 443 1640 Indurata
463 1589 634 1650 rigent,
660 1586 878 1653 finemque
900 1588 949 1635 in
971 1580 1169 1636 acumine
1187 1602 1374 1655 ponunt.

230 1670 362 1717 Hunc
386 1669 532 1733 Lycus
549 1704 560 1723 ‚
582 1665 703 1712 hunc
726 1665 827 1712 Idas
843 1702 854 1721 ‚
882 1676 926 1712 et
948 1683 1048 1713 cum
1071 1665 1324 1714 Rethenore
1348 1669 1565 1734 Nycteus,

229 1776 316 1813 nulli
340 1775 496 1811 scribunt
518 1775 672 1818 Agmom·
690 1772 752 1807 sed
773 1772 909 1807 Acmon

232 1841 385 1875 graecum
396 1833 447 1861 est
457 1838 590 1860 nomen
602 1832 640 1859 ut
652 1827 783 1871 Cycnus
791 1851 799 1863 ,
811 1825 911 1858 Proc-

228 1893 270 1915 ne
280 1886 344 1915 etc.
361 1878 605 1913 Ed.—-Acm0n
620 1876 712 1922 apud
722 1875 910 1922 Virgilium

230 1945 305 1967 non
320 1930 479 1966 occurrit.
489 1947 533 1955 -—
542 1929 667 1973 Asper,
681 1928 911 1962 exacerbatus.

277 1983 351 2030 489.
375 1984 418 2015 In
432 1988 512 2015 vota
524 2006 533 2024 ‚
551 1980 638 2015 votis
650 2006 661 2023 ,
687 1979 854 2024 precibus.
868 1997 912 2005 —

230 2038 296 2071 Sub
320 2037 463 2079 pedibus
485 2061 494 2075 ,
521 2034 630 2068 victus
655 2040 715 2067 est.
732 2051 776 2058 ·—
792 2033 911 2066 Secura

228 2102 358 2124 summa
373 2090 547 2126 malorum,
571 2086 681 2120 securi
698 2093 780 2119 sunt
798 2085 912 2119 homi-

231 2154 294 2176 nes
312 2139 355 2174 de
372 2151 512 2174 summo
528 2137 620 2170 malo
633 2163 643 2180 ‚
670 2149 752 2170 nonv
765 2136 911 2181 amplius

230 2194 358 2228 timent
382 2191 496 2236 majus
526 2189 659 2224 malum
682 2202 691 2232 ;
718 2187 766 2223 sic
794 2201 910 2223 secura

231 2253 312 2280 vota
329 2244 425 2286 XII,
448 2255 520 2290 ¹99·

271 2298 347 2345 493.
363 2298 411 2330 Et
416 2308 521 2339 parvo
532 2300 732 2337 statmagna
747 2301 810 2327 etc.
826 2292 910 2327 Uti-

230 2365 297 2397 que
315 2364 334 2385 e
349 2349 534 2384 duodecim
547 2348 644 2383 MSS
655 2346 907 2390 revocandum,

227 2411 262 2439 ct
279 2415 385 2447 parvo
402 2407 474 2436 stat
496 2407 593 2435 tanta
609 2402 760 2444 potentia
784 2401 905 2437 nobis,-

229 2468 354 2502 parum
372 2454 491 2488 damni
508 2452 609 2487 nobis
624 2451 738 2486 adfert
753 2449 908 2496 potentia

230 2507 381 2542 Veneris
402 2519 410 2546 ;
441 2505 520 2539 vide
546 2503 588 2538 ad
611 2504 667 2546 X,
696 2504 758 2547 547
781 2515 789 2536 z
813 2509 907 2536 recte

230 2558 398 2593 Heinsius
415 2556 462 2590 ait
478 2569 487 2590 ε
506 2556 571 2590 hoc
586 2555 661 2589 vult
675 2581 685 2597 ,
705 2554 813 2588 socios
828 2565 908 2587 suos

229 2610 423 2655 superiores
441 2621 512 2643 esse
530 2607 628 2641 omni
639 2606 788 2640 Veneris
798 2605 908 2640 insul-

228 2670 278 2697 tu.
294 2661 411 2705 Vulgo
424 2687 432 2703 ‚
462 2665 496 2693 el
521 2672 640 2703 magno
665 2663 737 2694 stat
759 2671 900 2702 magna,

228 2722 268 2749 ut
285 2714 321 2748 in
338 2712 513 2748 codicibus
529 2712 656 2757 Regiis.

272 2767 345 2813 494.
366 2766 504 2799 Talibus
519 2767 657 2800 iam'tam
677 2765 830 2800 Venerem
847 2774 907 2797 re-

974 1774 1065 1819 cepit
1081 1774 1282 1810 Heinsiuse
1302 1774 1437 1810 duobus
1450 1801 1460 1818 ,
1483 1788 1547 1821 pro
1567 1776 1652 1810 vul-

974 1833 1051 1870 gata
1076 1827 1214 1860 Talibus
1228 1830 1346 1862 iratam
1370 1829 1522 1862 Venerem
1533 1854 1542 1869 ,
1556 1828 1652 1873 quod

975 1877 1106 1912 habent
1121 1890 1243 1913 omnes
1260 1879 1356 1914 MSS
1373 1892 1382 1914 t
1400 1879 1467 1915 hoc
1482 1881 1653 1916 emenda-

975 1937 1052 1964 tum
1068 1930 1148 1975 quia
1167 1931 1324 1976 sequitur
1338 1935 1432 1966 iram.

1019 1983 1093 2028 497.
1109 1983 1322 2026 Respondete
1337 1986 1484 2026 paranti.
1502 1983 1652 2018 Plurimi

978 2034 991 2076 (
1008 2041 1042 2068 et
1064 2034 1163 2080 Regii
1188 2035 1320 2070 codices
1338 2037 1351 2079 )
1375 2039 1567 2080 respondere
1580 2051 1650 2072 vo·-

973 2088 1065 2120 lenti.
1081 2104 1124 2112 —·
1148 2088 1222 2121 Vox
1233 2091 1376 2130 pariter,
1409 2092 1565 2134 vocaequue
1584 2096 1651 2124 etc.

978 2137 1146 2182 Virgilius
1158 2164 1167 2181 ,
1179 2151 1226 2173 vs.
1237 2152 1299 2183 272
1310 2165 1319 2183 ,
1333 2139 1485 2174 breviter
1499 2153 1507 2175 :
1525 2155 1542 2171 «
1555 2140 1650 2176 Socii

976 2201 994 2217 »
1007 2187 1120 2222 amissi
1145 2188 1323 2232 petierunt
1343 2189 1472 2224 aethera
1495 2191 1618 2236 pennis
1636 2217 1646 2234 ‚

977 2253 994 2269 »
1007 2238 1294 2286 Fluminibus-sque
1301 2242 1650 2286 vaganturaves,heu

976 2305 993 2321 »
1010 2291 1084 2326 dira
1101 2304 1263 2326 meorum
1288 2292 1462 2338 Supplicia
1479 2293 1488 2327 !
1512 2301 1548 2329 et
1564 2307 1649 2329 sco—

975 2358 993 2374 »
1008 2343 1311 2391 puloslacrymosis
1317 2345 1616 2391 vocibusimplent.
1629 2360 1649 2378 »
1679 2345 1681 2347 ’

975 2395 1070 2429 Cum
1089 2403 1209 2432 nostro
1232 2395 1308 2431 loco
1331 2396 1454 2431 confer
1477 2397 1512 2432 ΙΙ
1528 2423 1539 2441 ,
1558 2398 1622 2443 373
1633 2424 1644 2441 ,

973 2448 1032 2482 ubi
1049 2454 1084 2482 et
1099 2461 1168 2482 vox
1183 2453 1328 2483 tenuata.

1017 2503 1091 2535 501.
1108 2502 1243 2535 St'nuari
1258 2501 1422 2546 exquisite
1445 2500 1488 2536 de
1513 2501 1647 2536 alarum
1676 2502 1681 2505 “

972 2560 1165 2586 curvatura.
1175 2569 1219 2579 -
1230 2554 1338 2588 Cornu
1349 2555 1504 2588 indurata
1516 2557 1624 2598 rigent
1632 2581 1642 2595 ,

972 2605 1063 2639 fiunt
1078 2618 1214 2639 cornea.
1228 2605 1298 2640 Sed
1314 2606 1428 2650 posuit
1439 2605 1509 2639 duo
1520 2607 1641 2650 verba,

972 2657 1095 2702 qui-bus
1110 2664 1235 2691 natura
1250 2670 1360 2692 cornu
1377 2657 1644 2702 exprimitur.—

971 2711 1085 2744 Finam
1097 2712 1134 2743 1'11
1146 2713 1297 2745 acumine
1303 2715 1434 2755 ponunt
1446 2735 1457 2753 ,
1481 2708 1644 2745 desinunt

971 2760 1007 2796 in
1026 2774 1182 2796 acumen.
