1820 3106
284 258 1016 315 METAMORPHOSEON
1043 259 1181 303 LIB.
1222 259 1373 305 XIV.

1469 257 1554 315 441

125 357 370 416 Contudit,
396 367 441 405 et
462 355 587 418 rugis
609 354 828 421 peraravit
851 353 1045 403 anilibus
1069 373 1173 403 ora:

121 440 329 504 Totaque¹
349 433 518 484 velatos
539 432 715 482 flaventi
741 450 931 499 corpora
953 431 1060 480 villo

124 512 255 568 Misit
274 516 324 564 in
347 515 428 563 has
451 511 578 562 sedes
599 531 608 560 :
633 531 714 560 nec
738 530 832 559 non
855 512 982 579 prius
1005 510 1194 560 abstulit
1215 530 1346 560 usum

123 595 400 651 Verborum,
427 602 471 640 et
491 604 604 639 natae
627 590 723 639 dira
742 589 792 638 in
815 590 1011 656 perjuria
1033 589 1196 652 linguae
1218 610 1229 649 ;

123 675 263 723 Posse
286 671 414 740 queri
436 681 609 719 tantum
634 687 769 718 rauco
795 667 985 717 stridore
1009 667 1236 735 relinquit.

1503 692 1565 715 100

186 754 282 802 Has
303 751 384 801 ubi
406 748 618 817 praeteriit
631 785 643 806 ‚
669 760 714 796 et
735 746 1060 814 Parthenopeia
1084 747 1238 798 dextra

119 830 290 881 Moenia
314 827 534 886 deseruit,
561 826 668 875 laeva
693 826 746 874 de
765 838 890 893 parte
915 827 1067 876 canori
1247 827 1251 832 ”

120 906 310 958 AEolidae
335 905 580 964 tumulum,
607 917 651 953 et
672 904 769 952 loca
795 904 1182 973 feta,palustribus
1205 904 1321 954 ulvis
1347 951 1354 961 ,

121 985 278 1035 Litora
301 985 543 1033 Cumarum
557 1019 569 1040 ‚
596 982 846 1049 vivacisque
870 995 995 1032 antra
1017 982 1198 1051 Sibyllae

122 1065 291 1122 Intrat;
318 1074 388 1122 et,
413 1074 466 1111 ut
486 1079 638 1110 manes
663 1060 789 1109 adeat
811 1080 891 1129 per
911 1062 1088 1111 Averna
1110 1073 1320 1128 paternos
1334 1098 1346 1119 ‚

126 1174 270 1222 quidem
289 1173 450 1209 Salmasii
462 1172 510 1208 ad
523 1172 635 1208 Solin.
652 1185 728 1218 pag.
744 1172 788 1207 68
799 1199 809 1216 ,

121 1230 263 1262 resimas
279 1254 287 1267 ‚
318 1227 490 1271 ἀναίσιμος,
517 1238 589 1271 quo
612 1232 648 1260 et
671 1224 809 1269 Varro,

126 1279 325 1316 Columella
351 1286 387 1314 et
414 1277 472 1313 alii
498 1278 550 1313 usi
580 1284 664 1313 sunt
692 1289 701 1319 ς
730 1277 809 1312 vide

124 1333 327 1369 Heinsium.
339 1332 394 1367 Ita
406 1324 559 1366 cantudt‘t
565 1333 708 1365 resimas
721 1329 788 1365 erit
799 1357 808 1374 ‚

123 1384 307 1428 contudit,
331 1391 372 1419 ut
397 1390 513 1419 essent
535 1384 673 1419 resima:
689 1409 699 1427 ‚
728 1392 764 1420 et
785 1396 810 1418 a

114 1437 254 1482 fronte,
279 1436 344 1471 sub
364 1436 496 1471 fronte.
522 1435 640 1470 Miror
665 1443 782 1471 tamen
799 1461 809 1479 ‚

124 1490 161 1525 in
179 1489 284 1525 nullis
307 1489 404 1525 MSS
422 1493 456 1526 τὸ
471 1492 631 1531 resimas,
656 1496 717 1524 aut
734 1489 810 1524 sal-

125 1549 198 1578 tem
224 1542 410 1588 vestigium
436 1541 541 1587 huius
561 1542 638 1577 lect.
655 1549 808 1585 restare;

124 1607 210 1630 nam
231 1594 389 1641 plerique
407 1593 574 1629 exhibent
591 1619 601 1638 ‚
628 1597 810 1629 remissas:

124 1649 251 1696 pauci,
276 1651 426 1683 revulsas
439 1675 447 1689 ‚
476 1655 537 1683 aut
561 1654 701 1683 retus-as.
726 1648 810 1682 Jam

122 1700 216 1747 vulg.
225 1705 386 1736 remissas
395 1713 539 1736 sensum
555 1699 643 1734 mihi
657 1699 809 1734 sundere

124 1753 265 1790 videtur
282 1752 364 1788 satis
380 1753 518 1788 bonum
533 1765 541 1788 :
558 1754 671 1789 Nares
687 1753 813 1787 homi—

125 1818 215 1841 num
228 1805 389 1840 elatiores
406 1813 441 1840 et
456 1818 539 1840 cum
551 1805 671 1840 fronte
683 1818 813 1840 coeun-

127 1865 178 1893 tes
196 1871 217 1893 a
230 1857 351 1892 fronte
372 1857 508 1892 remisit
527 1865 562 1892 et
583 1857 754 1892 contudit.
768 1875 814 1884 —

127 1911 230 1958 Regii
255 1910 390 1946 codices
411 1910 544 1946 habent
565 1911 752 1957 vulgatam.
769 1930 814 1938 —

130 1963 309 2009 Exquisite
318 1967 494 2008 peraravit
515 1965 528 2008 (
540 1971 579 1998 ut
593 1964 628 2000 ll
639 1965 717 1999 Art.
730 1965 811 2000 Am.

128 2017 215 2059 218;
237 2016 364 2051 Horat.
381 2015 496 2062 Epod.
509 2015 623 2060 VIII,
642 2018 712 2062 3),
731 2017 813 2063 quia

128 2081 225 2115 rugae
243 2068 351 2103 veluti
370 2068 455 2104 sulci
473 2076 565 2104 sunt.
591 2069 688 2105 Hinc
708 2083 813 2117 supra

129 2122 186 2158 III
204 2148 214 2165 ,
237 2121 300 2167 276
318 2147 327 2165 ,
351 2122 503 2158 sulcavit
522 2129 629 2156 cutem
650 2126 753 2168 rugis.
769 2143 814 2150 —

129 2174 234 2208 Posse
248 2176 354 2218 queri,
376 2180 416 2208 ut
421 2186 522 2218 posse
533 2174 674 2219 loquilI
684 2201 694 2219 ,
715 2175 791 2219 483.

178 2239 251 2261 ιοι.
276 2227 520 2270 Parthenopeia
540 2230 683 2267 mania,
711 2228 813 2263 Nea-

130 2277 217 2324 polis
226 2305 235 2322 ,
253 2277 295 2312 ab
308 2290 377 2312 una
389 2277 556 2312 Sirenum
567 2279 615 2314 sic
628 2278 738 2323 dicta3
753 2279 815 2315 Sil.

131 2330 225 2374 XII,
238 2331 483 2365 32.—AEolidae
497 2333 662 2372 tumulus,
680 2331 715 2367 h.
731 2346 816 2378 pro-

129 2384 350 2420 montorium
363 2411 373 2428 ,
390 2383 485 2429 quod
501 2383 604 2430 paulo
618 2391 695 2430 post
709 2398 728 2420 a
741 2385 818 2420 Mi-

131 2449 239 2480 seno,
260 2436 356 2471 AEoli
379 2435 451 2471 filio
464 2462 474 2480 ‚
501 2436 654 2471 tubicine
680 2437 792 2472 classis
805 2464 815 2481 ,

135 2501 269 2523 nomen
287 2489 419 2535 accepit
437 2503 446 2531 ς
470 2488 619 2536 Dionys.
640 2488 753 2525 Halic.
775 2490 792 2524 1
806 2516 815 2533 ,

136 2542 189 2578 53.
199 2541 331 2577 AEneas
342 2542 439 2577 enim
454 2542 548 2577 infra
558 2542 691 2578 Cumas
701 2556 820 2589 egres-

135 2607 193 2629 sus
220 2594 338 2629 statim
366 2602 510 2630 antrum
535 2594 675 2642 Sibyttae
700 2595 819 2631 intrat.

137 2649 188 2684 Ibi
206 2660 317 2694 quum
337 2661 545 2694 responsum
563 2649 716 2692 tulisset,
738 2657 820 2685 ante

134 2700 364 2736 condendum
378 2714 451 2736 esse
467 2714 594 2747 corpus
611 2701 713 2736 amici
726 2702 822 2738 inse-

135 2752 273 2799 pultum
291 2779 301 2797 ,
331 2766 437 2799 quam
468 2753 606 2789 oracula
636 2754 794 2789 consulat
809 2781 819 2799 ‚

135 2806 275 2843 rediens
300 2807 342 2842 ad
359 2807 440 2843 litus
463 2807 595 2853 reperit
615 2808 797 2844 Misenum
811 2835 821 2854 ,

1505 1074 1564 1107 105

878 1186 897 1207 a
914 1173 1063 1207 Tritone
1075 1199 1086 1216 ‚
1107 1184 1262 1218 quocum
1277 1178 1382 1206 cantu
1399 1178 1565 1206 certave-

876 1233 953 1271 rat,
971 1227 1214 1262 interemtum.
1232 1226 1329 1261 Tum
1346 1239 1472 1272 corpus
1489 1226 1565 1271 ejus

875 1279 1071 1323 comburit,
1085 1279 1318 1325 reliquiasque
1329 1279 1394 1313 sub
1406 1279 1566 1324 proximo

877 1339 998 1367 monte
1023 1331 1169 1377 sepelit;
1199 1331 1284 1367 AEn.
1307 1332 1362 1367 VI
1377 1357 1386 1375 ,
1413 1332 1474 1366 163
1491 1345 1565 1377 sqq.

877 1385 922 1420 In
938 1383 997 1418 illo
1010 1383 1108 1419 litore
1124 1383 1299 1428 speluncae
1311 1389 1432 1427 erant,
1448 1382 1566 1418 fontes

875 1435 975 1471 calidi
989 1462 998 1479 ‚
1013 1434 1086 1471 loca
1099 1434 1234 1470 sulfure
1247 1434 1424 1469 fumantia
1437 1461 1446 1478 ,
1458 1434 1566 1480 palu·-

875 1487 937 1523 des
953 1487 1167 1534 ferrugineis
1189 1487 1285 1533 aquis
1306 1494 1340 1522 et
1361 1486 1448 1522 ulvis
1465 1486 1566 1522 obsi—

875 1548 920 1576 1ae
933 1567 942 1585 ,
967 1541 1050 1576 hinc
1066 1545 1144 1576 loca
1148 1542 1230 1586 feta
1241 1543 1452 1586 palustribus
1468 1543 1564 1577 alass.

878 1594 1022 1641 (Vulgo
1032 1621 1041 1639 ,
1061 1602 1097 1629 et
1108 1595 1144 1629 in
1160 1593 1338 1629 codicibus
1352 1594 1566 1639 Regiis,pa-

875 1649 1036 1682 lustr-ibus
1051 1648 1151 1681 undis
1168 1660 1178 1680 ,’
1196 1649 1284 1680 ulvis
1308 1652 1359 1680 est
1382 1658 1423 1680 ex
1448 1645 1565 1691 primo

876 1699 1036 1734 Gronov.
1056 1699 1188 1734 Norico
1200 1725 1210 1742 ,
1229 1699 1403 1743 Bernegg.
1421 1710 1486 1744 pro
1503 1697 1566 1732 di-

876 1765 975 1786 versa
996 1751 1146 1786 lectione
1160 1778 1170 1795 ,
1193 1751 1379 1786 Bersman.
1402 1756 1438 1784 et
1455 1749 1567 1784 tribus

878 1804 968 1845 aliis3
982 1803 1052 1838 duo
1061 1805 1248 1848 paladibus
1259 1805 1336 1837 udis
1348 1802 1373 1845 ).
1389 1801 1443 1836 Ibi
1457 1801 1565 1837 etiam

876 1863 1009 1890 antrum
1026 1856 1182 1891 immane
1197 1882 1206 1899 ,
1225 1862 1401 1890 secretum
1416 1854 1565 1889 horren—

878 1908 966 1943 dum
991 1906 1132 1956 Sibyllae
1150 1933 1160 1952 ,
1192 1907 1292 1952 cujus
1319 1919 1484 1952 responsa
1502 1933 1512 1950 ,
1545 1920 1564 1941 a

879 1960 1016 1999 Phoebo
1032 1960 1199 2007 inspirata
1212 1986 1221 2004 ‚
1242 1973 1306 2006 per
1322 1967 1466 1995 centum
1480 1960 1567 1994 ostia

879 2011 972 2048 antri
989 2011 1208 2048 remeabant.
1217 2012 1301 2047 AEn.
1316 2013 1369 2047 VI
1377 2038 1387 2056 ‚
1400 2026 1446 2047 vs.
1459 2012 1511 2056 43.
1523 2031 1568 2038 —-

878 2067 1041 2113 Sibyllam
1063 2064 1136 2100 adit
1160 2065 1292 2100 AEneas
1314 2065 1399 2100 olim
1423 2065 1465 2100 ab
1482 2066 1567 2100 He·-

878 2119 960 2154 leno
976 2118 994 2165 (
1014 2118 1100 2153 AEn.
1119 2118 1175 2153 III
1191 2144 1200 2162 ,
1220 2119 1358 2165 441—59
1377 2116 1393 2163 )
1412 2145 1422 2162 ,
1448 2125 1568 2163 postea

879 2171 922 2206 ab
933 2171 1086 2206 Anchisa
1098 2177 1195 2217 patre
1211 2170 1247 2205 in
1265 2170 1399 2206 somnis
1411 2170 1567 2206 monitus

881 2226 956 2270 (V,
970 2226 1102 2271 731-37
1114 2226 1129 2270 )
1141 2251 1150 2269 ,
1169 2231 1208 2260 ut
1223 2238 1264 2260 ea
1276 2224 1413 2260 ducein
1427 2239 1569 2271 campos

881 2277 1017 2325 Elysios
1036 2277 1247 2321 descendat,
1269 2277 1410 2324 fataque
1430 2278 1567 2312 instan-

880 2332 928 2366 tia
959 2338 1155 2378 cognoscat.
1182 2331 1331 2366 Fundus
1360 2331 1488 2367 fabulae
1517 2339 1570 2368 est

880 2385 963 2421 hic:
986 2385 1117 2420 AEneas
1144 2393 1336 2430 antequam
1361 2399 1403 2420 ex
1426 2385 1568 2420 Troade

881 2437 1077 2473 discederet
1091 2464 1100 2482 ,
1126 2437 1260 2473 adierat
1277 2438 1445 2485 Sibyllam
1468 2437 1568 2486 Ery-

883 2491 1050 2535 thraeam,
1068 2491 1102 2526 h.
1125 2499 1240 2527 vatem
1263 2491 1452 2537 quamdam
1470 2492 1569 2540 Ery-

883 2545 970 2579 thris
989 2545 1026 2579 in
1042 2544 1203 2586 AEolide;
1229 2545 1376 2593 Dionys.
1395 2545 1509 2581 Halic.
1528 2547 1545 2582 I
1559 2573 1570 2591 ‚

886 2601 938 2633 55.
958 2599 1041 2633 Jam
1067 2611 1178 2643 quum
1199 2597 1327 2634 Cumae
1350 2598 1388 2633 in
1410 2598 1510 2635 ltalia
1530 2613 1572 2634 ex

888 2649 1004 2686 Cuma
1037 2649 1186 2686 AEolidis
1224 2651 1367 2687 colonos
1403 2652 1572 2698 accepisse

884 2704 1117 2740 crederentur
1134 2731 1144 2749 ,
1171 2704 1207 2739 in
1239 2704 1340 2741 Italia
1359 2712 1478 2741 autem
1496 2719 1570 2741 non

885 2756 1004 2791 minus
1025 2755 1165 2805 Sibyllae
1187 2756 1331 2803 alicujus
1358 2758 1478 2804 priscae
1493 2771 1573 2792 me-

885 2810 998 2846 moria
1011 2810 1301 2847 circumferretur
1312 2838 1321 2856 ,
1338 2810 1503 2848 Cumana
1517 2811 1571 2847 illa
