1820 3106
350 176 1038 225 METAMORPHOSEON
1074 178 1203 222 LIB.
1242 180 1335 223 IX.
1507 198 1564 241 79

136 273 346 340 Spectat;
372 284 416 321 et
436 289 625 321 accensae
648 290 743 319 non
767 270 945 319 sortiter
965 270 1153 338 imperat
1174 271 1248 319 irae
1262 308 1274 329 ‚

132 351 368 418 Verbaque
392 360 459 397 tot
481 347 628 397 reddit
651 368 662 396 ε
692 371 715 392 «
741 348 909 398 Melior
930 348 1041 397 mihi
1066 348 1244 398 dextera
1266 347 1419 411 lingua
1438 369 1448 397 :

141 451 165 473 »
188 426 445 477 Dummodo
468 425 712 494 pugnando
732 445 958 494 superem,
980 438 1030 474 tu
1048 425 1172 475 vince
1193 424 1433 493 loquendo.
1463 448 1485 470 n
1524 442 1566 475 30

139 503 523 570 Congrediturque
545 503 668 552 ferox
690 524 699 552 :
721 503 886 570 puduit
910 503 1045 552 modo
1068 522 1226 567 magna
1252 502 1453 552 locutum

137 581 334 631 Cedere‘:
357 580 487 647 rejeci
504 580 690 630 viridem
718 581 771 630 de
794 600 981 648 corpore
1002 594 1165 631 vestem
1182 619 1194 640 ‚

134 659 411 726 Brachiaque
435 659 655 727 opposui,
680 659 890 726 tenuique
915 678 940 707 a
962 670 1143 725 pectore
1163 678 1286 708 varas

134 739 190 786 In
210 737 402 786 statione
425 755 583 785 manus
602 755 613 794 3
637 747 682 784 et
703 755 865 803 pugnae
887 736 1086 785 membra
1110 736 1270 804 paravi.

133 813 215 867 Ille
237 814 352 864 cavis
374 813 537 862 hausto
557 814 728 880 spargit
746 833 815 862 me
837 813 1018 880 pulvere
1042 813 1200 881 palmis
1218 852 1229 874 ,
1522 830 1566 863 35

132 931 308 978 imperare
322 929 522 965 adfectibus.
535 929 611 974 Qui
624 929 659 963 id
670 940 744 964 non
756 942 816 976 po-

133 991 201 1020 test
213 1011 223 1029 ,
241 988 403 1028 impotens
419 983 485 1019 dici
490 991 557 1018 tur.
565 1002 609 1009 —-
618 985 744 1018 Melior
751 987 817 1018 mi-

133 1039 176 1072 hi
187 1044 254 1072 etc;
275 1035 331 1072 Cs.
346 1036 440 1071 XIII
452 1062 462 1081 ,
479 1049 511 1083 9.
529 1036 593 1071 Est
609 1048 727 1071 sermo
741 1036 816 1070 ho-

132 1089 239 1125 minis
266 1088 422 1135 corporis
446 1088 574 1123 robore
594 1114 604 1132 ,
629 1100 704 1123 non
730 1089 818 1123 item

131 1143 279 1189 ingenio
295 1141 440 1177 valentis
455 1168 465 1186 ‚
492 1154 560 1176 nec
579 1141 729 1176 crimina
752 1154 819 1176 re—

133 1196 264 1242 pellere
275 1196 489 1232 sustinentis.
505 1195 552 1230 Et
562 1194 726 1230 Herculis
736 1202 820 1229 aeta-

135 1257 170 1285 te
186 1250 275 1285 nihil
292 1249 474 1296 gloriosius
500 1248 656 1294 corporis
681 1248 819 1282 robore.

135 1304 278 1345 Melior,
303 1302 479 1338 valentior
495 1308 531 1337 et
552 1300 781 1337 exercitatior.

180 1356 235 1391 31.
265 1357 545 1401 Congreditu'rque
559 1361 624 1389 ete.
640 1354 723 1389 Non
741 1366 821 1388 cre-

135 1407 240 1443 dibile
263 1414 315 1443 est
328 1433 338 1452 ‚
367 1420 427 1442 eos
441 1407 480 1442 in
497 1407 571 1453 ipso
593 1406 705 1441 OEnei
724 1419 818 1441 con—

134 1460 223 1495 clavi
235 1472 438 1507 congressos
449 1471 522 1494 esse
533 1483 547 1501 r
557 1471 673 1504 neque
689 1458 757 1493 hoc
765 1471 820 1494 se-

135 1511 279 1557 quentia
294 1511 439 1547 credere
458 1511 603 1552 sinunt;
626 1510 688 1546 sed
707 1523 818 1556 quum

132 1563 182 1599 ibi
208 1563 298 1600 alter
331 1563 483 1599 alterum
518 1570 741 1609 provocasset
774 1562 817 1597 ad

132 1624 314 1654 certamen
324 1644 334 1662 ,
356 1617 541 1664 elegerunt
556 1623 652 1653 extra
668 1617 817 1652 domum

132 1682 251 1705 aream
263 1670 503 1706 colluctationi
515 1671 811 1716 aptam.—Fero.2·,

131 1722 297 1772 iratus.—
305 1723 438 1767 Magna
445 1725 552 1768 loqui,
561 1722 711 1768 gloriari.
724 1721 817 1757 Vide

133 1773 177 1808 ad
193 1775 210 1810 I
220 1800 230 1818 ,
249 1777 323 1822 751.
337 1775 431 1810 Alibi
441 1777 624 1821 magnifica
635 1777 759 1815 dicere,
778 1781 819 1809 ut

134 1825 250 1862 Tibul.
265 1827 300 1870 1,
315 1826 514 1873 Eleg.v,6;
531 1827 650 1870 11,v1,
668 1840 718 1860 ιι.
730 1825 820 1860 Glo-

133 1880 306 1916 riantibus
321 1880 527 1916 tribuuntur
543 1886 579 1915 et
595 1892 720 1924 magna
734 1887 819 1914 ver—

134 1935 198 1975 ba,
222 1933 438 1979 Senec.·Ep.
456 1934 497 1968 82
518 1947 526 1975 3
560 1939 597 1967 et
611 1945 736 1977 magna
750 1935 819 1966 lire-

131 1999 220 2032 μα,
250 1987 377 2022 Horat.
397 1986 451 2022 IV
464 2013 474 2030 ,
502 1985 574 2022 Od.
592 1997 650 2030 vx,
669 1999 683 2021 1
704 2001 713 2028 ;
741 1985 819 2021 So—

135 2038 250 2084 phod.
274 2039 395 2086 Antig.
421 2041 503 2083 108,
527 2040 662 2085 μεγάλης
678 2041 820 2084 γλώσσης

136 2094 255 2138 κὸμιτοι.
275 2092 509 2130 Contrarium
529 2100 580 2128 est
596 2119 605 2138 ,
623 2095 735 2137 perbis
753 2096 820 2127 mi—

136 2147 274 2180 noribus
291 2148 360 2187 uli,
380 2144 434 2180 vl
446 2172 456 2188 ‚
480 2147 553 2180 151.

181 2197 235 2232 32.
245 2197 407 2242 Beli-cet...
418 2202 543 2232 vestem
554 2224 563 2237 ‚
585 2204 650 2233 etc.
665 2198 771 2233 Parat
781 2210 818 2232 se

137 2262 275 2296 pugnae.
297 2251 445 2286 Viridem
461 2255 586 2284 vestem
601 2250 732 2285 Fluviis
749 2250 820 2285 tri-

134 2302 291 2337 buebant
307 2308 439 2348 poetae,
454 2301 535 2346 quia
549 2301 636 2348 ripae
651 2301 819 2338 viridibus

133 2354 252 2391 herbis
270 2354 422 2390 consitae.
448 2353 574 2398 Rejeci
587 2381 596 2394 ‚
625 2354 754 2389 scilicet
780 2355 818 2389 in

134 2414 276 2454 tergum
289 2433 298 2451 ‚
318 2419 390 2452 quo
405 2419 510 2441 sensu
529 2405 670 2451 proprie
683 2407 820 2450 rejicere

136 2457 274 2494 dicitur.
306 2457 346 2493 ld
365 2464 485 2492 autem
502 2457 615 2491 sacere
638 2457 816 2501 solebant,

138 2510 198 2557 qui
213 2523 249 2546 se
266 2510 310 2546 ad
326 2523 480 2557 pugnam
498 2510 668 2556 parabant
684 2523 692 2551 ;
720 2509 819 2545 Sue-

138 2563 257 2598 tonius
268 2589 278 2607 ,
293 2564 331 2598 in
348 2563 509 2610 Augusto
521 2589 530 2606 ,
548 2563 610 2603 26;
628 2561 817 2606 Phaedrus,

139 2618 190 2660 V,
206 2617 272 2651 sab.
288 2627 319 2650 11
331 2643 340 2660 ‚
365 2617 385 2651 3
399 2631 407 2659 ;
434 2617 519 2662 item
537 2615 580 2650 ad
595 2614 791 2661 pugilatum
809 2629 818 2658 ;

139 2668 328 2715 Virgilius,
347 2668 430 2704 AEn.
444 2670 490 2712 V,
503 2670 544 2713 42
553 2683 564 2703 ι
583 2681 591 2703 z
604 2668 796 2712 Hoecsatus
807 2695 816 2710 ,

139 2722 302 2764 duplicem
316 2733 358 2754 et
367 2722 511 2756 humeris
522 2720 640 2765 rejecit
650 2723 819 2756 amictum.

881 930 954 966 Sed
980 930 1045 966 hoc
1070 930 1147 966 loco
1163 932 1254 966 forte
1273 943 1338 976 pro
1353 930 1481 976 dejeci,
1502 932 1569 967 nisi

880 984 929 1018 ita
952 983 1019 1029 legi
1050 984 1161 1019 malis.
1194 983 1307 1019 Graeci
1338 984 1570 1019 instituebant

881 1037 1010 1072 luctam
1031 1045 1112 1073 ante
1130 1038 1333 1073 Acanthum
1353 1037 1567 1080 Lacedaem„

883 1090 944 1135 qui
962 1089 1045 1124 vixit
1063 1089 1267 1137 Olympiad.
1290 1089 1384 1133 XV
1402 1065 1570 1125 succincti

886 1141 958 1185 (sic
969 1126 1081 1176 etiam
1097 1140 1189 1186 apud
1207 1115 1567 1185 Homeruin,ll.²1‘‚

887 1191 976 1239 7ιο)
1001 1200 1120 1239 postea
1143 1193 1253 1236 nudi;
1282 1187 1364 1228 vid!
1376 1193 1569 1241 Dionysius

886 1246 998 1281 Halic.
1020 1246 1142 1292 Antiq.
1162 1221 1267 1281 Boni.
1285 1247 1359 1281 vll
1377 1273 1388 1291 ‚
1413 1259 1487 1292 cap.
1505 1260 1568 1293 7²³

883 1299 1054 1334 habemus
1066 1305 1184 1334 autem
1197 1298 1255 1333 hic
1264 1298 1380 1333 locum
1388 1299 1567 1334 classicum

884 1351 927 1386 de
941 1351 1032 1386 lucta
1043 1378 1052 1396 ,
1066 1351 1306 1396 antiquissima
1319 1351 1482 1385 omnium
1493 1365 1570 1386 cer—

883 1404 1058 1438 taminum
1072 1430 1081 1447 ,
1102 1405 1116 1449 (
1129 1403 1306 1439 Plutarch.
1321 1403 1485 1451 SympOs.
1503 1404 1541 1438 II
1557 1429 1567 1447 ‚

883 1455 922 1503 4)
933 1470 1002 1502 qua
1011 1457 1172 1503 inprimis
1188 1456 1374 1492 excellebat
1385 1457 1569 1492 Hercules.

882 1510 1013 1545 Noster
1022 1510 1176 1556 singulos
1186 1515 1303 1544 motus
1314 1509 1360 1544 ita
1373 1509 1568 1554 descripsit,

882 1569 923 1597 ut
939 1575 994 1597 res
1017 1563 1172 1607 subjecta
1197 1562 1305 1598 oculis
1330 1562 1502 1597 videatur.
1525 1578 1570 1589 ·-

890 1618 1031 1660 Varas‚·
1055 1616 1226 1651 Vivianus
1253 1622 1289 1650 et
1321 1615 1376 1650 alii
1392 1642 1401 1659 ,
1425 1628 1564 1656 curvas,

883 1669 977 1715 quod
999 1669 1098 1704 fluxit
1115 1670 1169 1704 vel
1189 1683 1231 1704 ex
1249 1668 1542 1715 interpretatione
1557 1694 1566 1711 ‚

882 1722 938 1757 vel
950 1736 992 1757 ex
1007 1723 1207 1768 ignorantia
1220 1722 1312 1757 vocis
1323 1734 1439 1760 varas,
1461 1732 1567 1765 quam

884 1775 1102 1821 interpretor
1120 1775 1293 1821 projectas
1318 1781 1353 1808 et
1377 1785 1540 1808 recurvas
1561 1785 1570 1806 ε

882 1829 1010 1874 passim
1022 1831 1161 1864 brachia
1170 1842 1251 1863 vara
1263 1827 1487 1869 luctantium;
1500 1826 1569 1861 vid.

885 1881 1064 1917 Heinsius.
1085 1899 1129 1907 —
1145 1880 1253 1915 Haud
1265 1880 1370 1914 dubie
1390 1893 1432 1914 ex
1448 1880 1569 1914 inter-

883 1933 1081 1979 pretatione
1093 1933 1232 1979 irrepsit
1242 1945 1371 1973 curoas,
1380 1930 1473 1978 quod
1484 1931 1569 1977 glos·

883 1998 919 2020 sa
933 1985 1150 2020 interlineari
1163 1985 1222 2019 dat
1232 1983 1355 2019 Codex
1366 1990 1485 2019 noster
1498 1983 1569 2017 Re-

885 2039 960 2085 gius
981 2039 1011 2074 B
1026 2065 1035 2082 ,
1063 2038 1123 2084 qui
1146 2050 1226 2072 cum
1251 2036 1380 2072 Codice
1407 2035 1440 2070 A
1462 2034 1569 2069 habet

883 2103 987 2125 varas
1004 2090 1039 2125 in
1055 2097 1162 2126 textu.
1182 2090 1229 2124 Et
1244 2090 1271 2124 si
1290 2088 1373 2134 quid
1392 2088 1569 2133 interpre-

884 2143 1016 2178 tatione
1033 2142 1169 2178 doctiss.
1198 2143 1318 2186 Gimg»
1337 2140 1417 2175 addi
1439 2140 1567 2185 possit,

884 2196 998 2231 dicam
1011 2224 1020 2241 ,
1033 2209 1138 2231 varas
1152 2223 1160 2237 ‚
1179 2196 1377 2230 incurvatas
1387 2194 1496 2228 instar
1507 2205 1571 2227 va-

884 2262 1007 2284 rorum
1023 2275 1032 2294 ,
1051 2249 1176 2295 quibus
1192 2254 1294 2283 crura
1307 2247 1440 2281 oborta.
1457 2247 1569 2280 Ed.—

883 2303 995 2336 Slatio
1007 2329 1015 2341 ‚
1039 2307 1154 2347 gestus
1165 2299 1388 2335 luctantium.
1402 2298 1458 2332 De
1470 2296 1567 2330 verbi

882 2359 973 2389 stare
998 2354 1065 2388 hoc
1082 2366 1185 2389 sensu
1211 2352 1280 2387 vid.
1298 2350 1494 2386 Broukhus.
1522 2347 1566 2382 ad

885 2407 1111 2452 Propertium
1125 2433 1134 2450 ‚
1154 2406 1209 2441 111
1222 2431 1231 2449 ,
1245 2404 1411 2448 Eleg.x11
1422 2428 1432 2445 ,
1451 2415 1479 2447 7.

929 2459 983 2493 35.
999 2461 1063 2493 Ille
1078 2461 1172 2493 cavis
1185 2464 1249 2491 etc.
1269 2456 1324 2490 De
1339 2455 1403 2489 hac
1417 2453 1569 2500 pulveris

884 2510 1074 2556 palaestrica
1091 2508 1314 2554 adspersione
1336 2505 1405 2541 vid.
1422 2505 1567 2541 Salma-

884 2564 954 2598 sius
964 2563 1006 2597 ad
1015 2561 1163 2597 Tertull.
1178 2561 1262 2596 Pall.
1274 2573 1306 2606 p.
1321 2573 1404 2605 2¹73
1422 2565 1458 2593 et
1473 2559 1569 2593 Mer-

886 2616 1044 2659 curialis,
1068 2614 1112 2649 de
1135 2614 1222 2649 Arte
1251 2613 1383 2661 Gymn.
1412 2613 1450 2656 I,
1468 2613 1498 2647 8.
1525 2613 1569 2647 In

887 2667 1045 2713 palaestra
1059 2666 1165 2701 fiebat
1174 2693 1183 2710 ,
1196 2673 1381 2712 postquam
1399 2665 1477 2699 oleo
1489 2677 1571 2699 cor-

886 2733 950 2766 pus
968 2725 1164 2764 unxerant,
1179 2726 1218 2756 ut
1233 2719 1358 2755 melius
1372 2717 1484 2764 pulvis
1497 2717 1572 2752 hae-
