1820 3106
264 332 318 378 70
640 319 692 361 P.
734 318 968 363 ov1‘D11
1009 319 1312 364 NASONIS

262 423 432 488 Perque
457 421 602 470 avidas
623 421 793 479 fauces,
819 422 1116 490 immensaque
1140 424 1305 472 viscera
1327 437 1495 487 regnat.

260 502 351 549 Nec
369 519 488 547 mora
510 519 519 548 :
542 499 661 566 quod
679 510 845 566 pontus
861 537 872 557 ‚
897 500 1018 566 quod
1040 511 1153 548 terra
1166 538 1177 558 ‚
1200 501 1321 567 quod
1340 501 1494 550 educat
1509 521 1596 562 aer,
1613 517 1681 553 830

258 577 435 634 Poscit;
462 587 506 624 et
526 575 738 642 adpositis
764 575 962 642 queritur
981 576 1146 642 jejunia
1168 578 1332 626 mensis
1352 597 1362 635 ;

257 655 396 720 Inque
421 653 563 720 epulis
587 652 739 720 epulas
764 654 949 720 quaerit:
972 654 1183 720 quodque
1207 655 1398 703 urbibus
1422 673 1542 712 esse,

259 731 484 797 Quodque
509 731 614 778 satis
637 729 809 799 populo
832 743 1031 798 poterat,
1056 751 1148 780 non
1174 732 1338 780 sufficit
1359 732 1435 780 uni
1457 751 1468 789 ;

257 806 454 873 Plusque
479 807 628 873 cupit,
656 825 745 873 quo
769 806 896 874 plura
919 827 1042 857 suam
1065 808 1258 857 demittit
1280 807 1328 857 in
1351 808 1508 857 alvum.

247 886 406 951 vthue
430 885 590 933 fretum
613 884 770 951 recipit
792 884 846 933 (le
871 897 964 933 tota
987 885 1169 934 flumina
1193 897 1332 944 terra,

1610 897 1677 934 835

254 962 347 1009 Nec
369 961 550 1009 satiatur
574 961 723 1027 aquis,
748 962 1094 1029 peregrinosque
1117 962 1260 1010 ebibit
1282 980 1455 1019 amnes;

254 1038 405 1103 thue
429 1055 562 1103 rapax
586 1037 702 1100 ignis
726 1057 825 1086 non·
839 1057 1034 1105 unquam
1056 1038 1260 1087 alimenta
1280 1049 1478 1097 recusat,

255 1115 598 1180 Innumerasque
625 1115 772 1164 trabes
794 1127 981 1173 cremat;
1009 1127 1073 1174 et,
1098 1135 1188 1182 quo
1210 1116 1338 1182 copia
1360 1115 1501 1181 major

256 1192 340 1238 Est
366 1191 488 1250 data,
509 1186 636 1259 plura
657 1193 796 1260 petit;
822 1193 1039 1259 turbaque
1062 1192 1264 1242 voracior
1285 1193 1383 1259 ipsa
1402 1204 1469 1242 est
1487 1212 1498 1240 ε

255 1268 326 1316 Sic
351 1269 501 1335 epulas
526 1289 678 1318 omnes
702 1270 1030 1319 Erisichthonis
1054 1289 1132 1319 ora
1153 1270 1327 1337 profani

1607 1283 1678 1328 840

253 1346 518 1413 Accipiunt,
543 1359 821 1414 poscuntque
845 1347 976 1395 simul
997 1367 1005 1395 :
1028 1348 1154 1396 cibus
1177 1349 1321 1396 omnis
1344 1348 1391 1396 in
1414 1346 1495 1395 illo

253 1481 337 1514 rago
351 1495 360 1511 ‚
391 1475 451 1503 aut
474 1469 688 1503 immensum
712 1481 820 1504 mare.
842 1469 928 1504 Mox

253 1521 322 1553 alti
332 1523 488 1563 voragine
501 1523 633 1554 ventris.
650 1520 700 1554 Ib.
720 1516 782 1566 387
797 1546 806 1563 ‚
830 1526 929 1555 vasta

254 1573 560 1619 Polyphemialous.
569 1572 693 1607 Boeth.
702 1572 770 1616 lv,
778 1572 885 1607 Metr.
893 1586 927 1620 9,

253 1627 409 1658 immanis
422 1626 619 1671 Polyphemi
625 1627 730 1659 alvus.
742 1625 927 1660 Burman-

254 1688 320 1711 nus
337 1682 454 1710 tamen
470 1676 593 1721 probat
606 1677 752 1721 conjeci.
768 1676 903 1711 Heinsii
916 1702 926 1720 ,

254 1730 465 1771 incensaque;
482 1727 547 1761 hoc
561 1727 655 1762 enim
671 1729 787 1762 ardori
793 1730 923 1769 edendi,

254 1777 463 1823 precedenti
487 1781 607 1813 uvidas
632 1786 667 1814 et
690 1792 771 1813 mox
780 1782 929 1824 stamma

250 1833 337 1875 gule
347 1830 744 1875 respondere.—Fauces
756 1835 862 1866 auide
871 1833 929 1866 be-

255 1897 299 1918 ne
317 1890 559 1918 memorantur
571 1909 580 1927 ,
596 1885 676 1928 quia
691 1896 830 1919 voraces
846 1897 928 1919 ser-

255 1936 355 1970 viunt
374 1936 474 1970 sauci.
498 1936 540 1970 In
563 1935 788 1970 describenda
810 1943 928 1970 autem

255 1987 319 2022 hac
330 1988 514 2023 voracitate
527 1986 781 2023 Callimachum
793 2002 928 2034 expres-

253 2039 334 2074 sisse
353 2039 493 2074 videtur
506 2065 515 2083 ,
538 2039 631 2085 quod
653 2040 759 2074 etiam
776 2040 928 2085 Scaliger

253 2091 392 2125 fatetur.

255 2138 261 2143 ’
299 2143 375 2177 830.
396 2143 548 2182 Educat,
579 2141 647 2177 alit.
666 2142 834 2177 Horatius
849 2169 859 2186 ,
887 2144 926 2187 I,

256 2195 319 2240 Ep.
335 2205 392 2229 xv.
413 2196 555 2229 Tractus
569 2199 643 2228 uter
649 2197 764 2238 plures
775 2198 904 2239 lepores
913 2220 922 2236 ,

253 2252 326 2281 uter
335 2247 451 2282 educet
463 2257 573 2290 apros.
582 2247 734 2290 —Inque
745 2249 851 2290 epulis
865 2252 929 2281 etc.

254 2297 427 2333 sententia
442 2297 622 2343 ingeniosa
638 2323 647 2341 ‚
674 2298 791 2342 quales
812 2298 928 2343 plures

254 2356 451 2395 sequuntur
465 2361 551 2385 vers.
565 2350 625 2392 841
642 2351 921 2394 sqq—Quaerere,

255 2402 462 2437 desiderare.
484 2401 542 2446 11,
563 2401 704 2435 Amorr.
722 2412 772 2444 11,
797 2401 839 2444 43
853 2427 862 2444 ,
883 2400 927 2435 de

256 2454 405 2488 Tantalo
418 2479 427 2496 ‚
453 2454 578 2496 Querit
590 2464 697 2498 aquas
711 2456 748 2486 in
765 2456 873 2497 aquis.
884 2470 929 2479 ·-

259 2507 417 2549 Quodque
440 2507 575 2539 urbibus
599 2511 663 2539 etc.
693 2504 929 2550 prodigialiter

254 2569 331 2590 rem
348 2556 451 2590 auxit.

298 2607 372 2650 834,
386 2609 530 2652 Plusque
542 2611 633 2652 cupit
640 2619 653 2651 ,⁶
671 2608 768 2654 prior
777 2607 928 2643 Grono—

252 2659 299 2693 vii
311 2685 320 2702 ,
346 2656 493 2705 Plusque
518 2665 592 2696 silit
602 2689 611 2702 ‚
643 2662 736 2707 quod
762 2662 927 2698 Heinsius

255 2717 442 2746 venustum
453 2711 594 2756 judicat,
605 2726 733 2759 nempe
745 2714 825 2759 quia
835 2717 930 2748 sitire

255 2763 402 2796 omnino
414 2789 424 2806 ,
441 2763 605 2808 cupidum
625 2779 708 2799 esse.
732 2765 832 2800 Idem
846 2779 927 2801 cum

254 2815 439 2851 Graeviano
466 2817 606 2862 aliisque
632 2819 809 2855 nonnullis
836 2824 930 2863 capit

994 1469 1099 1504 etiam
1116 1482 1213 1515 posse
1233 1470 1299 1516 legi
1316 1477 1424 1515 putat.
1443 1469 1545 1516 Regii
1561 1469 1672 1504 nostri

992 1525 1091 1565 cupit.
1108 1521 1243 1556 Callim.
1259 1535 1346 1556 vers.
1358 1521 1401 1569 69
1413 1548 1422 1564 ,
1442 1524 1580 1566 σχέτλιος
1598 1522 1674 1558 ἔσσα

993 1576 1141 1618 πάσαιτο,
1163 1578 1259 1611 τέο-ων
1279 1579 1347 1619 ἴχεν
1363 1580 1463 1620 {satione
1487 1579 1582 1613 αὖτις.
1599 1575 1673 1607 De-

991 1631 1119 1662 mittere
1141 1628 1320 1662 interdum
1338 1627 1466 1662 librarii
1484 1639 1548 1672 pro
1568 1626 1672 1671 longe

995 1679 1187 1715 efficaciore
1220 1682 1403 1724 demergere
1429 1684 1673 1724 reposuerunt.

993 1732 1075 1774 XV,
1094 1733 1165 1774 105,
1178 1731 1213 1765 in
1227 1731 1324 1766 Ibide
1335 1743 1421 1765 vers.
1435 1731 1497 1775 387
1513 1727 1672 1764 :Phaedr.

993 1784 1059 1827 IV,
1073 1785 1138 1818 sab.
1146 1797 1182 1828 v,
1195 1799 1228 1832 9,
1239 1787 1350 1819 amm‘s
1360 1785 1516 1818 dentibus
1525 1784 1672 1827 Capacis

992 1839 1067 1871 alm·
1077 1841 1191 1871 mersit
1205 1843 1351 1871 tartareo
1365 1849 1475 1881 specu.

1037 1890 1112 1925 835.
1137 1889 1376 1935 thuefretum
1385 1896 1449 1924 etc.
1467 1888 1670 1924 callimach.

992 1953 1036 1988 90
1049 1966 1058 1984 ,
1077 1944 1114 1977 τοὶ
1131 1939 1159 1976 δ’
1176 1944 1203 1980 ἒς
1223 1944 1311 1983 βυθὸν
1334 1945 1383 1977 οἱα
1408 1942 1570 1980 θαλάσσας
1587 1946 1672 1979 Αλε-

990 1995 1096 2037 μοέτως
1113 1994 1270 2042 ἀχάριστα
1293 1996 1443 2042 κατίῥριεν
1466 1995 1573 2028 ε’ἰδὶετοι
1591 1993 1670 2027 κᾶν·

991 2061 1039 2096 '‘2⁰‘'
1050 2045 1160 2079 Paulo
1173 2052 1253 2079 ante
1266 2071 1275 2088 ,
1292 2046 1460 2093 πανάμερος
1473 2047 1669 2084 εὶλαπινασᾶς

990 2101 1183 2145 Βεὼρ-μυρία
1195 2097 1301 2131 πάντα·
1313 2097 1390 2130 κακά
1403 2095 1571 2139 &gemero
1582 2111 1670 2140 γασ-

991 2153 1046 2197 τὴρ
1056 2151 1125 2183 Am
1136 2152 1248 2191 μᾶλλον
1261 2148 1566 2192 {em1.—-Bec1)n·t,
1589 2148 1669 2193 quia

991 2211 1114 2233 omnes
1125 2211 1229 2243 aquas
1237 2198 1368 2233 habent
1377 2212 1418 2234 ex
1428 2199 1515 2234 mari
1530 2213 1538 2240 ;
1560 2212 1669 2245 quan-

991 2263 1097 2295 quam
1113 2253 1255 2294 recepere
1279 2251 1384 2284 etiam
1406 2262 1471 2296 pro
1491 2254 1642 2295 accipere
1656 2277 1666 2292 ,

991 2303 1083 2348 quod
1102 2302 1174 2345 IV,
1191 2304 1256 2346 440
1268 2329 1277 2346 ,
1301 2302 1339 2336 in
1359 2302 1484 2337 eadem
1501 2302 1668 2337 similitu-

991 2354 1072 2389 dine
1089 2355 1275 2400 legitur.—-
1289 2356 1397 2400 thue
1406 2367 1543 2399 rapat..
1555 2381 1563 2389 .
1574 2381 1582 2389 .
1591 2358 1669 2399 ipsa
1729 2378 1733 2380 -

992 2412 1045 2441 est
1055 2418 1066 2448 ‚⁰
1082 2406 1155 2441 haec
1167 2406 1401 2441 redundantia
1410 2406 1597 2441 verborum
1607 2419 1667 2441 ur-

990 2459 1303 2503 gentur.—Trabes
1316 2469 1396 2492 curn
1413 2469 1484 2492 uno
1501 2456 1640 2492 Ciosani
1653 2484 1664 2502 ‚

993 2508 1192 2554 Caelestino,
1205 2509 1411 2544 Florentino
1419 2509 1455 2544 S.
1466 2509 1589 2544 Marci.
1597 2510 1621 2544 J
1624 2523 1666 2544 u·-

989 2561 1056 2596 reti
1073 2562 1237 2607 excerptis
1248 2587 1257 2603 ,
1271 2561 1404 2596 Mor-eti
1416 2567 1452 2595 et
1467 2573 1541 2595 uno
1555 2561 1666 2596 Hein-

989 2612 1029 2647 sii
1044 2613 1164 2656 malui,
1178 2611 1402 2658 quamsaces,
1416 2611 1496 2657 quia
1509 2612 1580 2658 igni
1591 2619 1663 2646 tam

989 2664 1103 2710 rapaci
1120 2663 1422 2701 accommodatius.
1443 2664 1552 2698 Recte
1567 2663 1664 2708 judi-

988 2716 1079 2751 cavit
1093 2714 1146 2751 Cl.
1169 2717 1301 2759 Gimgr,
1320 2715 1454 2750 etiamsi
1470 2716 1581 2751 nostri
1591 2715 1665 2750 Re-
1730 2716 1733 2718 ’

990 2768 1035 2813 gii
1050 2767 1179 2802 habent
1185 2767 1299 2811 faces.

1033 2821 1107 2864 841.
1133 2820 1320 2865 Accipiunt
1334 2846 1343 2862 ‚
1367 2825 1571 2866 poscuntque
1598 2825 1663 2854 etc.
