1820 3106
339 298 341 300 -
379 264 1079 314 METAMORPHOSEON
1110 265 1237 308 LIB.
1273 267 1368 310 XI.

1499 266 1583 310 283

167 363 270 429 Ipsa
294 372 440 425 εει-αῖς
464 359 717 426 reditusque
742 357 828 407 sibi
852 357 1077 424 promittit
1100 357 1263 406 inanes.

171 438 393 489 Omnibus
414 436 489 485 illa
512 435 687 503 quidem
713 435 894 502 Superis
915 435 987 502 pia
1011 447 1108 483 tura
1128 434 1320 483 ferebat:

169 518 287 566 Ante
307 527 450 564 tamen
474 526 656 563 cunctos
674 513 867 562 Junonis
892 512 1054 580 templa
1077 513 1274 570 colebat;

170 595 348 661 Proque
366 591 461 640 viro
475 629 487 649 ,
513 592 589 658 qui
613 590 762 640 nullus
788 603 899 650 erat,
925 591 1130 640 veniebat
1150 592 1205 640 ad
1228 610 1347 649 aras3

172 673 321 738 thue
344 669 458 719 foret
481 687 636 735 sospes
671 669 828 735 conjux
854 689 961 719 suus
976 708 988 728 ,
1012 683 1149 738 utque
1169 671 1351 729 rediret,

172 749 396 816 Optabat,
419 747 675 815 nullamque
700 748 787 797 sibi
807 748 1031 815 praeferret
1058 769 1067 797 :
1093 760 1139 797 at
1162 748 1228 796 illi

171 829 270 877 Hoc
293 827 348 876 de
370 839 438 876 tot
460 827 576 890 votis
598 839 774 894 poterat
797 827 1052 890 contingere
1078 825 1237 875 solum.

234 907 299 954 At
320 906 414 954 Dea
435 925 527 954 non
551 905 666 954 ultra
688 924 771 972 pro
796 905 949 953 functo
971 916 1112 954 morte
1136 904 1283 968 rogari

171 982 396 1040 Sustinet3
422 994 561 1049 utque
583 1001 737 1031 manus
763 982 961 1031 funestas
983 994 1126 1030 arceat
1148 982 1257 1039 aris;

174 1083 197 1104 «
221 1060 303 1119 Iri,
326 1080 456 1120 meae,
484 1060 619 1118 dixit,
643 1059 857 1108 fidissima
880 1061 1036 1109 nuntia
1059 1060 1203 1119 vocis,

1531 1071 1574 1109 ἐξ

1578 1072 1597 1105 (ἢ

174 1161 198 1182 »
223 1138 329 1187 Vise
352 1137 642 1206 soporiferam
665 1138 820 1186 Somni
837 1137 1046 1186 velociter
1068 1137 1238 1194 aulam3

177 1238 201 1259 n
225 1216 536 1282 Exstinctique
556 1215 662 1280 jube
688 1215 842 1282 Ceycis
866 1215 1056 1278 imagine
1079 1216 1227 1263 mittat

175 1316 199 1336 »
227 1293 407 1342 Somnia
428 1293 483 1341 ad
509 1292 764 1359 Ilalcyonen
779 1330 791 1351 ‚
816 1312 942 1341 veros
965 1292 1176 1341 imitantia
1201 1310 1341 1340 casus.
1370 1314 1392 1335 »

169 1423 378 1460 festinanter
394 1423 479 1459 teiit
494 1437 503 1467 ;
523 1423 602 1458 vide
619 1422 662 1458 ad
679 1423 731 1458 lx
746 1450 756 1468 ,
777 1424 852 1459 586.

171 1478 344 1512 -Ῑιισιιιῖῐ
355 1477 482 1511 reditus
493 1502 502 1517 ,
527 1488 635 1521 quern
648 1475 733 1511 falso
751 1476 852 1510 nobis

173 1529 410 1576 promittimus
423 1554 432 1572 ,
445 1531 746 1574 speramus.—P1'a
755 1536 845 1569 tura,

171 1595 250 1628 quae
266 1581 384 1619 animo
399 1582 457 1627 pio
474 1581 679 1625 adolentur,
699 1595 852 1627 quorum

171 1635 300 1670 oblatio
308 1635 474 1681 pietatem
485 1634 646 1670 declarat.
655 1635 712 1670 Sic
726 1638 853 1687 blanda

170 1696 247 1724 Iura
255 1688 372 1724 Tibul.
385 1689 441 1724 111
455 1714 464 1732 ,
478 1699 523 1722 111
535 1714 544 1732 ,
557 1702 575 1722 2
590 1687 668 1732 ;sar
675 1693 771 1733 pium
782 1688 851 1732 III,

171 1752 223 1784 lv,
242 1754 292 1776 ιο.
310 1740 363 1776 Ea
376 1767 386 1783 ,
406 1753 451 1775 ne
469 1739 552 1786 quid
566 1754 626 1775 sua
639 1741 743 1786 ipsius
754 1742 854 1787 culpa

170 1792 299 1829 marito
327 1791 499 1827 accideret
516 1818 525 1836 ‚
558 1792 685 1827 mulier
711 1793 855 1828 sollicita

169 1840 273 1880 dabat
285 1847 437 1879 omnibus
446 1845 581 1889 Supere's
590 1873 598 1883 ‚
612 1845 670 1880 sed
684 1845 855 1891 imprimis

170 1899 318 1937 hettoni,
337 1909 415 1942 quae
435 1905 583 1943 praeerat
602 1898 830 1933 matrimonio
844 1907 868 1943 ,¹

171 1948 277 1994 (tonte
286 1961 358 1993 que
365 1951 526 1992 presidet
535 1952 628 1983 alma
638 1954 772 1985 maritis
783 1951 855 1986 He-

172 1999 260 2034 roid.
275 2000 311 2035 II
324 2025 334 2043 ,
351 2001 389 2044 4¹
404 2001 429 2043 ).
446 2000 518 2035 Pro
527 2002 674 2035 Janom's
690 2002 857 2037 Heinsius

172 2053 325 2088 malebat
339 2055 501 2088 Junom'a.
517 2073 562 2080 —
583 2056 697 2090 Colere
712 2059 835 2100 templa
846 2083 854 2096 ‚

175 2105 271 2140 adire
283 2105 411 2151 templa
419 2106 535 2152 ibique
546 2114 581 2141 et
588 2120 708 2153 preces
716 2115 752 2142 et
762 2121 857 2143 sacra

174 2156 300 2192 facere.
326 2160 488 2194 Veneram·
498 2162 622 2203 templa
638 2159 721 2195 dixit
739 2161 860 2207 Virgi-

175 2210 259 2254 lius,
273 2210 355 2246 AEn.
372 2211 447 2255 111,
463 2213 756 2256 84.—Qu1'nullus
766 2221 856 2256 erat,

176 2264 236 2308 qui
255 2270 392 2298 mortus
412 2271 497 2298 erat.
515 2264 574 2299 sic
590 2277 693 2310 supra
710 2292 720 2310 ,
749 2268 858 2310 Quam

175 2318 294 2350 vellem
304 2318 399 2350 nulla
399 2316 513 2361 sorem
523 2315 532 2351 ,¹
546 2323 581 2350 et
593 2329 671 2352 mox
683 2331 770 2353 vers.
782 2320 858 2363 684.

222 2370 297 2404 581.
311 2373 363 2403 At
371 2371 513 2404 illihoc.
522 2397 542 2404 ..
555 2373 671 2404 solum.
688 2371 861 2406 Maximo-

174 2434 258 2467 pere
282 2422 534 2468 improbandus
555 2423 630 2458 talis
651 2424 748 2469 jocus
764 2425 801 2459 in
820 2438 859 2461 re

177 2479 249 2507 tam
267 2473 365 2508 tristi.
833 2478 837 2481 “

221 2525 295 2560 583.
311 2526 364 2560 At
376 2527 454 2560 Dea
466 2539 531 2560 non
541 2529 638 2561 ultra.
651 2527 676 2561 J
679 2540 750 2561 uno
765 2540 862 2562 sorn-

177 2577 278 2612 nium
287 2578 395 2614 mittit
401 2579 602 2628 Halcyonae.
613 2580 683 2615 Sed
698 2581 762 2616 hoc
770 2594 862 2617 com·

178 2630 284 2666 mode
299 2631 346 2665 ita
360 2633 543 2676 tractavit,
562 2640 602 2667 ut
618 2633 743 2668 Somni
757 2634 862 2669 Som-

178 2684 393 2730 niorumque
405 2685 657 2734 mythologiam
672 2687 842 2723 intexeret
853 2715 862 2732 ,

178 2743 360 2782 totamque
373 2738 611 2773 narrationem
625 2739 770 2774 mirifice
787 2740 864 2774 ani-

180 2797 302 2825 maret.
312 2790 520 2837 Inlongiore
532 2797 650 2826 autem
660 2791 724 2827 hac
736 2792 863 2828 Somni

918 1423 1150 1469 descriptione
1157 1436 1260 1458 suum
1271 1422 1454 1469 ingenium
1464 1429 1602 1458 secutus

918 1490 991 1511 esse
1009 1477 1149 1512 videtur
1165 1476 1315 1512 Ovidius
1330 1503 1339 1519 ,
1365 1489 1518 1522 eumque
1536 1489 1603 1511 ex-

918 1530 1041 1576 pressit
1055 1530 1186 1565 Statius
1199 1530 1311 1565 Theb.
1328 1530 1361 1565 X
1373 1557 1382 1572 ,
1403 1543 1444 1579 79
1459 1543 1533 1575 sqq.
1547 1530 1602 1564 Ab

919 1583 992 1618 aliis
1013 1589 1157 1616 notatur
1177 1590 1215 1617 ut
1232 1582 1369 1628 juvenis
1392 1589 1451 1617 aut
1469 1581 1604 1617 Genius

919 1635 974 1670 vel
985 1635 1105 1678 alatus,
1117 1635 1170 1670 vel
1179 1635 1253 1670 sine
1264 1634 1336 1678 alis,
1348 1648 1367 1669 e
1378 1634 1482 1680 pleno
1492 1646 1603 1668 cornu

920 1700 1085 1722 somnum
1096 1687 1133 1722 in
1147 1687 1333 1722 hominum
1345 1687 1461 1722 oculos
1473 1686 1605 1721 demit-

921 1747 1008 1775 tens.
1025 1740 1109 1774 Vid.
1127 1740 1324 1785 Lessingius
1339 1739 1374 1773 in
1392 1739 1500 1779 libro,
1529 1738 1605 1773 Wie

921 1794 976 1826 die
987 1794 1090 1826 Alten
1101 1795 1165 1826 den
1181 1793 1213 1826 T
1208 1795 1256 1826 od
1260 1793 1411 1836 gemahlt
1418 1819 1425 1831 ,
1440 1798 1476 1825 et
1486 1790 1603 1824 Win-

920 1845 1131 1879 kelmannus
1141 1844 1243 1878 Mon.
1260 1843 1353 1878 ined.
1366 1857 1399 1888 p.
1411 1845 1481 1888 147.
1501 1841 1605 1876 Cous.

923 1898 1066 1933 Lucian.
1081 1898 1165 1932 Ver.
1182 1898 1274 1932 Hist.
1291 1904 1377 1931 tom.
1389 1897 1455 1939 IV,
1473 1909 1504 1941 p.
1516 1909 1604 1943 291-

922 1953 968 1999 94
980 1978 989 1995 ,
1000 1952 1058 1985 ubi
1068 1951 1193 1986 Somni
1203 1950 1316 1986 insula
1327 1950 1472 1985 obscura
1483 1956 1518 1983 et
1526 1948 1608 1982 urbs

922 2004 1059 2048 copiose
1073 2030 1081 2046 ,
1103 2003 1162 2038 sed
1180 2002 1281 2037 aliter
1295 2015 1333 2036 ac
1350 2001 1383 2037 h.
1404 2001 1425 2035 l.
1443 2000 1607 2036 describi-

923 2054 1232 2099 tur.—Prosuncto
1247 2061 1358 2090 mot-le.
1374 2053 1523 2089 Plurimi
1542 2054 1555 2097 (
1571 2060 1606 2088 et

923 2103 1044 2143 noster
1059 2108 1189 2154 Regius
1203 2108 1233 2142 B
1243 2133 1253 2151 ,
1272 2120 1292 2141 a
1306 2106 1459 2142 secunda
1475 2107 1606 2149 manu)

918 2174 982 2205 pro
989 2160 1114 2204 functi
1127 2164 1231 2195 mot-le
1245 2162 1411 2207 (ogarzl—
1419 2159 1470 2193 At
1485 2159 1572 2192 Dea.
1581 2185 1588 2191 .
1599 2183 1607 2191 .

922 2216 1003 2248 ar125.
1016 2213 1162 2248 Duabus
1173 2212 1282 2247 causis
1292 2211 1500 2246 movebatur
1508 2209 1586 2244 Dea
1597 2236 1607 2253 ,

925 2272 963 2299 ut
986 2265 1173 2300 certiorem
1190 2265 1321 2299 faceret
1334 2263 1543 2309 Halcyonen
1563 2260 1606 2295 de

925 2324 1040 2352 morte
1063 2317 1179 2351 mariti
1193 2343 1202 2361 ,
1231 2316 1384 2362 primum
1410 2327 1455 2349 ne
1478 2313 1610 2348 diutius

924 2369 1104 2404 falleretur
1115 2369 1169 2415 pia
1181 2369 1309 2414 conjux
1318 2395 1327 2412 ,
1342 2366 1470 2402 deinde
1481 2379 1527 2400 ne
1541 2378 1610 2399 arae

925 2435 995 2457 suae
1012 2422 1254 2467 polluerentur
1270 2423 1424 2455 manibus
1434 2417 1587 2462 funestis
1599 2444 1608 2458 ‚

926 2475 992 2510 hoc
1006 2482 1059 2510 est
1071 2501 1080 2518 ‚
1098 2475 1256 2520 conjugis
1275 2474 1350 2519 ejus
1362 2499 1371 2516 ,
1389 2472 1489 2516 cujus
1505 2469 1612 2505 mari-

927 2534 982 2562 tus
1005 2535 1165 2561 mortuus
1193 2533 1278 2560 erat.
1304 2524 1414 2570 Quod
1440 2523 1614 2569 posterius

926 2581 1020 2625 justo
1037 2580 1192 2625 argutius
1207 2578 1340 2613 dictum
1355 2585 1417 2613 est.

972 2634 1045 2667 588.
1069 2634 1171 2666 Veros
1179 2634 1352 2666 imitantia
1362 2643 1472 2665 casus.
1481 2630 1608 2673 Miror,

928 2698 993 2720 nec
1004 2685 1044 2719 ab
1056 2685 1202 2719 Heinsio
1213 2698 1277 2720 nec
1289 2697 1308 2719 a
1318 2685 1527 2719 Burmanno
1536 2697 1611 2718 nar-

928 2742 1041 2773 rantia
1066 2746 1242 2774 mutatum
1268 2751 1339 2774 esse
1360 2738 1397 2772 in
1415 2741 1607 2777 imitantia,

930 2792 1023 2838 quod
1051 2806 1180 2828 novem
1214 2792 1311 2829 MSS
1341 2793 1545 2828 auctoritate
1574 2804 1608 2824 se
