1820 3106
285 179 1020 240 METAMORPHOSEON
1057 141 1187 226 1:113.
1233 182 1382 227 XIV.
1461 176 1549 245 447

114 279 245 328 Paene
269 277 355 328 rati
377 276 535 327 nocuit
555 296 566 324 :
586 274 702 333 vidi,
730 294 867 341 quum
893 286 1047 324 monte
1069 274 1246 324 revulso

116 359 357 408 Immanem
382 353 616 422 scopulum
641 353 806 402 medias
830 353 1036 420 permisit
1058 353 1107 402 in
1128 353 1285 402 undas.

117 433 223 482 Vidi
242 433 403 483 iterum
418 469 430 490 ‚
454 429 592 480 veluti
615 430 827 479 tormenti
852 429 1023 479 viribus
1046 442 1141 480 acta
1156 468 1167 489 ,

119 513 255 562 Vasta
277 511 484 576 giganteo
508 509 774 578 jaculantem
800 529 902 560 saxa
927 509 1107 559 lacerto.

119 590 200 648 Et,
225 609 280 640 ne
305 589 571 656 deprimeret
590 588 804 638 fluctusve
822 587 990 656 lapisve
1012 588 1204 639 carinam
1218 627 1230 647 ,

1501 603 1562 638 185

118 668 359 728 Perfimui,
379 669 467 734 jam
491 688 560 718 me
586 688 676 718 non
706 687 798 718 esse
825 667 996 718 oblitus
1021 669 1068 717 in
1090 668 1178 717 illa.

118 750 183 798 Ut
206 767 308 798 vero
331 748 437 812 suga
461 767 541 798 vos
563 748 619 797 ab
645 748 802 798 acerba
823 758 967 796 morte
990 747 1179 796 removit
1193 784 1205 806 ,

115 825 198 876 Ille
225 826 404 893 quidem
431 837 567 875 totam
593 825 913 876 fremebundus
941 825 1205 875 obambulat
1230 826 1411 875 AEtnam
1428 863 1440 884 ,

115 906 444 973 Pr³etentatque
469 924 602 954 manu
625 904 755 954 silvas
771 943 783 963 ,
807 916 851 953 et
876 903 1059 953 luminis
1084 903 1223 952 orbus

118 983 334 1051 Rupibus
357 982 582 1040 incursat,
608 981 860 1049 soedataque
878 982 1061 1031 brachia
1083 981 1190 1030 tabo

1503 1005 1565 1041 190

118 1063 174 1110 In
195 1079 314 1110 mare
334 1059 810 1131 protendens-gentem
830 1071 1084 1109 exsecratur
1104 1058 1319 1107 Achivam
1333 1095 1345 1116 ,

120 1140 273 1207 Atque
298 1139 385 1188 ait:
413 1162 434 1182 «
463 1139 509 1209 vO
536 1138 574 1188 si
600 1139 701 1206 quis
723 1139 884 1189 reserat
906 1137 1018 1187 mihi
1041 1156 1169 1186 casus
1192 1136 1382 1194 Ulixen,

119 1261 241 1284 merus
254 1274 263 1292 ,
283 1245 356 1283 Od.
368 1254 379 1283 1
393 1274 402 1291 ,
419 1249 495 1294 475.
510 1267 555 1275 --
577 1250 686 1292 Quum
701 1255 811 1283 monte

120 1303 259 1335 revulso.
271 1300 390 1346 Vulgo
400 1313 498 1345 quum
511 1307 621 1335 monte
629 1303 804 1342 revulsum,

122 1358 183 1386 aut
198 1365 223 1386 a
244 1358 376 1395 monle,·
397 1352 458 1387 sed
481 1353 649 1388 Heinsius
669 1366 688 1388 e
715 1352 805 1388 Flo—

122 1405 266 1440 rentino
277 1431 287 1449 ‚
306 1405 451 1452 Neapol.
468 1412 504 1441 et
518 1405 675 1440 secundo
685 1405 809 1441 Stroz-

122 1470 170 1494 2ae
181 1485 192 1502 ,
220 1458 319 1494 dedit
335 1461 466 1494 remim
478 1486 487 1500 ‚
517 1460 690 1506 probante
708 1460 809 1494 Bur-

121 1524 268 1547 manno.
277 1531 323 1538 —
334 1511 457 1548 Codex
472 1513 604 1559 Regius
619 1513 650 1548 A
664 1527 688 1547 a
699 1520 810 1548 monte

120 1567 307 1613 revulsa-nu
322 1565 431 1601 codex
444 1565 475 1600 B
488 1590 498 1610 ,
515 1572 624 1600 monte
633 1569 808 1601 revulsum.

122 1617 205 1653 Hoc
221 1616 300 1653 loco
313 1625 417 1664 poeta
431 1617 554 1653 alludit
567 1617 610 1653 ad
623 1618 659 1653 id
669 1645 678 1663 ,
691 1618 787 1668 quod
798 1645 807 1663 ,

121 1669 214 1715 apud
228 1670 431 1705 Homerum
444 1670 591 1718 fingitur
604 1685 612 1714 ;
627 1672 686 1706 ubi
700 1670 812 1720 Ulys-

120 1735 175 1758 ses
199 1723 282 1759 navi
310 1723 496 1770 aufugiens
512 1751 522 1768 ,
546 1724 810 1772 Polyphemum

120 1775 306 1811 clamando
317 1782 354 1811 et
367 1775 559 1812 indicando
579 1777 725 1822 quinam
739 1777 811 1823 ipse

122 1834 213 1862 esset
225 1854 236 1871 ,
255 1841 340 1863 nam
355 1841 391 1864 se
404 1828 600 1864 Neminem
618 1835 721 1863 antea
737 1841 813 1863 no—

123 1882 320 1917 minaverat
330 1908 340 1925 ,
352 1882 390 1917 in
401 1894 437 1917 se
451 1882 583 1924 irritat3
599 1894 708 1927 quare
718 1882 813 1927 jactu

124 1934 278 1980 ingentis
287 1934 355 1969 saxi
368 1946 467 1980 paene
479 1940 516 1968 et
525 1933 597 1979 ipse
613 1940 648 1968 et
660 1940 732 1968 tota
748 1946 815 1968 na-

126 1989 177 2024 vis
201 1989 244 2023 ab
270 1988 398 2023 eodem
423 1986 644 2035 Polyphemo
675 1987 815 2022 obtrita.

128 2042 261 2076 Versus
280 2041 430 2076 Homeri
445 2047 549 2085 sunt,
579 2038 652 2074 Od.
670 2046 682 2074 1
698 2065 708 2082 ,
725 2039 786 2083 481
805 2050 814 2072 t

131 2086 207 2132 llum
224 2094 397 2144 ἆποῤῥῆξας
412 2099 541 2142 κορυφὴν
557 2097 636 2142 ὅμως
650 2094 814 2137 μεγάλοιο,

129 2146 234 2185 Ko'zd'd'
252 2150 337 2182 2⁹6oech
354 2148 531 2197 προπάροιθε
547 2150 620 2185 νεὼς
635 2148 816 2196 κυανοπρώ-

127 2216 191 2252 ροιο
208 2226 218 2245 ,
249 2203 363 2237 Τυτθόν
394 2202 535 2239 ἕδευησεν
556 2199 603 2236 δ’
598 2203 704 2243 onita-³
730 2201 817 2248 ἄκρον

134 2257 262 2292 ἱκέσθαι.
281 2245 419 2294 Εκλύσθη
443 2258 475 2288 δι
497 2254 645 2289 θάλασσα
661 2270 817 2303 κατερχο-

130 2311 223 2352 μένης
244 2309 300 2342 ὕει-ὂ
316 2309 434 2353 πέτρης
454 2305 521 2340 Ed.
541 2323 586 2331 —-
606 2307 690 2340 Vidz
700 2309 818 2341 iterum

135 2366 200 2395 etc.
222 2359 373 2394 Homer.
387 2370 477 2391 vers.
490 2357 579 2409 537:
595 2349 641 2395 ἐξ
628 2364 730 2401 αῦτις
745 2362 818 2393 πολὺ

136 2418 265 2459 μτίζονα
274 2417 350 2448 λᾶαν
366 2413 485 2460 ἀείμς,
505 2410 561 2446 Ηκ’
568 2412 745 2451 ε’κιδινήσας
754 2418 818 2445 etc.

135 2468 247 2501 veluit
255 2467 411 2501 tormenti
421 2471 486 2498 etc.
505 2465 633 2511 ἐπέρεισε
649 2466 679 2497 δὲ
693 2461 732 2498 ἶν’
746 2463 821 2497 ἀκέ-

138 2526 246 2570 λεθρον.
260 2520 423 2564 —Lapis
440 2529 565 2564 parum
584 2515 714 2559 abfuit,
733 2516 820 2561 quin

135 2572 273 2610 clavum
311 2580 509 2607 extremum
541 2570 728 2616 attingeret
742 2595 752 2614 ‚
785 2576 823 2604 et

126 2628 256 2672 fluctus
270 2627 393 2666 ἐκλύσθη
417 2627 471 2660 ὖπᾶ
493 2626 609 2674 πέτρης.

184 2679 255 2725 ι87.
272 2678 409 2713 Acerba
431 2689 538 2716 murs,
577 2675 659 2721 quia
677 2674 715 2709 in
731 2674 824 2710 mari

134 2730 249 2777 perire
279 2730 443 2765 acerbum
470 2728 662 2763 admodum
689 2735 725 2762 et
753 2727 823 2762 de·-

876 1246 1032 1282 testabile
1051 1245 1265 1289 habebatur,
1283 1252 1455 1280 monente
1473 1244 1568 1279 Bur-

875 1313 1019 1336 manno.
1040 1301 1122 1336 Hoc
1140 1300 1217 1335 loco
1235 1306 1355 1335 tamen
1375 1299 1493 1345 potius
1510 1298 1568 1333 in—

868 1353 973 1399 tellig.
991 1365 1086 1389 mors
1101 1379 1110 1397 ‚
1130 1366 1235 1398 quam
1251 1352 1370 1388 multis
1383 1351 1487 1388 simul
1507 1353 1566 1387 in-

870 1409 941 1444 fert
964 1406 1071 1441 hostis
1092 1418 1213 1441 saevus.
1233 1406 1404 1440 Heinsius
1421 1405 1567 1451 putabat

871 1462 916 1493 ab
927 1464 1020 1494 cerla
1036 1465 1147 1494 morte.
1157 1478 1201 1485 ·—·
1212 1459 1285 1494 Pro
1296 1462 1438 1494 removit
1445 1486 1452 1500 ,
1465 1458 1570 1504 vulgo

873 1514 1010 1547 reduxit
1016 1524 1027 1554 ;
1056 1512 1155 1558 pauci
1172 1514 1331 1553 redemit,
1363 1514 1495 1547 revellit
1510 1519 1571 1547 aut

873 1568 1023 1599 revulsit.
1039 1583 1084 1591 —-
1101 1565 1233 1611 Regius
1257 1563 1366 1600 codex
1393 1565 1426 1599 A
1452 1577 1569 1598 remo-

874 1622 944 1661 vit;
972 1617 1080 1653 codex
1103 1618 1134 1653 B
1158 1620 1308 1658 reduxit,
1334 1624 1373 1652 et
1394 1631 1459 1663 pro
1475 1617 1571 1652 varia

873 1669 1025 1706 lectione
1041 1697 1049 1714 ‚
1067 1674 1214 1705 removit.
1232 1690 1276 1697 --
1291 1671 1356 1704 Ille
1369 1672 1500 1715 quidem
1516 1675 1571 1704 to-

873 1731 943 1759 tam
959 1731 1023 1759 etc.
1038 1724 1208 1759 Praeclare
1219 1723 1403 1758 furentem
1419 1723 1464 1757 ob
1480 1735 1570 1757 ocu-

875 1777 950 1811 lum
968 1777 1149 1812 defossum
1162 1804 1172 1820 ‚
1198 1778 1291 1812 XIII
1310 1803 1318 1820 ‚
1347 1778 1410 1823 773
1427 1803 1435 1820 ,
1455 1775 1570 1824 Poly-

876 1830 1049 1876 phemum
1068 1829 1240 1864 describit.
1258 1849 1303 1855 —
1322 1830 1572 1863 Fremebundus

877 1896 918 1917 ex
946 1882 1137 1928 Sprotiano
1163 1881 1295 1927 recepit
1313 1882 1484 1916 Heinsius
1507 1894 1572 1926 pro

879 1935 1018 1980 vulgato
1040 1937 1266 1979 gemebundus
1296 1934 1413 1980 (quod
1440 1931 1573 1969 habent

881 1988 982 2034 Regii
1007 1987 1144 2023 codices
1156 1989 1192 2033 );
1213 1987 1301 2023 alter
1319 1987 1519 2032 Hamburg.
1537 1994 1574 2021 et

883 2040 1048 2076 Francos.
1058 2042 1302 2075 tremebundus.
1316 2039 1474 2074 -Multi
1487 2039 1574 2074 dant

880 2099 952 2129 tota
979 2095 1104 2134 AElna‚
1130 2092 1229 2137 'quod
1248 2105 1288 2126 ex
1308 2092 1364 2136 11,
1386 2093 1446 2126 851
1465 2118 1474 2135 ‚
1502 2091 1575 2125 de·-

881 2146 981 2181 fendi
1002 2159 1100 2192 posse
1124 2145 1356 2181 Burmannus
1382 2152 1515 2179 monet.
1530 2163 1574 2170 --

882 2199 1053 2235 Praeclare
1070 2226 1079 2243 ,
1105 2206 1287 2243 pratentat
1312 2212 1414 2233 manu
1438 2201 1545 2233 silvas
1561 2225 1571 2238 ‚

881 2260 1023 2287 extensa
1041 2264 1150 2286 manu
1167 2251 1326 2297 explorat
1343 2277 1352 2295 ,
1371 2263 1416 2285 an
1433 2250 1575 2285 obstent

883 2305 1024 2340 arbores
1039 2319 1048 2347 ς
1064 2305 1100 2339 in
1118 2304 1238 2348 Ibide,
1261 2306 1326 2351 259
1342 2331 1351 2348 ,
1376 2305 1574 2348 Trepidam—

884 2372 946 2404 que
966 2362 1119 2393 ministro
1138 2359 1320 2392 Proetentes
1342 2359 1463 2395 baculo
1477 2384 1485 2397 ,
1512 2360 1574 2390 lu—

884 2415 986 2447 minis
1001 2414 1118 2452 orbus,
1140 2414 1226 2453 item·
1241 2411 1348 2445 etiam
1362 2407 1494 2446 Tibull.
1512 2409 1549 2444 11
1563 2435 1573 2453 ‚

885 2477 899 2500 1
912 2491 921 2509 ,
942 2479 994 2511 77,
1012 2465 1263 2508 sicpraetenlare
1272 2466 1336 2497 iter
1345 2462 1452 2502 dixit3
1470 2474 1576 2507 supra

887 2518 921 2552 X
934 2543 943 2560 ‚
965 2518 1028 2560 455
1044 2542 1052 2561 ,
1076 2522 1166 2550 motu
1180 2515 1306 2549 'ca-cum
1330 2518 1395 2549 iter
1412 2516 1576 2558 explorat.

888 2568 1010 2613 Vulgo
1041 2575 1160 2602 autem
1191 2567 1321 2613 legitur
1344 2570 1577 2611 pertentatque

889 2635 990 2657 manu
1013 2623 1130 2655 siloas.
1146 2636 1191 2645 --
1210 2619 1312 2665 Regii
1333 2618 1469 2654 codices
1487 2618 1575 2653 dant

884 2680 1098 2721 proetemptal
1105 2684 1117 2715 ,·
1139 2673 1182 2708 de
1195 2686 1264 2719 qua
1275 2672 1449 2708 scribendi
1460 2672 1577 2707 forma

891 2727 971 2761 vide
989 2739 1053 2762 nos
1072 2725 1114 2760 ad
1133 2726 1166 2761 X
1181 2752 1190 2770 ,
1219 2726 1294 2771 37¹·
1313 2726 1581 2760 Ed.-Foedare
