1820 3106
246 243 304 286 68

605 243 658 286 Ρ.
701 243 949 287 OVIDII
985 243 1294 290 NASONIS

244 335 389 384 Labra
411 335 564 383 incana
587 335 703 394 situ3
728 336 870 384 scabri
892 335 1095 399 rubigine
1118 337 1270 386 dentes
1292 357 1302 395 ;

245 413 369 461 Dura
390 413 524 471 cutis,
548 432 627 479 per
649 414 988 479 quamspectari
1011 414 1173 463 viscera
1195 426 1377 481 possent
1397 434 1407 472 ;

245 491 360 538 Ossa
384 490 466 539 sub
491 490 684 538 incurvis
707 490 936 538 exstabant
957 490 1076 539 arida
1096 491 1259 540 lumbis
1280 511 1290 549 ;

243 568 423 616 Ventris
446 580 538 616 erat
560 587 642 634 pro
665 579 814 615 ventre
837 566 961 616 locus
980 588 990 615 :
1010 568 1198 634 pendere
1218 581 1396 635 putares

1589 581 1655 615 805

244 645 403 692 Pectus
418 681 429 702 ‚
452 655 495 692 et
519 663 544 692 a
565 644 701 710 spinae
726 645 1030 692 tantummodo
1056 656 1170 694 c'rate
1195 645 1343 693 teneri.

242 724 438 771 Auxerat
458 720 666 770 articulos
690 722 847 770 macies
862 759 874 780 ,
901 741 1178 788 genuumque
1199 723 1372 784 rigebat

244 799 382 848 Orbis
397 836 408 857 ‚
433 810 476 846 et
497 798 733 846 immodico
762 798 1003 864 prodibant
1026 799 1180 847 tubere
1203 798 1291 847 tali.

242 877 367 923 Hanc
388 874 544 941 procul
568 886 619 922 ut
642 874 753 922 vidit
769 911 780 932 ‚
803 894 946 940 neque
969 875 1084 923 enim
1108 887 1174 923 est
1193 875 1392 924 accedere
1410 875 1534 940 juxta

242 953 391 1009 Ausa,
416 950 547 999 refert
568 950 772 999 mandata
796 952 922 1009 Deae;
946 951 1215 1018 paulumque
1240 963 1407 999 morata
1423 988 1435 1009 ‚

1592 966 1658 999 8¹0

243 1030 509 1095 Quanquam
528 1027 678 1075 aberat
698 1027 832 1089 longe
846 1065 858 1086 ,
881 1049 1129 1095 quanquam
1149 1031 1281 1078 modo
1301 1041 1478 1079 venerat
1496 1029 1600 1078 illuc
1614 1067 1626 1088 ‚

241 1107 351 1155 Visa
374 1118 519 1153 tamen
543 1105 731 1152 sensisse
753 1105 955 1163 Famem;

243 1239 444 1284 designant,
470 1236 585 1271 addita
606 1243 688 1270 sunt
704 1262 713 1278 ,
738 1243 814 1270 tum
838 1235 917 1280 quia

242 1303 365 1325 omnes
377 1291 426 1332 (et
439 1288 548 1322 nostri
565 1287 671 1322 etiam
685 1287 814 1333 Regii),
827 1299 918 1332 prae-
939 1285 943 1288 ’

241 1350 297 1378 ter
307 1354 432 1383 unum,
446 1338 593 1374 Codices
632 1351 650 1372 a
659 1338 831 1373 exhibent.
843 1339 918 1384 Ego

242 1405 326 1428 vero
341 1391 532 1427 Heinsium
552 1396 688 1424 secutus
705 1402 793 1424 sum.
810 1390 919 1423 Non-

244 1447 331 1481 dum
347 1445 444 1479 enim
459 1449 561 1489 poeta
579 1443 724 1477 Famem
737 1442 897 1477 describit
909 1469 918 1486 ‚

243 1498 304 1534 sed
316 1499 390 1542 ejus
407 1508 531 1542 agrum
547 1507 643 1529 raras
652 1494 776 1529 herbas
788 1494 922 1528 haben-

243 1556 327 1584 tem.
339 1548 386 1582 Et
404 1559 474 1591 quo
491 1546 567 1590 jure
585 1545 687 1579 Fami
701 1557 794 1579 raros
808 1547 922 1579 dentes

245 1599 422 1634 dedisset?
441 1598 575 1632 Dentes
588 1597 684 1632 enim
700 1596 756 1631 illa
771 1609 843 1630 non
861 1609 923 1630 ex-

236 1651 341 1686 cutit.
356 1668 400 1675 -
419 1651 510 1683 Cava
531 1651 674 1689 lumina,
703 1648 783 1693 quia
798 1648 923 1682 Fames

247 1703 361 1739 exedit
377 1702 536 1748 pulvillos
551 1701 663 1736 carnis
674 1727 683 1745 ‚
703 1701 760 1746 qui
778 1701 923 1746 cingunt

246 1755 380 1798 oculos,
395 1766 521 1798 eosque
539 1752 675 1787 tollunt.
690 1751 839 1797 Quintil.
858 1753 923 1786 Ca-

248 1821 320 1842 oum
330 1810 438 1842 macie
447 1811 548 1850 caput
554 1833 563 1847 ,
576 1807 839 1849 conditipem'tus
849 1818 923 1839 ocu-

245 1865 289 1901 ll,
310 1863 475 1895 destituta
483 1872 585 1904 genoe.
597 1858 824 1903 Claudianus,
835 1860 929 1893 oculi

238 1915 395 1958 jacentes
420 1915 567 1946 interius.
590 1911 702 1946 Labra
726 1911 831 1945 etiam
856 1910 924 1944 ab—

247 1971 361 2000 sumta
370 1964 503 2009 fingere
516 1963 692 2009 potuisset.
707 1962 858 2007 Quintil.
867 1975 924 1996 nu·

248 2019 309 2052 dos
320 2019 425 2050 labris
440 2018 653 2051 trementibus
665 2017 832 2050 dentes.·-
838 2015 924 2049 Mox

248 2067 406 2102 revocavi
419 2069 535 2101 scabri
546 2068 672 2106 dentes,
690 2066 783 2111 quod
798 2065 923 2101 Ciosa-

250 2132 316 2154 nus
332 2125 367 2153 et
384 2118 550 2153 Heinsius
573 2130 645 2163 prae
668 2118 776 2152 altero
798 2121 925 2152 scabroe

241 2170 365 2215 fauces
380 2176 590 2215 spreverant.
607 2168 754 2204 Ovidius
768 2182 842 2203 non
858 2169 924 2203 nisi

250 2229 432 2256 externam
443 2220 559 2255 Famis
574 2221 724 2257 sormam
741 2220 901 2255 describit
913 2245 923 2264 ,

237 2274 400 2318 faucium
416 2279 535 2306 autem
550 2274 664 2315 rubigo
679 2284 751 2306 non
772 2284 868 2316 aeque
886 2285 925 2306 ac

254 2324 405 2370 Quintil.
418 2327 536 2358 inanes
540 2324 695 2368 faucium
706 2326 811 2364 sinus,
828 2324 924 2358 cerni

252 2383 399 2422 poterat.
427 2376 550 2420 Neque
575 2377 688 2408 dentes
711 2381 812 2409 antea
839 2374 924 2409 des-

252 2428 371 2472 cripti,
386 2427 446 2462 sed
461 2426 573 2461 obiter
588 2433 724 2460 tantum
740 2426 924 2460 memorati

253 2481 504 2514 erant—Dum
520 2482 621 2520 culis‚·
639 2491 729 2512 unus
745 2478 925 2513 Mediceus

252 2533 336 2564 dira.
354 2533 451 2564 Dura
466 2558 473 2570 ‚
491 2530 633 2565 densata
650 2530 756 2565 succis
775 2530 925 2564 exsicca-

252 2583 305 2616 tis.
318 2581 464 2624 Confer,
476 2582 528 2616 VI
534 2582 549 2616 Ι
562 2608 571 2625 ,
591 2584 664 2629 599.
679 2580 827 2626 Quintil.
840 2594 924 2615 vero

252 2637 368 2667 laxam
387 2639 492 2667 cutem
510 2633 634 2673 habet;
652 2635 794 2668 luridam
811 2633 923 2668 Silius.

253 2703 297 2710 —
312 2685 382 2719 Pro
401 2688 548 2729 specgart'
568 2684 790 2719 Lovaniensis
810 2697 922 2718 nume-

254 2739 340 2778 rari,
357 2735 450 2781 quod
466 2735 562 2770 valde
583 2736 802 2771 adblanditur
824 2737 922 2771 Bur-—

981 1117 1188 1171 retroque
1214 1106 1423 1155 dracones

982 1249 1131 1276 mannog
1143 1244 1184 1271 ut
1195 1237 1246 1272 VI
1259 1263 1268 1281 ,
1283 1237 1343 1285 391
1351 1263 1360 1281 ,
1371 1249 1537 1272 numerare
1533 1239 1655 1283 fibras.

983 1290 1101 1324 Nostri
1109 1290 1208 1336 Regii
1213 1294 1420 1335 ‚speclari.—-
1425 1292 1514 1325 Ossa
1520 1286 1658 1326 etc.Pro

983 1342 1035 1377 his
1046 1343 1197 1387 Quintil.
1209 1349 1332 1388 tergum
1345 1346 1476 1378 ossibus
1488 1347 1658 1389 inaequale.

1028 1396 1104 1429 805.
1127 1397 1258 1430 Ventris
1274 1403 1338 1430 etc.
1353 1396 1412 1430 Sic
1422 1422 1432 1439 ‚
1447 1396 1539 1431 XIII
1549 1423 1558 1439 ,
1572 1396 1636 1440 564
1647 1423 1656 1440 ,

983 1448 1061 1480 loca
1075 1448 1221 1481 lumimze.
1241 1447 1277 1481 II
1292 1473 1301 1490 ,
1319 1447 1409 1482 Fast.
1428 1448 1510 1491 280,
1527 1449 1596 1482 Ilt'c
1603 1450 1665 1482 ubi

982 1511 1070 1532 nunc
1080 1501 1158 1532 urbs
1166 1503 1217 1533 est
1225 1524 1233 1538 ,
1246 1503 1314 1532 tum
1328 1501 1422 1532 locus
1431 1501 1522 1533 urbis
1532 1504 1661 1534 erat.—

983 1550 1147 1589 Pendere,
1166 1560 1240 1583 non
1257 1549 1362 1584 inniti
1378 1550 1660 1584 ventri—Auxe-

983 1606 1039 1636 rat
1045 1607 1109 1635 etc.
1118 1600 1280 1643 Lenzius,
1293 1601 1450 1646 longiora
1460 1600 1661 1636 reddiderat

984 1652 1152 1686 membra.
1166 1651 1308 1695 Malim,
1315 1651 1469 1696 fecerat,
1488 1658 1527 1685 ut
1543 1652 1660 1697 plures

986 1703 1119 1737 articuli
1133 1729 1142 1746 ,
1169 1703 1228 1747 qui
1254 1702 1392 1748 proprie
1415 1702 1579 1737 dicuntur
1589 1729 1599 1747 ,
1621 1704 1659 1737 in

984 1762 1208 1799 conspectum
1225 1754 1418 1800 prodirent.
1435 1772 1479 1781 —·
1488 1755 1658 1799 Erga-bau

987 1806 1087 1851 Regii
1111 1806 1220 1841 nostri
1250 1809 1423 1847 tumebat‚·
1454 1818 1526 1840 non
1543 1806 1633 1840 male
1649 1833 1660 1850 ‚

986 1870 1068 1892 nam
1080 1863 1267 1904 γουνοπαχής
1275 1885 1285 1902 ,
1297 1858 1340 1892 de
1351 1871 1421 1904 quo
1432 1858 1522 1892 infra
1531 1883 1541 1901 ‚
1552 1858 1661 1903 signi-

987 1909 1084 1953 ficat,
1101 1910 1234 1945 tumida
1253 1924 1365 1956 genua
1382 1910 1522 1945 habens.
1537 1912 1604 1944 Ed.
1617 1928 1661 1936 —

986 1963 1166 1996 Immodico
1183 1970 1246 1997 etc.
1262 1963 1311 1996 At
1327 1975 1451 1996 eorum
1463 1989 1472 2006 ,
1490 1962 1548 2007 qui
1568 1962 1659 1995 same

986 2012 1163 2056 laborant,
1182 2014 1287 2058 pedes
1308 2020 1527 2056 tumescunt,
1550 2026 1659 2058 quum

988 2064 1052 2098 alia
1066 2065 1223 2099 membra
1233 2072 1455 2100 marcescant.
1474 2064 1560 2099 Inde
1576 2065 1660 2099 He-

986 2115 1102 2149 siodus
1111 2143 1119 2156 ‚
1136 2116 1231 2150 Scut.
1244 2117 1324 2160 264,
1337 2116 1380 2151 de
1388 2116 1531 2150 homine
1544 2116 1661 2152 inedia

987 2167 1156 2210 consecto,
1168 2167 1458 2212 γουνοπαχῆςᾸῙίἆε
1467 2167 1657 2212 Graevium,

987 2217 1097 2252 Lectt.
1118 2218 1261 2253 Hesiod.
1290 2232 1338 2266 ¹9·
1357 2237 1402 2244 —
1425 2220 1549 2253 Tuben·
1571 2222 1660 2263 tali,-

989 2270 1138 2304 Heinsio
1152 2284 1170 2304 e
1186 2271 1340 2306 Floreat.
1360 2278 1395 2305 et
1409 2284 1481 2306 uuo
1495 2265 1632 2307 Bonon.
1648 2299 1658 2316 ‚

988 2321 1098 2366 placet
1114 2325 1229 2361 tubera
1244 2325 1339 2364 lalo;
1366 2335 1439 2357 non
1459 2323 1543 2357 item
1559 2324 1660 2357 Bur-

987 2387 1120 2409 manno
1131 2403 1140 2419 ,
1160 2376 1239 2421 quia
1249 2379 1330 2417 tali,
1349 2377 1407 2421 qui
1424 2377 1459 2410 in
1475 2377 1660 2421 pinguibus

986 2426 1095 2461 latent
1107 2453 1116 2470 ‚
1127 2427 1169 2461 -in
1184 2428 1291 2462 Fame
1303 2427 1396 2461 velut
1410 2430 1504 2462 tuber
1512 2427 1659 2472 prodie-

987 2479 1068 2513 rint.
1086 2479 1204 2513 Nostri
1220 2479 1320 2524 Regii
1333 2481 1444 2512 lubere
1457 2481 1529 2512 tali.

1032 2530 1106 2577 809.
1124 2532 1392 2573 Hancproculut
1400 2532 1484 2565 vidit
1495 2556 1506 2570 ,
1520 2537 1583 2566 etc.
1602 2531 1660 2567 Si-

986 2583 1077 2617 milis
1092 2583 1258 2618 aversatio
1271 2582 1442 2616 Minervae
1452 2609 1462 2625 ‚
1475 2591 1658 2629 conspecta

988 2634 1123 2668 Invidia
1134 2661 1143 2677 ,
1162 2635 1219 2677 ΙΙ,
1238 2634 1362 2679 766.--
1374 2636 1568 2679 Quanquam
1585 2648 1658 2670 non

987 2687 1061 2722 sine
1085 2687 1118 2721 vi
1140 2686 1308 2732 repetitur
1325 2713 1335 2731 ,
1367 2694 1406 2722 ut
1431 2687 1604 2722 festinatio
1623 2694 1657 2723 et

989 2738 1154 2774 aversatio
1169 2737 1339 2784 Nymphae
1350 2737 1569 2773 describatur.
