1820 3106
356 220 1043 268 METAMORPHOSEON
1074 221 1203 265 LIB.
1234 220 1327 263 XI.

1472 218 1557 263 233

140 319 251 368 Esse
268 328 399 386 putes
412 335 563 366 ramos
577 354 589 375 ‚
615 327 660 364 et
677 334 770 364 non
793 314 942 364 fallare
963 313 1177 382 putando.
1227 381 1229 384 ξ

204 397 286 445 111.
302 397 395 445 Nec
405 395 512 444 satis
524 394 610 444 hoc
622 393 799 443 Baccho
812 405 901 443 est:
917 393 1041 459 ipsos
1054 409 1231 459 quoque
1242 389 1403 440 deserit
1417 407 1561 452 agros;

141 475 342 541 Cumque
364 473 502 522 choro
523 471 728 532 meliore,
755 472 824 521 sui
848 472 991 520 vineta
1014 469 1191 538 Tymoli
1206 508 1219 530 ‚
1519 481 1564 515 86

139 549 440 618 Pactolonque
460 550 603 617 petit;
631 550 830 617 quamvis
851 569 944 598 non
969 568 1127 598 aureus
1150 547 1229 596 illo

136 630 381 696 Tempore,
405 648 485 678 nec
509 627 620 677 caris
641 641 734 678 erat
757 627 1003 676 invidiosus
1028 627 1184 676 arenis.

137 707 270 756 Hunc
293 707 474 756 adsueta
491 707 653 756 cohors
676 706 849 774 Satyri,
872 706 1141 773 Bacchaeque
1162 704 1448 771 frequentant
1469 720 1480 750 :

134 783 198 833 At
220 781 396 834 Silenus
419 784 572 843 abest;
595 783 858 833 titubantem
881 784 1094 851 annisque
1118 799 1333 848 meroque
1517 803 1562 838 90

131 921 188 944 tos
203 922 329 955 qnoque
339 910 478 944 brachia
491 911 618 954 longos.
625 927 669 936 —
679 907 815 944 Confer

131 968 255 998 notam
275 963 354 998 libri
368 962 422 1007 X,
440 965 506 998 250
518 989 528 1006 ,
546 962 641 998 uude
661 974 814 1008 appare-

129 1014 202 1059 bit,
215 1014 408 1062 superfluas
422 1028 495 1050 esse
515 1014 671 1050 hocloco
690 1015 815 1050 Inter—

130 1075 273 1118 pretum
290 1067 568 1104 emendationes.
586 1067 683 1103 Lusit
696 1080 814 1115 rursus

132 1121 299 1167 Ovidius,
317 1135 417 1158 more
434 1135 509 1158 suo.

175 1175 321 1220 85-145.
332 1177 452 1212 Wdas
461 1202 470 1215 ,
488 1188 549 1210 rex
560 1173 724 1222 Phrygiae
736 1186 814 1207 ma-

129 1226 216 1272 joris
223 1253 234 1271 ‚
244 1228 445 1274 impetravit
454 1240 474 1262 a
483 1227 622 1263 Baccho
633 1253 642 1270 ,
662 1233 699 1262 ut
712 1225 814 1272 quid-

131 1278 216 1326 quid
232 1280 443 1326 attingeret,
465 1292 590 1314 aurum
610 1286 708 1313 esset.
726 1278 812 1323 Quo

129 1345 282 1368 munere
293 1333 495 1377 instructus,
506 1344 618 1378 quum
626 1330 718 1366 same
729 1344 813 1366 cru-

129 1385 295 1429 ciaretur,
305 1385 463 1421 Bacchus
473 1385 572 1430 jussit
580 1411 590 1427 ,
603 1390 641 1418 ut
651 1396 687 1419 se
698 1383 812 1418 ablue-

129 1444 187 1472 ret
201 1437 239 1472 in
250 1437 394 1473 Pactolo
407 1436 527 1472 fluvio.
545 1435 631 1480 Quo
646 1435 737 1470 sacto
754 1435 809 1470 ille

128 1489 234 1525 rediit
248 1490 285 1525 iu
301 1490 487 1536 pristinum
505 1494 635 1526 statum
648 1513 658 1531 ‚
684 1486 812 1522 fluvius

129 1549 250 1593 autem
258 1555 385 1578 aurum
393 1541 487 1577 fen-e
496 1541 608 1587 coepit.
620 1538 724 1575 Cous.
736 1540 810 1587 Hy-

128 1593 248 1641 ginus,
263 1593 332 1629 sab.
345 1606 404 1641 ¹9¹
417 1606 430 1638 ‚-
445 1591 588 1628 Conon.
600 1591 693 1638 apud
705 1590 809 1626 Phot.

127 1658 200 1693 cap.
219 1659 258 1689 1;
279 1645 421 1682 Servius
440 1645 483 1680 ad
501 1644 690 1691 Virgilium
703 1670 713 1688 ‚
735 1643 808 1679 Ecl.

125 1697 181 1734 Vl
195 1725 206 1743 ,
229 1705 265 1734 et
281 1697 423 1734 AEneid.
438 1699 473 1734 X
486 1724 496 1742 ,
525 1699 610 1742 1423
633 1697 809 1732 Maximus

127 1744 257 1799 Tyrius
284 1751 400 1787 Serm-
424 1751 478 1786 30.
500 1751 713 1785 Narraverat
735 1748 809 1783 haec

126 1809 163 1838 et
171 1801 434 1849 Theopompus.
442 1803 578 1848 Nempe
590 1801 809 1849 Phrygiaere·

126 1867 237 1901 gnum
249 1855 405 1891 Gordius
415 1854 574 1890 condidit
583 1880 592 1897 ,
609 1854 708 1898 cujus
717 1853 808 1888 filius

124 1907 245 1942 Midas
265 1907 297 1942 ei
317 1907 479 1943 successit
502 1919 597 1942 anno
622 1907 706 1950 1428
727 1913 808 1941 ante

128 1958 322 1995 Christum.
338 1959 508 1995 Fabulam
526 1966 645 1994 autem
661 1958 704 1993 de
722 1970 808 1993 auro

126 2012 202 2058 ejus
215 2011 299 2048 inde
309 2019 423 2047 ortam
435 2011 547 2048 credit
555 2012 596 2047 cl.
610 2011 663 2046 vir
679 2013 812 2056 Goguet

125 2063 170 2099 de
184 2064 332 2111 Origine
347 2064 475 2100 artium
488 2091 498 2108 ,
513 2071 599 2099 tom.
613 2064 667 2108 11,
679 2077 712 2109 p.
723 2063 806 2107 265,

126 2117 221 2164 quod
242 2118 358 2154 Midas
378 2126 481 2154 terrae
503 2131 574 2154 suae
594 2125 807 2165 proventum

126 2172 217 2207 bene
235 2171 433 2207 vendiderit
445 2198 454 2215 ,
478 2179 782 2217 mercaturamque
795 2197 805 2214 ‚

126 2236 205 2270 quae
223 2231 326 2270 tropo
339 2237 413 2259 non
427 2223 620 2259 admodum
637 2223 726 2258 duro
739 2222 807 2259 dici

124 2277 232 2324 possit
242 2277 361 2312 omnia
371 2278 407 2311 in
421 2289 547 2311 aurum
562 2283 698 2311 mutare
709 2303 718 2320 ‚
730 2289 807 2322 pro-

124 2329 286 2364 moverit.
296 2328 402 2364 Certe
413 2329 519 2364 etiam
530 2341 595 2363 nos
604 2327 751 2363 dicimus
762 2328 805 2363 de

124 2380 258 2416 colonis
271 2407 280 2425 ‚
301 2381 361 2426 qui
379 2392 544 2426 agrorum
561 2392 707 2414 suorum
723 2392 808 2425 pro-

122 2441 272 2469 ventum
297 2435 387 2469 bene
413 2433 573 2468 vendunt
585 2459 595 2475 ,
617 2437 668 2467 sie
691 2436 806 2468 missen

121 2488 194 2521 ihre
209 2488 372 2522 Pmducte
396 2499 439 2520 zu
463 2488 653 2520 versilbem.
678 2486 807 2520 Anco-

122 2550 200 2572 ram
212 2538 382 2573 invenisse
397 2538 512 2572 Midas
522 2537 671 2572 traditur
683 2551 701 2571 a
714 2538 806 2572 Pau-

123 2590 234 2630 sania,
252 2590 356 2626 Attic.
372 2603 404 2635 p.
422 2604 459 2624 12
474 2616 484 2634 ,
505 2589 806 2635 quemadmodum

123 2643 167 2678 ad
179 2643 413 2686 Demodicen,
425 2656 571 2678 uxorem
587 2644 676 2688 ejus,
694 2650 806 2677 artem

121 2697 282 2742 signandi
299 2710 464 2732 nummos
483 2698 703 2740 reserebant3
722 2698 807 2732 Pol—

121 2748 198 2795 lux,
215 2749 271 2786 lib.
288 2750 382 2795 Vll,
400 2763 472 2796 cap.
484 2762 522 2786 vi
536 2777 546 2796 ,
565 2750 593 2797 S.
611 2752 684 2787 181.
702 2750 806 2787 Divi-

881 909 938 944 tiae
952 907 1061 943 Midoe
1075 908 1113 942 in
1126 905 1313 954 proverbio
1328 911 1450 946 erant;
1469 904 1565 952 Tyr-

882 969 967 998 taeus
977 989 986 1006 ‚
1000 962 1074 1006 111,
1088 962 1127 1004 53
1142 960 1277 996 Plinius
1290 986 1300 1004 ,
1313 958 1477 994 XXXIII
1488 984 1497 1001 ,
1515 959 1563 992 15.

879 1015 956 1049 -E
967 1013 1116 1048 Thracia
1127 1012 1314 1048 transimus
1325 1012 1363 1046 in
1371 1011 1518 1059 Lydiam
1529 1016 1565 1044 et

881 1066 1218 1113 Phrygiam.—Non
1232 1068 1320 1099 satis
1334 1064 1366 1098 ei
1377 1070 1446 1103 est,
1463 1062 1563 1106 cujus

879 1117 932 1153 ira
947 1131 1022 1153 non
1043 1118 1201 1164 mitigata
1220 1123 1271 1151 est
1291 1128 1364 1151 uno
1386 1114 1566 1160 supplicio.

879 1172 1054 1205 —Chorus
1069 1170 1196 1205 Bacchi
1214 1182 1287 1204 voc.
1304 1169 1447 1215 proprio
1464 1169 1564 1202 thia-

878 1237 938 1259 sus
957 1224 1160 1264 dicebatur;
1181 1222 1259 1257 vide
1277 1222 1320 1257 ad
1338 1222 1564 1268 111„5a9;-

884 1280 1017 1313 Vincta.
1047 1277 1206 1321 Quidam
1227 1280 1346 1320 pineta
1361 1302 1370 1317 ,
1401 1277 1534 1309 dumeta
1547 1300 1557 1315 ‚

877 1333 1072 1373 spineta.—
1089 1328 1220 1374 Regius
1239 1327 1360 1362 Codex
1374 1334 1494 1361 noster
1509 1326 1539 1360 A
1550 1352 1559 1370 ‚

876 1384 1030 1426 spineta5
1054 1379 1176 1415 Codex
1194 1381 1225 1415 B
1238 1406 1248 1423 ‚
1268 1383 1385 1414 vinela
1403 1385 1439 1414 et
1457 1391 1562 1424 supra

876 1437 934 1469 vel
934 1437 1062 1479 pineta.
1076 1433 1132 1468 De
1144 1436 1268 1468 vinetis
1283 1431 1504 1479 Tymolivide
1517 1430 1562 1466 ad

877 1487 931 1523 VI
944 1514 953 1531 ,
972 1487 1131 1522 15.-Sui
1141 1492 1286 1532 propter
1296 1485 1424 1519 vineta.
1434 1483 1564 1518 Maluit

875 1553 1005 1580 aureus,
1018 1552 1124 1585 quam
1138 1539 1279 1582 aurifer,
1294 1538 1376 1583 quia
1389 1551 1430 1596 ξι
1441 1544 1562 1572 mente

876 1599 988 1639 poetae
1003 1593 1110 1627 etiam
1120 1604 1209 1637 aqua
1220 1590 1353 1626 Pactoli
1365 1602 1470 1624 aurea
1478 1589 1559 1628 fuit:

875 1644 953 1679 vide
970 1658 1057 1680 vers.
1080 1645 1149 1688 142.
1164 1662 1208 1670 —
1219 1645 1291 1678 Nec
1301 1645 1412 1683 caris,
1432 1640 1468 1676 id
1485 1648 1559 1684 est,

873 1696 1032 1742 pretiosis
1047 1709 1056 1738 ;
1074 1709 1136 1732 nec
1142 1695 1264 1740 fulvis.
1276 1712 1320 1720 --
1333 1692 1433 1739 Regii
1448 1691 1561 1727 nostri

873 1752 986 1791 car1‘s,·
999 1749 1114 1794 sulm}
1134 1760 1198 1794 pro
1219 1746 1327 1792 glossa
1348 1753 1410 1780 est.
1435 1746 1501 1780 Ed.
1515 1762 1560 1771 --

872 1802 1064 1836 Invidiosus
1086 1803 1219 1840 arenis,
1250 1798 1413 1845 praeclare
1426 1823 1436 1841 ,
1460 1797 1559 1842 cujus

874 1865 996 1887 arenas
1012 1865 1094 1887 cum
1113 1851 1243 1886 invidia
1262 1850 1472 1896 expetebant
1487 1848 1556 1884 ho-

873 1907 998 1941 mines.
1014 1906 1073 1941 Sic
1083 1918 1185 1951 supra
1198 1931 1208 1950 ,
1227 1905 1280 1940 IX
1290 1931 1300 1949 ,
1317 1917 1357 1939 10
1366 1930 1376 1948 ‚
1387 1905 1558 1939 invidiosa

871 1971 958 2003 spes.
972 1976 1017 1984 —-
1040 1959 1268 2003 Frequentaat.
1297 1956 1469 2001 Quinque
1493 1967 1557 1990 se·-

871 2019 1021 2057 quuntur.
1030 2031 1073 2038 —
1079 2010 1180 2057 Regii
1191 2010 1301 2046 nostri
1304 2009 1533 2056 frequentant.

915 2077 970 2114 9⁰·
987 2065 1119 2100 Silenus
1129 2091 1138 2106 ‚
1164 2070 1357 2110 praeceptor
1379 2069 1414 2098 et
1438 2075 1556 2098 comes

871 2117 1018 2161 Bacchi,
1035 2118 1195 2163 princeps
1209 2116 1304 2152 istius
1315 2116 1413 2151 chori
1425 2143 1434 2160 ,
1448 2128 1555 2162 quem

871 2170 959 2205 adeo
975 2172 1092 2207 statim
1109 2170 1283 2206 desiderat
1295 2198 1303 2211 ‚
1331 2177 1366 2205 et
1388 2169 1431 2204 de
1455 2170 1555 2215 cujus

871 2224 1026 2259 absentia
1038 2224 1203 2259 sollicitus
1214 2231 1265 2259 est
1277 2223 1444 2258 Bacchus.
1455 2223 1556 2257 Bene

870 2290 955 2323 ergo
966 2276 1033 2312 hoc
1044 2276 1084 2311 ad
1090 2277 1265 2312 monitum
1277 2302 1286 2319 ,
1296 2276 1349 2310 At
1355 2277 1487 2309 Silenus
1498 2277 1555 2308 ab·

869 2336 928 2364 est.
942 2330 1106 2377 Hyginus
1117 2355 1126 2373 ,
1145 2329 1238 2363 dicto
1250 2329 1345 2363 loco:
1364 2342 1380 2357 «
1394 2327 1448 2361 Eo
1461 2333 1556 2361 tem—

871 2398 889 2415 »
907 2397 990 2429 pore
1006 2383 1110 2418 Liber
1125 2390 1223 2429 pater
1240 2395 1351 2428 quum
1363 2381 1555 2416 exercitum

871 2451 889 2467 >ι
907 2437 943 2471 in
957 2436 1096 2471 Indiam
1112 2436 1257 2471 duceret
1268 2461 1278 2479 ‚
1297 2434 1438 2469 Silenus
1454 2434 1555 2468 aber·

871 2503 889 2519 »
907 2490 1014 2533 ravit,
1030 2501 1137 2534 quem
1149 2487 1265 2522 Midas
1275 2494 1457 2531 exceptum
1469 2485 1553 2520 hos—

870 2555 889 2571 »
907 2540 993 2586 pitio
1003 2540 1191 2574 liberaliter
1202 2539 1333 2584 accepit
1344 2565 1353 2583 ,
1372 2545 1476 2583 atque
1487 2537 1553 2572 du-

871 2607 888 2623 »
907 2605 984 2628 cem
998 2591 1115 2636 dedit,
1129 2591 1283 2637 quicum
1296 2591 1332 2625 in
1343 2590 1551 2626 comitatum

870 2659 888 2675 »
905 2644 1021 2679 Liberi
1041 2643 1241 2679 deduceret.
1259 2658 1276 2673 »
1296 2644 1339 2678 ln
1360 2642 1551 2690 Phrygiam

868 2695 1049 2742 aufugerat
1062 2703 1203 2731 auctore
1217 2695 1397 2731 Lactantio
1416 2695 1452 2729 in
1471 2694 1550 2729 Ar-

869 2757 1025 2796 gument.
1036 2750 1179 2786 Silenus
1193 2756 1228 2786 et
1244 2763 1350 2787 senex
1361 2756 1396 2785 et
1411 2761 1549 2794 semper
