1820 3106
358 250 1057 298 METAMORPHOSEON
1092 254 1226 298 LIB.
1261 257 1356 299 IX.

150 373 174 393 >2
200 349 553 399 Indicium-feci?
577 350 683 416 quid
699 387 710 408 ‚
738 369 834 417 quae
857 351 1035 401 celanda
1053 341 1233 402 fixerunt
1248 392 1259 412 ‚

1476 244 1562 302 ¹133

1501 370 1567 406 585

156 450 179 471 n
197 429 238 476 Τ
237 447 307 477 am
331 428 420 476 cito
445 428 642 476 commisi
666 429 914 495 properatis
937 431 1070 479 verba
1091 430 1303 480 tabellis?

150 529 173 549 »
199 505 314 554 Ante
329 517 427 554 ⁴erat
449 506 668 569 ambiguis
691 506 823 555 animi
850 509 1063 557 sententia
1087 508 1214 558 dictis

119 606 121 610 ⁴
148 604 173 626 ³»
198 583 499 633 Praetentanda
522 585 631 632 mihi
655 605 663 633 :
689 604 744 634 ne
770 604 861 633 non
885 598 1142 652 sequeretur
1165 599 1340 636 euntem
1355 625 1367 647 ‚

149 682 172 702 »ν
195 660 325 708 Parte
347 660 495 728 aliqua
516 662 627 719 veli,
654 662 796 729 qualis
817 662 932 712 foret
957 683 1060 712 aura
1075 702 1087 722 ‚
1112 677 1264 714 notare

148 758 171 780 ³>
199 737 470 803 Debueram,
496 750 683 806 tutoque
707 741 814 789 mari
840 742 1095 800 decurrere3
1121 762 1216 810 quae
1239 763 1361 793 nunc

1503 760 1568 807 590

148 835 171 855 »
196 814 312 881 Non'
324 814 562 880 exploratis
583 815 761 882 implevi
785 816 918 866 lintea
941 820 1095 868 ventis.

147 911 171 934 >2
197 891 391 939 Auferor
410 892 455 939 in
479 892 687 959 scopulos
710 894 871 957 igitur,
900 897 1216 964 submersaque
1241 909 1339 946 toto

147 990 172 1011 2»
197 968 383 1017 Obruor
407 970 608 1028 Oeeano3
634 990 776 1038 neque
797 973 967 1022 habent
991 995 1084 1024 mea
1107 976 1200 1024 vela
1225 995 1442 1025 recursus.
1470 1003 1472 1005 >

147 1069 171 1090 »
197 1047 356 1111 Quid?
378 1049 499 1115 quod
520 1061 565 1097 et
587 1050 812 1099 ominibus
839 1052 969 1100 certis
991 1053 1266 1118 prohibebar
1287 1054 1426 1102 amori

148 1147 172 1168 »
197 1125 434 1189 Indulgere
457 1146 556 1175 meo
571 1164 584 1185 ‚
610 1139 703 1176 tum
729 1148 865 1195 quum
886 1130 994 1178 mihi
1016 1130 1127 1193 serre
1149 1131 1325 1195 jubenti
1458 1193 1460 1195 q
1502 1145 1567 1192 595

150 1224 172 1246 »
200 1203 398 1262 Excidit,
423 1216 468 1253 et
490 1204 594 1254 fecit
616 1224 716 1272 spes
739 1219 914 1256 nostras
938 1227 1035 1257 cera
1058 1208 1276 1259 caducas?

145 1325 186 1354 ut
194 1318 249 1354 VI
260 1344 269 1362 ,
282 1318 357 1362 687.
368 1319 505 1365 Nempe
516 1327 701 1365 postquam
714 1321 824 1356 multa

145 1385 264 1408 secum
274 1372 484 1419 cogitaverat
496 1374 539 1409 de
550 1375 685 1419 repulsa
694 1400 704 1418 ,
717 1387 823 1420 quam

145 1425 273 1460 tulerat
287 1451 297 1469 ,
318 1425 419 1460 dolor
436 1427 473 1461 in
490 1425 564 1462 haec
578 1427 683 1461 verba
701 1440 823 1461 erum-

146 1476 218 1522 pit,
234 1478 285 1512 Et
297 1481 421 1512 merito.
438 1476 564 1522 Quum
580 1490 635 1512 res
651 1490 722 1512 non
743 1491 824 1513 suc—

145 1529 245 1564 cessit
267 1542 308 1564 ex
326 1529 434 1564 animi
453 1529 646 1573 sententia,
665 1529 799 1576 singula
811 1555 820 1573 ,

146 1596 224 1630 quae
249 1583 395 1619 fecimus
412 1610 422 1628 ,
455 1591 642 1619 retractare
671 1585 823 1619 solemus

146 1636 287 1680 animo;
305 1643 341 1672 et
351 1636 474 1672 incerti
484 1663 493 1680 ,
507 1649 589 1671 mox
597 1636 631 1670 in
643 1636 726 1679 hoc,
742 1649 823 1670 mox

145 1686 183 1721 in
198 1687 257 1722 ino
272 1699 389 1723 causas
407 1688 480 1734 spei
498 1688 669 1723 frustratae
689 1688 821 1733 quaeri-

145 1752 235 1776 mus.
256 1739 358 1776 Idem
380 1753 478 1776 nunc
498 1741 579 1776 facit
599 1741 738 1788 Byblis;
761 1740 822 1775 sed

145 1793 238 1838 justo
261 1791 400 1838 longior
425 1799 478 1828 est
502 1792 578 1827 haec
601 1793 821 1836 retractatio,

147 1858 226 1891 quae
238 1847 392 1892 pertinet
407 1859 517 1892 usque
535 1846 578 1881 ad
592 1859 680 1881 vers.
696 1846 823 1890 614.—

151 1900 253 1942 Que'd‚·
266 1911 376 1944 quum
385 1898 546 1934 nonnulli
555 1902 645 1943 quod
652 1898 802 1934 habeant
813 1926 822 1943 ‚

148 1950 316 1986 Heinsius
338 1951 480 1997 putabat
500 1964 581 1997 quo,
600 1951 636 1986 id
658 1958 731 1994 est,
750 1963 821 1986 cur.

147 2004 233 2040 Sine
251 2017 351 2041 causa
369 2019 378 2046 ;
398 2018 482 2039 nam
502 2007 586 2050 quid
596 2004 690 2040 idem
708 2004 823 2050 sigui-

146 2056 228 2092 ficat
241 2064 277 2092 et
292 2056 335 2092 de
349 2056 519 2092 industria
533 2057 723 2102 repetitum
739 2064 790 2092 est
805 2070 824 2091 a

148 2115 311 2153 poeta.—
320 2109 422 2155 Regii
438 2109 548 2145 nostri
559 2136 569 2153 ‚
586 2112 677 2155 quid.
686 2111 824 2144 —Pro-

143 2164 282 2205 peratis.
293 2160 385 2196 Vide
398 2161 440 2196 ad
452 2162 486 2196 X
497 2188 507 2205 ,
524 2163 563 2199 31
571 2188 578 2195 .

194 2213 267 2248 588.
283 2213 534 2253 Ptoetentanda,
553 2220 633 2248 ante
651 2214 824 2250 manifes-

148 2270 221 2298 tam
233 2263 502 2299 declarationem
513 2265 719 2310 experienda
731 2280 737 2300 :
743 2280 825 2310 proe-

147 2322 275 2351 tentare
283 2315 388 2350 etiam
397 2342 406 2359 ,
419 2316 532 2360 VIII,
551 2330 580 2361 7.
590 2316 672 2350 Jam
682 2325 825 2354 conatus

149 2382 229 2405 suos
244 2382 324 2404 cum
341 2369 560 2415 navigatione
577 2377 772 2415 comparat,
787 2372 823 2406 in

151 2433 262 2466 eaque
281 2421 486 2466 metaphora
502 2420 561 2454 diu
579 2421 737 2466 persistit.
754 2422 825 2457 Sed
844 2457 848 2461 ,

151 2473 205 2506 vix
219 2472 352 2508 dolenti
368 2473 486 2507 animo
502 2473 667 2508 convenit
682 2473 756 2508 talis
775 2474 825 2508 al-

149 2524 289 2570 legoria.
298 2524 428 2560 Sensus
439 2531 556 2559 autem
568 2525 597 2568 ej
605 2538 642 2558 us
652 2525 748 2560 facile
761 2538 826 2571 po-

152 2583 218 2611 test
231 2589 251 2610 a
262 2577 382 2621 quovis
396 2576 522 2611 lectore
535 2575 827 2621 reperiri.—Las-

152 2630 257 2662 ce‘vior
269 2629 443 2672 aliquanto
458 2634 512 2662 est
528 2629 669 2662 Ovidius
684 2653 693 2667 ,
713 2627 828 2672 inquit

153 2679 293 2724 Fabius,
310 2680 423 2715 Instit.
434 2679 534 2715 Orat.
547 2682 577 2715 X
589 2707 598 2723 ‚
615 2694 632 2714 2
644 2707 653 2724 ,
665 2684 827 2715 etnimius

153 2738 285 2766 amator
297 2734 424 2776 ingenii
436 2737 512 2774 su1'‚·
537 2740 571 2767 et
587 2745 667 2766 mox
685 2746 692 2767 :
716 2734 832 2768 Ovidii

155 2784 274 2819 Medea
289 2785 420 2819 videlur
434 2786 519 2820 mihi
531 2786 698 2820 ostendere
712 2798 827 2831 quan-

888 1329 958 1357 tum
973 1325 1027 1357 vir
1038 1325 1098 1357 ille
1105 1330 1267 1366 prestare
1277 1326 1424 1367 potuerit
1433 1350 1442 1363 ‚
1460 1326 1496 1358 si
1507 1326 1567 1358 in-

883 1377 982 1418 genio
1002 1387 1063 1408 suo
1085 1381 1261 1418 temperare
1285 1388 1383 1419 quam
1403 1378 1571 1420 indulgere

887 1429 1072 1462 maluisset.
1090 1427 1137 1461 Et
1153 1427 1207 1462 hie
1221 1441 1302 1463 sane
1319 1428 1502 1464 fatendum
1517 1437 1569 1465 est

886 1477 1039 1513 lascivire
1064 1479 1167 1525 ipsius
1191 1479 1373 1526 ingenium
1388 1507 1398 1525 ‚
1425 1488 1568 1517 nactum

887 1530 1014 1564 scilicet
1033 1531 1215 1566 materiam
1237 1545 1422 1577 sequacem
1443 1541 1479 1568 et
1501 1546 1568 1579 ge-

887 1583 948 1617 nio
963 1597 1026 1618 suo
1043 1584 1198 1621 affinem.
1215 1587 1282 1620 Ed.
1298 1604 1341 1612 —-
1356 1588 1404 1621 Nc
1422 1600 1489 1621 non
1506 1600 1568 1622 se·-

882 1642 1037 1679 queretur
1049 1643 1191 1677 euntem,
1212 1645 1251 1672 ut
1262 1638 1470 1674 secundaret
1486 1653 1569 1673 cur-

886 1701 965 1722 sum
990 1701 1111 1723 meum
1130 1701 1138 1724 ε
1157 1697 1283 1724 euntem
1297 1718 1305 1731 ‚
1333 1691 1568 1737 navigantem.

890 1739 921 1774 A
937 1743 1102 1786 sequendo
1118 1750 1242 1777 ventus
1260 1746 1425 1778 sccundus
1447 1744 1569 1779 dictus.

887 1809 930 1816 —
942 1793 1081 1832 Notare,
1105 1793 1298 1828 observare.
1314 1813 1358 1820 —
1374 1797 1571 1830 Decurrilur

889 1844 1027 1889 proprie
1053 1844 1088 1878 in
1115 1845 1226 1879 stadio
1251 1845 1292 1880 ad
1318 1846 1447 1881 calcem
1466 1873 1475 1891 ,
1506 1848 1568 1882 sed

888 1894 969 1928 inde
995 1894 1061 1930 hoc
1081 1897 1288 1931 vocabulum
1308 1897 1350 1932 ad
1368 1899 1567 1945 navigatio—

887 1958 972 1980 nem
991 1946 1204 1983 translatum.

932 2001 1007 2047 592.
1019 2000 1169 2045 Auferor
1177 2009 1241 2038 etc.
1255 2002 1377 2038 Amor.
1391 2005 1446 2045 ΙΙ,
1463 2016 1513 2049 1v,
1528 2007 1567 2041 8:

888 2051 1056 2096 Auferor,
1085 2059 1124 2088 ut
1144 2057 1265 2098 rapida
1290 2059 1424 2091 concita
1445 2062 1568 2102 puppis

887 2116 986 2149 aqua.
1003 2104 1124 2139 Ed.—-
1139 2106 1172 2139 Τ
1167 2113 1247 2149 οΙο,·
1271 2107 1438 2143 Heinsius
1457 2110 1568 2144 male-

888 2156 947 2191 bat
961 2164 1060 2193 moto.
1071 2171 1115 2183 —-·
1125 2158 1224 2204 Regii
1238 2160 1348 2195 nostri
1366 2167 1445 2196 toto.

934 2211 1008 2257 594.
1026 2211 1149 2253 Quid?
1164 2214 1253 2256 quod
1268 2218 1303 2246 et
1318 2215 1485 2248 ominibus
1503 2221 1567 2249 etc.

890 2263 943 2297 Ex
968 2275 1067 2298 more
1093 2263 1412 2309 superstitiosorum
1444 2265 1567 2300 homi-

889 2329 977 2352 num
1003 2317 1076 2352 haec
1101 2317 1213 2362 dicta,
1243 2318 1324 2363 qui,
1349 2318 1408 2352 ubi
1434 2318 1568 2353 adversi

890 2369 1017 2415 aliquid
1032 2370 1071 2403 iis
1083 2369 1205 2405 accidit
1214 2396 1223 2413 ,
1238 2369 1271 2403 id
1285 2369 1366 2404 inde
1380 2377 1546 2415 repetunt
1557 2396 1567 2413 ,

890 2420 984 2466 quod
1001 2420 1176 2455 ominibus
1185 2434 1258 2455 non
1270 2421 1471 2465 paruerint;
1486 2422 1571 2456 Vir-

890 2473 989 2518 gilius
1002 2474 1074 2508 Ecl.
1085 2475 1099 2509 Ι
1111 2500 1120 2517 ,
1139 2474 1188 2508 16.
1197 2475 1295 2508 Certa
1303 2477 1416 2509 omina
1426 2482 1461 2510 et
1471 2478 1570 2520 signa

892 2525 994 2569 (vide
1010 2526 1047 2559 in
1065 2525 1172 2559 finem
1191 2525 1311 2569 notae)
1331 2533 1413 2560 sunt
1435 2528 1570 2573 perspi-

890 2591 954 2612 cua
968 2604 977 2622 ,
998 2585 1032 2612 et
1050 2590 1127 2623 opp.
1145 2580 1311 2619 obscuris,
1339 2591 1416 2624 quae
1433 2579 1570 2616 dubites

892 2641 935 2663 an
957 2629 1083 2663 ominis
1106 2629 1177 2663 vim
1202 2629 1568 2678 habeant..Virgilius,

892 2679 1021 2725 Georg.
1041 2681 1054 2714 I
1068 2707 1077 2723 ,
1095 2694 1159 2729 229
1171 2707 1180 2724 ,
1198 2683 1293 2716 haud
1303 2685 1444 2718 obscura
1460 2686 1569 2728 segma.

891 2733 1030 2766 -Fem‘t
1044 2738 1107 2767 etc.
1123 2731 1215 2767 Cera
1228 2733 1354 2769 caduca
1370 2734 1548 2781 portendit
1560 2760 1570 2777 ,

898 2797 996 2831 spem
1014 2797 1152 2832 quoque
1172 2799 1288 2823 meam
1306 2801 1377 2824 esse
1394 2791 1555 2824 caducam
1568 2814 1578 2829 ,
