1820 3106
265 259 312 286 12
623 246 673 289 P.
713 245 945 292 OVIDII
987 246 1284 292 NASONIS

259 357 281 377 »
307 335 563 394 Terrarum,
583 337 714 385 nobis
739 350 790 385 ut
813 339 939 387 Crete
962 339 1053 388 sola
1074 351 1254 406 pateret.

258 433 281 453 »
310 413 402 460 Hac
428 432 601 479 quoque
625 414 662 462 si
684 415 919 480 prohibes,
944 429 987 465 et
1009 436 1116 474 nos,
1142 417 1330 479 ingrate,
1355 415 1567 483 relinquis
1589 435 1600 474 3

258 510 280 531 »
310 490 413 537 Non
437 490 633 552 genetrix
654 493 835 558 Europa
856 492 938 540 tibi
952 530 963 550 ‚
986 493 1063 541 sed
1084 493 1308 559 inhospita
1333 493 1471 558 Syrtis
1487 530 1499 552 ,

1602 517 1662 540 120

258 587 280 607 »
308 567 575 615 Armeniaeve
598 569 754 629 tigres,
778 570 996 617 Austrove
1024 570 1183 633 agitata
1209 569 1468 635 Charybdis.

259 665 280 684 n
308 644 399 692 Nec
420 646 530 693 Jove
551 657 599 693 tu
621 657 751 694 natus
765 683 777 704 ‚
803 665 882 694 nec
901 658 1038 695 mater
1059 648 1246 710 imagine
1270 646 1384 695 tauri

258 743 280 762 »
310 722 454 770 Ducta
476 734 550 770 tua
571 734 661 780 est;
688 724 857 786 generis
878 723 986 772 falsa
1008 736 1074 773 est
1091 744 1145 793 ‚ea
1167 724 1314 773 fabula
1335 724 1466 773 vestri
1484 744 1495 782 3

260 819 283 840 >›
310 799 370 846 Et
390 818 535 847 merus
549 836 561 857 ‚
588 811 631 847 et
653 811 805 866 captus
828 799 994 850 nullius
1017 821 1164 850 amore
1184 802 1375 867 juveneae
1390 838 1402 859 ‚

256 926 407 971 tionem,
429 928 529 972 eujus
542 928 614 974 jam
627 927 823 973 exemplum
841 927 932 963 dedi.

258 997 301 1004 -
314 980 563 1020 obstruximus,
593 980 731 1014 veniam
749 979 850 1013 ullius
866 979 932 1014 loci

258 1030 408 1065 adeundi
417 1031 608 1066 ademimus
618 1031 726 1065 nobis.
735 1031 794 1065 Sic
803 1037 838 1065 et
846 1043 932 1065 vers.

262 1096 274 1116 1
282 1083 333 1118 86.
345 1082 470 1126 Quum
481 1084 518 1117 in
528 1082 706 1117 nonnullis
717 1083 862 1127 legatur,
872 1094 933 1116 ex—

252 1137 407 1178 ponimus
427 1137 535 1169 urbem
546 1161 554 1176 ‚
586 1134 624 1168 in
649 1133 720 1168 aliis
744 1136 936 1177 exponimur

257 1187 363 1219 orbem
381 1192 440 1220 aut
455 1188 531 1220 orbe
542 1212 550 1226 ,
570 1184 736 1219 Heinsius
746 1184 793 1218 sic
803 1183 885 1229 legit
897 1190 933 1218 et

256 1236 492 1281 interpungit,
519 1238 710 1278 exponimur
728 1236 826 1276 orbe,·
852 1235 934 1267 Ter-

256 1301 367 1322 rarum
390 1290 486 1322 nobis
503 1294 566 1321 etc.
591 1287 653 1321 Est
673 1293 790 1320 autem
813 1288 938 1328 exponi

257 1341 341 1380 orbe,
358 1338 490 1374 excludi
502 1345 575 1373 toto
585 1338 668 1372 orbe
679 1363 688 1381 ,
707 1336 815 1370 arceri
828 1349 865 1370 ac
876 1348 931 1370 re-

259 1392 349 1437 pelli.
359 1392 583 1426 Burmannus
594 1402 676 1425 vero
693 1395 752 1423 aut
765 1391 934 1423 obstruxi·-

259 1456 331 1477 mus
354 1442 530 1485 defendit,
561 1448 620 1476 aut
643 1453 724 1475 cum
747 1438 931 1482 Mefficeo,

258 1497 476 1535 occlushnus,
496 1501 535 1529 ut
552 1494 595 1529 sit
613 1506 691 1538 opp.
705 1492 799 1526 inter
813 1493 934 1525 occlu-

259 1549 333 1581 dere
345 1553 519 1589 etpatere3
542 1558 581 1580 ea
599 1556 681 1579 vero
698 1550 748 1578 est
766 1549 801 1577 et
818 1542 855 1575 in
871 1544 933 1575 ob-

258 1606 389 1634 struere.
399 1598 572 1633 ——Codex
587 1596 715 1642 Regius
727 1595 757 1630 B
767 1621 776 1638 ,
794 1607 812 1628 a
826 1606 935 1627 manu

260 1652 372 1696 prima
381 1677 390 1695 ,
406 1653 600 1696 exponimus
609 1650 715 1683 orbern
723 1658 735 1689 ;
754 1646 860 1681 verbo
874 1658 936 1680 ex-

255 1709 410 1750 ponimus
425 1702 627 1739 semideleto
637 1728 646 1745 ‚
671 1699 828 1735 librarius
842 1698 912 1744 ipse
923 1723 932 1741 ,

262 1767 301 1793 ut
311 1758 398 1793 mihi
407 1757 544 1792 videtur
555 1782 565 1799 ‚
583 1753 756 1789 substituit
773 1753 936 1786 obstruxi-

263 1825 335 1846 mus
348 1810 442 1856 quod
457 1809 562 1844 habet
578 1815 612 1843 et
627 1805 747 1841 Codex
759 1804 800 1838 A.
818 1803 936 1847 Hujus

262 1866 328 1901 loci
344 1865 387 1900 ad
407 1863 582 1909 exemplar
594 1888 604 1906 ‚
624 1859 754 1895 Medea
772 1857 932 1899 Senecae,

262 1932 348 1953 vers.
373 1920 437 1962 458
459 1930 467 1952 ι
485 1927 703 1961 quascumque
732 1914 849 1957 aperui
874 1913 942 1944 tibi

263 1975 347 2011 vias,
363 1971 547 2004 clusirnihi.
560 1970 632 2011 Quo
641 1981 691 2002 me
702 1966 863 2002 remittis?
872 1963 937 1998 Ed.

309 2036 322 2057 1
329 2034 381 2056 20.
390 2023 466 2056 Non
472 2023 620 2065 genetrix
629 2021 763 2063 Europa
769 2024 833 2052 etc.
844 2015 937 2051 Con-

264 2075 418 2110 sundunt
435 2081 469 2108 et
486 2074 610 2108 Noster
625 2078 660 2106 et
676 2070 730 2104 alii
744 2070 906 2103 Minoem
919 2068 937 2102 1

265 2128 346 2162 cum
359 2126 483 2160 Minoe
500 2124 546 2159 11.
563 2123 624 2164 Ille
635 2122 701 2156 suit
712 2121 808 2155 Jovis
821 2127 856 2154 et
869 2121 937 2153 Eu-

264 2191 350 2222 ropae
366 2177 478 2220 filius,
507 2175 604 2220 cujus
627 2185 734 2217 nepos
759 2172 878 2206 Minos
901 2170 936 2205 II

265 2229 454 2275 imperium
465 2227 679 2262 maritimum
694 2223 757 2268 (de
774 2235 843 2268 quo
858 2221 937 2256 vide

267 2282 450 2330 Heynium
468 2308 477 2326 ,
500 2282 535 2315 in
556 2279 797 2314 commentar.
820 2275 936 2310 societ.

269 2334 427 2380 Gotting.
437 2341 520 2368 tom.
537 2333 553 2368 I
566 2358 575 2375 ,
593 2337 679 2376 part.
691 2339 719 2363 11
732 2355 742 2373 ,
756 2342 787 2373 p.
801 2341 837 2374 71
848 2325 936 2371 sqq.)

266 2386 387 2421 habuit
401 2413 409 2430 ,
433 2393 534 2431 atque
559 2385 642 2419 Niso
657 2381 787 2417 bellum
812 2379 938 2414 intulit.

269 2458 310 2464 —-
320 2440 430 2485 Syrtes
442 2465 450 2478 ‚
466 2439 543 2472 loca
551 2438 586 2471 in
597 2436 695 2470 litore
711 2434 835 2469 Asricae
844 2433 939 2478 peri-

268 2491 475 2526 culosissima
487 2516 497 2532 ,
511 2490 554 2524 ob
570 2488 655 2522 vada
662 2499 827 2529 arenosa,
839 2492 939 2520 erant

269 2542 346 2576 duae
359 2568 368 2584 ,
384 2555 466 2586 quas
478 2541 637 2576 describit
653 2537 831 2575 Sallustius
844 2563 854 2580 ,
871 2537 895 2571 J
898 2550 939 2571 u-

271 2596 384 2642 gurth.
400 2608 470 2640 cap.
488 2596 538 2638 78.
554 2613 596 2619 —
608 2593 697 2628 Vide
709 2605 785 2638 quae
801 2591 843 2626 de
861 2592 941 2637 Syr-

271 2652 358 2684 tibus
375 2676 383 2689 ‚
409 2656 445 2683 et
466 2661 573 2693 quare
594 2649 640 2682 ita
657 2647 726 2681 sint
742 2644 915 2690 appellatae
927 2669 937 2687 ,

272 2701 312 2735 cl.
337 2701 523 2734 BURNOUF
543 2698 666 2733 dixerit
687 2699 724 2732 in
742 2697 940 2732 Sallustium

272 2758 398 2787 nostrae
419 2751 579 2786 editionis
594 2776 603 2795 ‚
628 2764 658 2795 p.
674 2750 751 2796 267.
761 2747 942 2784 Ed.-Sed

996 928 1063 964 hoc
1077 929 1153 963 loco
1166 928 1378 975 intelligatur
1394 927 1492 974 regio
1506 926 1643 975 Syrtica
1658 954 1668 972 ‚

998 989 1058 1017 aut
1075 982 1222 1016 omnino
1238 981 1387 1017 solitudo
1403 981 1521 1028 Libyae
1537 993 1668 1016 areno-

997 1050 1042 1072 sa.
1059 1054 1103 1064 ·—
1118 1039 1291 1080 Inbospita
1307 1063 1316 1076 ‚
1342 1035 1402 1070 ubi
1418 1046 1525 1070 nemo
1541 1033 1676 1069 habitat

996 1090 1131 1134 iterque
1147 1089 1351 1124 facientibus
1367 1088 1558 1134 hospitium
1573 1099 1671 1133 prae-

997 1143 1065 1177 bet.
1088 1142 1217 1177 Lucan.
1243 1142 1260 1176 Ι
1278 1168 1288 1185 ,
1319 1142 1402 1187 367,
1426 1154 1489 1186 per
1502 1142 1671 1185 inhospita

996 1196 1103 1241 Syrtis
1118 1193 1345 1229 Litora.—De
1360 1193 1525 1228 Armenia*
1533 1194 1671 1237 tigribus

998 1246 1075 1280 vide
1093 1245 1136 1280 ad
1160 1245 1242 1289 XV,
1261 1245 1313 1281 86.
1333 1263 1377 1271 —
1397 1244 1453 1279 De
1473 1245 1662 1290 Charybdi,

997 1297 1075 1332 vide
1090 1296 1132 1331 ad
1150 1297 1222 1332 VII
1237 1323 1247 1340 ,
1265 1296 1318 1331 63.
1334 1296 1512 1339 —Auster
1521 1294 1669 1329 maxirne

997 1349 1092 1382 saevit
1099 1349 1135 1382 in
1145 1348 1234 1382 mari
1244 1347 1370 1382 Siculo.
1382 1347 1544 1393 Respexit
1552 1353 1669 1381 autem

995 1397 1048 1432 his
1064 1398 1273 1442 AEneidem,
1298 1398 1373 1441 lv,
1388 1398 1453 1434 365
1474 1410 1548 1443 sqq.
1569 1409 1578 1432 :
1598 1398 1670 1435 Nec

993 1454 1061 1485 tibi
1070 1453 1148 1486 diva
1155 1463 1293 1495 parens,
1314 1455 1443 1494 generis
1456 1464 1516 1485 nec
1531 1451 1672 1484 Darda-

994 1515 1058 1535 nus
1078 1507 1215 1542 auctor,
1245 1503 1397 1546 Perfide‚·
1423 1503 1487 1535 sed
1502 1503 1595 1535 duris
1611 1514 1671 1546 gc-

996 1557 1070 1588 nuit
1086 1560 1118 1588 te
1139 1556 1291 1588 cautibus
1316 1555 1450 1588 horrens
1471 1554 1646 1587 Caucasus
1659 1580 1668 1593 ,

996 1607 1223 1651 Hyrcanaque
1238 1606 1414 1639 admorunt
1427 1606 1529 1638 ubera
1546 1607 1654 1648 tigres.

1045 1672 1116 1692 ηπ.
1133 1659 1204 1694 Nec
1216 1659 1300 1692 Jove
1315 1663 1351 1692 tu
1367 1663 1467 1691 natus
1483 1682 1492 1698 ‚
1520 1662 1586 1691 etc.
1603 1656 1672 1691 Hic

997 1723 1116 1744 versus
1130 1716 1166 1744 et
1186 1721 1334 1754 sequens
1347 1707 1446 1742 valde
1464 1707 1618 1753 corrupti
1634 1708 1670 1741 in

998 1763 1106 1798 MSS.
1118 1762 1294 1797 Dominic.
1313 1774 1320 1795 :
1338 1762 1444 1795 Falsa
1455 1773 1517 1794 nec
1529 1763 1674 1804 imagine

997 1818 1091 1848 tauri
1101 1815 1194 1848 Lusa
1208 1820 1267 1849 tua
1279 1818 1331 1847 est
1338 1814 1483 1856 genitrix
1493 1812 1606 1856 :salsa
1620 1817 1674 1846 est

998 1880 1039 1901 ea
1046 1867 1183 1912 sabula.
1205 1867 1308 1902 Unus
1326 1864 1464 1900 Ciosani
1484 1890 1493 1908 ,
1503 1863 1599 1907 salsi
1613 1876 1674 1898 nec

998 1923 1141 1964 imagine
1166 1923 1263 1954 tauri.
1287 1918 1447 1963 Plerique
1464 1944 1473 1960 ,
1498 1920 1575 1951 lusa
1594 1923 1648 1951 est
1661 1943 1671 1956 ,

999 1972 1059 2006 sed
1077 1984 1140 2016 pro
1165 1983 1207 2005 eo
1230 1971 1338 2015 Neap.
1354 1996 1364 2013 ‚
1385 1975 1496 2013 capta.
1515 1968 1671 2002 Floreat.

1000 2022 1119 2058 Sancti
1137 2021 1271 2064 Marci,
1292 2024 1393 2055 ducta
1404 2047 1413 2061 ‚
1433 2018 1526 2065 quod
1543 2019 1673 2063 recepit

999 2073 1175 2109 Heinsius.
1187 2074 1299 2107 Porro
1312 2098 1321 2114 ‚
1340 2072 1444 2106 verba
1455 2075 1585 2114 generis
1595 2082 1674 2104 ves-

998 2130 1047 2160 tri
1058 2125 1105 2160 sic
1124 2124 1271 2160 correxit
1294 2123 1545 2169 Capoferreus,
1569 2128 1672 2166 atque

1000 2178 1047 2213 ita
1065 2184 1101 2212 et
1121 2178 1262 2212 inventa
1279 2182 1360 2211 sunt
1379 2175 1417 2209 in
1436 2187 1508 2209 uno
1525 2173 1677 2209 Heinsii.

1004 2228 1123 2263 Codex
1147 2227 1275 2272 Regius
1302 2227 1335 2261 A
1361 2226 1466 2260 habet
1492 2226 1586 2260 Lusa
1614 2231 1674 2258 tua

1000 2286 1053 2314 est
1077 2293 1087 2313 .·
1111 2282 1259 2323 genetrix
1274 2277 1375 2321 salsa
1403 2284 1455 2311 est
1484 2282 1520 2311 et
1538 2275 1674 2319 fabula.

1004 2330 1124 2365 Codex
1140 2331 1169 2364 B
1188 2329 1275 2364 nihil
1291 2335 1481 2368 mutat.‚—
1507 2325 1674 2361 Fabulam

1002 2382 1092 2417 hanc
1108 2383 1179 2428 ipse
1198 2393 1303 2426 supra
1317 2379 1469 2414 narravit
1482 2404 1491 2422 ,
1511 2378 1548 2413 ΙΙ
1561 2403 1571 2420 ,
1590 2383 1676 2411 extr.

1002 2453 1045 2461 —
1060 2436 1175 2478 Imago
1186 2460 1194 2473 ‚
1213 2434 1326 2467 forma
1343 2429 1431 2465 tauri
1448 2455 1458 2473 ,
1485 2440 1590 2474 quam
1605 2428 1673 2462 Ju-

1002 2486 1092 2531 piter
1103 2491 1315 2519 assumserat.
1326 2500 1369 2508 —-
1380 2483 1475 2515 Duci
1487 2480 1580 2514 varie
1599 2479 1678 2524 capi

1003 2532 1136 2585 potest,
1167 2537 1256 2572 trahi
1275 2562 1285 2580 ,
1306 2534 1447 2578 induci,
1470 2533 1613 2577 seduci,
1638 2539 1677 2567 ut

1004 2591 1170 2625 Heinsius
1187 2593 1329 2630 monet,
1360 2593 1418 2620 aut
1435 2612 1444 2629 ,
1463 2592 1502 2620 ut
1518 2597 1582 2631 ego
1599 2597 1678 2619 ma—

1003 2643 1084 2685 lim,
1103 2641 1224 2687 decipi.
1247 2657 1290 2666 ·-
1314 2641 1465 2678 Fabula,
1494 2645 1534 2672 ut
1559 2643 1647 2682 μῦθος
1665 2662 1674 2679 ,

1006 2694 1152 2729 omnino
1162 2690 1327 2733 narratio,
1339 2689 1419 2723 hinc
1427 2688 1566 2723 additur
1565 2687 1678 2733 falsa.

1006 2767 1048 2776 ·--
1058 2750 1102 2784 Tb
1111 2758 1204 2781 verus
1218 2749 1436 2779 revocaverat
1451 2744 1580 2786 Gieriffi
1597 2739 1676 2784 quia
