1820 3106
274 290 359 351 372

639 290 690 332 P.
729 284 960 334 ov1D11
1002 276 1299 334 NASONIS

274 383 421 448 Atque
443 382 490 429 in
514 399 614 444 rege
637 392 780 429 tamen
805 394 929 447 pater
952 393 1016 430 est
1039 401 1049 430 ε
1073 401 1154 444 ego
1177 383 1279 430 mite
1301 382 1494 448 parentis

274 459 505 522 Ingenium
525 459 670 507 verbis
695 459 748 506 ad
770 458 946 525 publica
968 459 1195 507 commoda
1217 459 1348 507 verti:

271 538 401 584 Nunc
426 536 624 602 equidem
647 536 804 594 fateor,
827 536 1028 602 fassoque
1050 537 1248 599 ignoscat
1271 536 1446 584 Atrides
1463 574 1474 594 .,

271 612 504 661 Difficilem
531 613 651 661 tenui
676 613 758 662 sub
783 613 936 679 iniquo
958 613 1100 678 judice
1125 633 1308 662 causam.

1614 636 1675 672 190

272 690 403 738 Hunc
425 701 569 737 tamen
592 688 759 738 utilitas
779 688 954 756 populi,
980 688 1211 754 fratrisque
1227 725 1239 746 ‚
1266 687 1440 753 datique

268 767 444 815 Summa
465 778 609 815 movet
630 767 812 833 sceptri,
840 766 1010 814 laudem
1031 778 1083 813 ut
1108 785 1205 814 cum
1229 766 1436 828 sanguine
1459 775 1628 831 penset.·

271 843 433 891 Mittor
459 855 501 890 et
525 843 578 891 ad
600 856 779 891 matrem
795 880 808 901 ,
836 862 930 910 quae
952 861 1044 890 non
1064 841 1279 889 hortanda
1294 879 1306 899 ‚
1329 841 1405 890 sed
1422 852 1519 889 astu

271 919 542 985 Decipienda
566 919 678 967 fuit:
702 939 790 985 quo
816 920 853 967 si
877 919 1160 967 Telamonius
1183 921 1316 976 isset,

271 997 397 1044 Orba
422 997 512 1044 suis
539 1007 684 1043 essent
705 995 941 1043 etiamnum
965 995 1097 1043 lintea
1120 995 1273 1043 ventis.

1615 1007 1676 1053 ιφ

266 1072 427 1121 Mittor
449 1083 492 1119 et
514 1070 667 1119 Iliacas
691 1070 831 1119 audax
855 1082 1005 1118 orator
1027 1071 1083 1118 ad
1104 1089 1249 1127 arces;

267 1149 487 1215 Visaque,
512 1148 737 1197 etintrata
760 1159 826 1197 est
851 1147 946 1196 altae
968 1148 1077 1196 mihi
1100 1147 1218 1196 curia
1238 1147 1382 1212 Trojae
1402 1166 1411 1194 :

267 1224 492 1292 Plenaque
515 1225 659 1273 adhuc
685 1237 777 1273 erat
799 1224 874 1272 illa
894 1225 998 1273 viris
1019 1244 1029 1272 :
1052 1223 1279 1273 interritus
1301 1223 1390 1285 egi,

267 1354 310 1362 -·
324 1337 366 1369 In
381 1348 454 1380 rege
468 1342 578 1370 tamen
589 1341 690 1379 pater
711 1341 763 1370 est
771 1348 782 1378 ,·
802 1334 881 1370 vide
897 1335 940 1369 ad

268 1387 361 1431 XII,
380 1400 433 1434 29.
452 1405 497 1413 ·—
517 1388 592 1431 Ego
605 1390 701 1421 mite.
714 1413 722 1420 .
735 1413 743 1421 .
754 1390 855 1428 verti,
876 1399 941 1432 ego

268 1442 399 1480 verbis,
424 1438 584 1473 facundia
608 1451 686 1472 mea
701 1464 711 1481 ,
732 1439 880 1483 perfeci,
902 1446 942 1473 ut

267 1503 340 1533 rex,
355 1489 509 1534 deposito
521 1489 643 1524 affectu
654 1496 812 1534 paterno,
825 1489 942 1523 mallet

269 1541 462 1577 commodis
478 1541 619 1586 publicis
634 1540 835 1575 satisfacere.
854 1542 942 1575 Wr—

267 1602 334 1629 lere
348 1606 428 1629 cum
437 1592 677 1638 praepositione
692 1594 754 1631 ad,
769 1591 941 1626 mutatio—

269 1658 354 1682 nem
370 1644 521 1687 consilii,
545 1643 684 1678 affectus
705 1650 768 1677 etc.
789 1642 940 1682 indicat;

268 1696 346 1731 vide
360 1696 483 1730 Burm.
500 1694 542 1728 ad
555 1693 743 1729 Phaedrum
754 1719 764 1737 ,
782 1694 799 1728 I
809 1718 818 1735 ,
833 1702 919 1726 xxxx
930 1717 940 1734 ,

271 1750 300 1783 5.
320 1746 478 1782 Conatus
490 1759 569 1781 suos
585 1753 621 1780 et
637 1752 778 1790 propter
793 1743 943 1778 difficul-

268 1808 377 1836 tatem
389 1826 398 1844 ,
408 1807 443 1835 et
453 1799 533 1845 quia
543 1799 740 1844 eloquentia
751 1810 836 1843 opus
847 1804 921 1831 erat
932 1823 941 1840 ‚

268 1866 350 1889 curn
374 1866 480 1887 causa
506 1851 636 1886 forensi
659 1856 835 1895 comparat
851 1875 861 1893 ,
885 1850 943 1884 cui

269 1912 392 1951 praeest
409 1907 540 1948 iniquus
550 1904 675 1945 judex,
700 1902 758 1946 qui
776 1900 942 1935 adversa—

270 1963 328 1991 tur
344 1956 484 2002 petenti.
494 1973 537 1981 —-
553 1956 674 1988 Tenere
686 1966 822 1988 causam
838 1952 943 1986 etiam

271 2006 362 2052 apud
380 2006 589 2042 Ciceronem
602 2017 664 2050 pro
679 2030 689 2048 ‚
709 2004 846 2038 vincere
859 2029 868 2046 ,
885 2003 942 2036 ob-

270 2059 382 2093 tinere
399 2069 547 2092 causam.

317 2123 388 2156 191.
406 2111 615 2152 Fratrisque5
632 2106 734 2151 vulgo
746 2132 755 2149 ‚
773 2113 808 2140 et
821 2106 858 2140 in
873 2107 943 2140 Re-

271 2160 332 2206 giis
343 2159 515 2194 codicibus
524 2158 707 2202 ,fraterque
721 2169 816 2201 aeque
830 2157 918 2190 bene
931 2170 940 2197 ;

271 2220 306 2247 et
321 2211 493 2246 revocavit
503 2209 942 2244 Mitscherlichius.-Sum-

271 2277 327 2297 ma
339 2269 444 2298 movet
455 2264 578 2305 sceptri
581 2272 593 2303 ,·
606 2260 707 2294 multi
722 2261 810 2294 Cura
818 2264 938 2299 movet,

272 2327 348 2359 quae
356 2313 500 2347 varietas
509 2312 614 2347 etiam
626 2313 659 2345 V
672 2311 762 2345 Fast.
773 2324 812 2355 72
827 2325 835 2351 ;
852 2311 942 2344 Bur-

271 2377 422 2400 mannus
440 2364 534 2398 addit
550 2364 597 2397 ita
614 2374 724 2398 curam
740 2374 805 2407 pro
821 2362 940 2406 impe—

267 2418 324 2460 rio
339 2416 461 2450 millies
477 2415 570 2460 poni.
585 2416 718 2448 Summa
735 2415 857 2457 sceptri
868 2415 946 2447 date·

270 2469 412 2514 intellig.
431 2480 567 2502 summa
582 2466 718 2512 imperii
736 2467 800 2510 (ut
815 2465 940 2500 Cicero

270 2518 448 2565 loquitur)
459 2545 468 2562 ,
478 2531 655 2553 summum
668 2518 852 2562 imperium
863 2543 872 2560 ,
885 2530 941 2551 cu·

272 2574 327 2618 jus
341 2573 478 2617 signum
496 2579 546 2606 est
562 2577 736 2616 sceptrum
748 2596 757 2613 ,
778 2570 810 2604 ei
826 2569 940 2604 credi-

272 2631 358 2658 tum.
376 2623 621 2668 Agamemnon
644 2627 828 2664 σκηπτοῦχος
848 2619 938 2663 apud

270 2675 471 2708 Homerum
482 2699 493 2715 ,
518 2673 556 2707 ll.
572 2677 599 2708 A
610 2698 619 2715 ,
643 2686 715 2718 279.
731 2689 775 2697 -
791 2672 938 2705 Laudem

262 2732 342 2760 ‘cum
363 2727 524 2768 sanguine
544 2735 687 2767 pensare
699 2750 708 2762 ,
736 2722 878 2767 gloriam
904 2728 939 2755 et

268 2776 471 2820 sanguinem
488 2775 565 2810 filiae
577 2775 614 2809 in
623 2773 754 2809 trutina
763 2773 939 2819 pondera·

1003 1348 1042 1370 re
1054 1361 1064 1378 ,
1076 1334 1110 1369 h.
1125 1347 1156 1369 e.
1168 1346 1243 1369 non
1253 1333 1366 1368 solum
1378 1331 1504 1367 affectu
1515 1338 1673 1378 paterno,

1004 1386 1065 1422 sed
1080 1387 1195 1432 gloriae
1211 1386 1315 1420 etiam
1328 1383 1442 1419 studio
1457 1383 1547 1418 duci.
1572 1428 1575 1432 Ι

1053 1441 1124 1487 193.
1135 1439 1252 1474 Mi'ttor
1259 1446 1292 1473 et
1302 1440 1352 1472 ad
1357 1443 1491 1472 matrem
1501 1436 1554 1471 vel
1564 1435 1653 1471 solus
1663 1460 1675 1477 ,

1004 1491 1058 1526 vel
1067 1490 1240 1525 Diomede
1250 1489 1374 1524 comite
1385 1514 1395 1531 ,
1406 1486 1449 1522 ad
1460 1486 1675 1533 Iphigeniam

1004 1540 1253 1577 arcessendam.
1263 1559 1307 1566 —
1319 1542 1399 1582 Quae
1408 1551 1473 1573 non
1488 1539 1672 1578 hor-tandm*

1007 1599 1154 1637 quatuor
1164 1593 1300 1626 oranda.
1309 1590 1439 1635 Regius
1447 1589 1552 1624 codex
1563 1588 1595 1623 A
1605 1589 1677 1622 hor-

1005 1645 1110 1678 tanda
1119 1654 1131 1686 ,·
1142 1642 1249 1677 codex
1259 1642 1290 1676 B
1299 1642 1462 1682 odandffi·
1473 1640 1529 1674 hic
1539 1646 1578 1674 ut
1587 1651 1676 1684 saepe

1007 1696 1086 1731 alias
1098 1722 1107 1739 ,
1125 1703 1159 1730 et
1171 1701 1210 1729 ut
1222 1694 1276 1729 alii
1285 1693 1362 1728 libri
1375 1719 1384 1734 ,
1397 1693 1531 1727 literam
1541 1693 1563 1726 h
1573 1692 1677 1726 omit-

1006 1748 1048 1784 tit
1062 1762 1071 1788 ;
1097 1746 1191 1781 unde
1213 1745 1297 1780 oriri
1323 1744 1435 1790 potuit
1460 1743 1561 1778 lectio
1586 1743 1677 1777 mala

1005 1799 1143 1833 oranda.
1163 1798 1227 1832 Ed.
1243 1815 1286 1822 —
1303 1796 1459 1830 Matrem
1479 1801 1557 1829 astu
1578 1796 1676 1828 dece-

1000 1853 1069 1894 pit,
1083 1848 1273 1890 mentiens,
1285 1846 1393 1881 filiam
1404 1852 1592 1891 nupturam
1604 1858 1675 1879 esse

1007 1900 1143 1936 Achilli.
1156 1899 1214 1934 Sic
1228 1899 1333 1933 etiam
1345 1897 1467 1944 Dictys
1478 1895 1655 1931 Cretensis
1665 1922 1675 1939 ,

1006 1955 1064 1989 lib.
1081 1955 1098 1989 I
1110 1980 1119 1997 ,
1135 1959 1170 1988 et
1185 1952 1366 2000 Hyginus,
1386 1950 1452 1986 sab.
1469 1952 1521 1998 98.
1540 1951 1676 1984 Verum

1009 2003 1099 2049 apud
1117 2002 1321 2048 Euripidem
1332 2028 1342 2046 ,
1361 2001 1437 2046 Iph.
1454 2000 1532 2036 Aul.
1548 2000 1677 2035 Mene-

1007 2055 1079 2090 laus
1094 2055 1197 2089 vertit
1212 2055 1369 2088 animum
1383 2052 1499 2088 fratris
1510 2078 1519 2095 ,
1537 2051 1676 2098 Iphige—
1716 2096 1719 2100 .

1007 2107 1064 2140 nia
1080 2113 1196 2140 autem
1208 2117 1287 2139 cum
1297 2103 1562 2151 Clytaemnestra
1573 2103 1675 2149 ipsius

1008 2157 1280 2202 Agamemnonis
1304 2156 1409 2190 literis
1435 2155 1624 2190 arcessitur.
1636 2155 1674 2190 in

1006 2215 1125 2243 castra.
1136 2227 1179 2235 —
1192 2209 1269 2242 Suis
1280 2234 1289 2248 ‚
1310 2206 1372 2241 sibi
1385 2206 1577 2241 faventibus
1588 2233 1598 2250 ,
1612 2219 1674 2241 se·-

1006 2259 1326 2300 cundis.-L1·ntea;
1345 2257 1484 2303 quidam
1501 2260 1653 2292 carbasa.

1054 2324 1064 2344 1
1072 2311 1123 2357 96.
1140 2311 1258 2344 Mittor
1269 2316 1304 2344 et
1317 2311 1446 2343 Iliacas
1458 2316 1521 2343 etc.
1536 2308 1675 2355 Ulysses

1006 2375 1086 2397 cum
1109 2362 1272 2396 Menelao
1300 2368 1379 2395 aute
1402 2361 1530 2395 bellum
1552 2373 1672 2395 susce—

1005 2422 1104 2459 ptum
1112 2414 1214 2448 Ilium
1222 2413 1343 2447 missus
1350 2419 1423 2446 erat
1429 2411 1471 2445 ad
1478 2412 1670 2456 Priamum,

1005 2473 1044 2500 ut
1060 2464 1233 2500 Helenam
1252 2469 1448 2509 repeteret;
1474 2463 1514 2498 ΙΙ.
1532 2469 1556 2498 Γ
1568 2489 1578 2506 ,
1597 2467 1672 2499 205.

1006 2518 1047 2551 In
1064 2517 1128 2551 hac
1143 2515 1343 2551 narratione
1356 2514 1488 2559 singula
1502 2514 1618 2554 valent
1630 2514 1672 2550 ad

1004 2571 1180 2603 audaciam
1191 2595 1199 2608 ‚
1229 2580 1295 2611 qua
1321 2578 1407 2611 opus
1426 2564 1530 2600 suerit
1554 2566 1589 2599 in
1608 2565 1671 2600 hac

1003 2619 1186 2663 legatione,
1197 2616 1598 2652 declarandam.—Arc'es
1607 2626 1670 2661 pro

1002 2669 1165 2714 singulari
1177 2682 1234 2702 arx
1245 2694 1254 2712 ,
1268 2669 1457 2713 Pergamus
1469 2682 1477 2709 ;
1492 2667 1569 2703 vide
1584 2679 1669 2700 vers.

1003 2721 1209 2765 344.-Al!a
1221 2720 1332 2763 Troja,
1348 2717 1423 2758 ἵλεος
1433 2723 1549 2759 αἰπεινὴ
1560 2743 1569 2761 ,
1580 2717 1618 2751 Π.
1629 2723 1667 2759 N,

1005 2773 1089 2817 7733
1109 2779 1148 2807 ut
1163 2775 1279 2812 αἰπεινὴ
1296 2774 1442 2807 Γονᾶεσσα
1453 2796 1462 2813 ,
1481 2770 1520 2803 11.
1533 2775 1556 2803 B
1568 2794 1578 2811 ‚
1595 2769 1665 2809 573.
