<?xml version="1.0" encoding="UTF-8"?>
<!DOCTYPE html PUBLIC "-//W3C//DTD XHTML 1.0 Transitional//EN"
    "http://www.w3.org/TR/xhtml1/DTD/xhtml1-transitional.dtd">
<html xmlns="http://www.w3.org/1999/xhtml" xml:lang="en" lang="en">
 <head>
  <title>
</title>
<meta http-equiv="Content-Type" content="text/html;charset=utf-8" />
  <meta name='ocr-system' content='tesseract 3.04.00' />
  <meta name='ocr-capabilities' content='ocr_page ocr_carea ocr_par ocr_line ocrx_word'/>
</head>
<body>
  <div class='ocr_page' id='page_1' title='image "./quaeextantomniao04oviduoft_0542.png"; bbox 0 0 1820 3106; ppageno 0'>
   <div class='ocr_carea' id='block_1_1' title="bbox 253 238 339 282">
    <p class='ocr_par' dir='ltr' id='par_1_1' title="bbox 253 238 339 282">
     <span class='ocr_line' id='line_1_1' title="bbox 253 238 339 282; baseline 0 0"><span class='ocrx_word' id='word_1_1' title='bbox 253 238 339 282; x_wconf 81' lang='lat'><strong>528</strong></span> 
     </span>
    </p>
   </div>
   <div class='ocr_carea' id='block_1_2' title="bbox 631 240 1288 289">
    <p class='ocr_par' dir='ltr' id='par_1_2' title="bbox 631 240 1288 289">
     <span class='ocr_line' id='line_1_2' title="bbox 631 240 1288 289; baseline 0.008 -5"><span class='ocrx_word' id='word_1_2' title='bbox 631 241 685 284; x_wconf 91' lang='lat' dir='ltr'><strong>P.</strong></span> <span class='ocrx_word' id='word_1_3' title='bbox 722 240 952 287; x_wconf 92' lang='lat' dir='ltr'><strong>OVIDII</strong></span> <span class='ocrx_word' id='word_1_4' title='bbox 969 241 1111 287; x_wconf 84' lang='lat' dir='ltr'><strong>-NAS</strong></span> <span class='ocrx_word' id='word_1_5' title='bbox 1127 242 1288 289; x_wconf 91' lang='lat' dir='ltr'><strong>ONIS</strong></span> 
     </span>
    </p>
   </div>
   <div class='ocr_carea' id='block_1_3' title="bbox 249 330 1677 1246">
    <p class='ocr_par' dir='ltr' id='par_1_3' title="bbox 249 330 1677 1092">
     <span class='ocr_line' id='line_1_3' title="bbox 252 330 1307 399; baseline 0.007 -22"><span class='ocrx_word' id='word_1_6' title='bbox 252 330 301 378; x_wconf 91' lang='lat' dir='ltr'><strong>Si</strong></span> <span class='ocrx_word' id='word_1_7' title='bbox 326 341 466 379; x_wconf 83' lang='lat' dir='ltr'><strong>tamen</strong></span> <span class='ocrx_word' id='word_1_8' title='bbox 487 342 552 380; x_wconf 87' lang='lat' dir='ltr'><strong>est</strong></span> <span class='ocrx_word' id='word_1_9' title='bbox 571 330 738 399; x_wconf 84' lang='lat' dir='ltr'><strong>aliquid</strong></span> <span class='ocrx_word' id='word_1_10' title='bbox 755 333 873 381; x_wconf 87' lang='lat' dir='ltr'><strong>mirae</strong></span> <span class='ocrx_word' id='word_1_11' title='bbox 892 334 1099 383; x_wconf 89' lang='lat' dir='ltr'><strong>novitatis</strong></span> <span class='ocrx_word' id='word_1_12' title='bbox 1121 335 1167 383; x_wconf 88' lang='lat' dir='ltr'><strong>in</strong></span> <span class='ocrx_word' id='word_1_13' title='bbox 1189 336 1307 395; x_wconf 86' lang='lat' dir='ltr'><strong>istis,</strong></span> 
     </span>
     <span class='ocr_line' id='line_1_4' title="bbox 251 407 1308 477; baseline 0.003 -20"><span class='ocrx_word' id='word_1_14' title='bbox 251 407 480 458; x_wconf 89' lang='lat' dir='ltr'><strong>Alternare</strong></span> <span class='ocrx_word' id='word_1_15' title='bbox 500 411 614 459; x_wconf 87' lang='lat' dir='ltr'><strong>vices</strong></span> <span class='ocrx_word' id='word_1_16' title='bbox 630 448 642 468; x_wconf 92' lang='lat'><strong>,</strong></span> <span class='ocrx_word' id='word_1_17' title='bbox 666 422 709 460; x_wconf 90' lang='lat' dir='ltr'><strong>et</strong></span> <span class='ocrx_word' id='word_1_18' title='bbox 731 430 827 477; x_wconf 83' lang='lat' dir='ltr'><strong>quae</strong></span> <span class='ocrx_word' id='word_1_19' title='bbox 848 411 980 459; x_wconf 90' lang='lat' dir='ltr'><strong>modo</strong></span> <span class='ocrx_word' id='word_1_20' title='bbox 1003 411 1162 460; x_wconf 87' lang='lat' dir='ltr'><strong>femina</strong></span> <span class='ocrx_word' id='word_1_21' title='bbox 1185 425 1308 476; x_wconf 84' lang='lat' dir='ltr'><strong>tergo</strong></span> 
     </span>
     <span class='ocr_line' id='line_1_5' title="bbox 250 487 1660 558; baseline 0.004 -23"><span class='ocrx_word' id='word_1_22' title='bbox 250 487 383 536; x_wconf 83' lang='lat' dir='ltr'>Passa</span> <span class='ocrx_word' id='word_1_23' title='bbox 405 507 566 538; x_wconf 87' lang='lat' dir='ltr'><strong>marem</strong></span> <span class='ocrx_word' id='word_1_24' title='bbox 593 500 680 546; x_wconf 89' lang='lat' dir='ltr'><strong>est,</strong></span> <span class='ocrx_word' id='word_1_25' title='bbox 704 506 820 535; x_wconf 88' lang='lat' dir='ltr'><strong>nune</strong></span> <span class='ocrx_word' id='word_1_26' title='bbox 839 507 931 537; x_wconf 90' lang='lat' dir='ltr'><strong>esse</strong></span> <span class='ocrx_word' id='word_1_27' title='bbox 955 507 1114 536; x_wconf 86' lang='lat' dir='ltr'><strong>marem</strong></span> <span class='ocrx_word' id='word_1_28' title='bbox 1136 489 1343 538; x_wconf 85' lang='lat' dir='ltr'><strong>miremur</strong></span> <span class='ocrx_word' id='word_1_29' title='bbox 1363 490 1570 558; x_wconf 72' lang='lat' dir='ltr'><strong>hyaenam.</strong></span> <span class='ocrx_word' id='word_1_30' title='bbox 1594 505 1660 552; x_wconf 77' lang='lat'><strong>410</strong></span> 
     </span>
     <span class='ocr_line' id='line_1_6' title="bbox 250 564 1444 632; baseline 0.004 -20"><span class='ocrx_word' id='word_1_31' title='bbox 250 564 303 612; x_wconf 88' lang='lat' dir='ltr'><strong>Id</strong></span> <span class='ocrx_word' id='word_1_32' title='bbox 326 584 502 632; x_wconf 87' lang='lat' dir='ltr'><strong>quoque</strong></span> <span class='ocrx_word' id='word_1_33' title='bbox 516 603 528 623; x_wconf 93' lang='lat'><strong>,</strong></span> <span class='ocrx_word' id='word_1_34' title='bbox 547 565 675 632; x_wconf 86' lang='lat' dir='ltr'><strong>quod</strong></span> <span class='ocrx_word' id='word_1_35' title='bbox 698 566 839 616; x_wconf 85' lang='lat' dir='ltr'><strong>ventis</strong></span> <span class='ocrx_word' id='word_1_36' title='bbox 859 566 1016 615; x_wconf 88' lang='lat' dir='ltr'><strong>animal</strong></span> <span class='ocrx_word' id='word_1_37' title='bbox 1036 566 1232 615; x_wconf 88' lang='lat' dir='ltr'><strong>nutritur</strong></span> <span class='ocrx_word' id='word_1_38' title='bbox 1254 579 1296 615; x_wconf 86' lang='lat' dir='ltr'><strong>et</strong></span> <span class='ocrx_word' id='word_1_39' title='bbox 1318 587 1444 627; x_wconf 87' lang='lat' dir='ltr'><strong>aura,</strong></span> 
     </span>
     <span class='ocr_line' id='line_1_7' title="bbox 251 640 1380 709; baseline 0.003 -21"><span class='ocrx_word' id='word_1_40' title='bbox 251 641 457 689; x_wconf 85' lang='lat' dir='ltr'>Protinus</span> <span class='ocrx_word' id='word_1_41' title='bbox 482 640 715 690; x_wconf 87' lang='lat' dir='ltr'><strong>adsimulat</strong></span> <span class='ocrx_word' id='word_1_42' title='bbox 732 653 848 691; x_wconf 90' lang='lat' dir='ltr'><strong>tactu</strong></span> <span class='ocrx_word' id='word_1_43' title='bbox 874 661 1173 709; x_wconf 89' lang='lat' dir='ltr'><strong>quoscumque</strong></span> <span class='ocrx_word' id='word_1_44' title='bbox 1199 642 1380 692; x_wconf 90' lang='lat' dir='ltr'><strong>colores.</strong></span> 
     </span>
     <span class='ocr_line' id='line_1_8' title="bbox 249 719 1345 786; baseline 0.002 -20"><span class='ocrx_word' id='word_1_45' title='bbox 249 719 378 767; x_wconf 88' lang='lat' dir='ltr'><strong>Victa</strong></span> <span class='ocrx_word' id='word_1_46' title='bbox 401 720 654 768; x_wconf 85' lang='lat' dir='ltr'>racemifero</span> <span class='ocrx_word' id='word_1_47' title='bbox 679 719 827 786; x_wconf 87' lang='lat' dir='ltr'><strong>lyncas</strong></span> <span class='ocrx_word' id='word_1_48' title='bbox 851 720 973 768; x_wconf 84' lang='lat' dir='ltr'><strong>dedit</strong></span> <span class='ocrx_word' id='word_1_49' title='bbox 993 719 1119 768; x_wconf 89' lang='lat' dir='ltr'><strong>India</strong></span> <span class='ocrx_word' id='word_1_50' title='bbox 1140 720 1315 768; x_wconf 89' lang='lat' dir='ltr'><strong>Baccho</strong></span> <span class='ocrx_word' id='word_1_51' title='bbox 1335 739 1345 768; x_wconf 91' lang='lat'><strong>:</strong></span> 
     </span>
     <span class='ocr_line' id='line_1_9' title="bbox 249 796 1477 863; baseline 0.002 -20"><span class='ocrx_word' id='word_1_52' title='bbox 249 797 289 844; x_wconf 89' lang='lat' dir='ltr'><strong>E</strong></span> <span class='ocrx_word' id='word_1_53' title='bbox 314 796 498 862; x_wconf 89' lang='lat' dir='ltr'><strong>quibus,</strong></span> <span class='ocrx_word' id='word_1_54' title='bbox 525 807 576 843; x_wconf 90' lang='lat' dir='ltr'><strong>ut</strong></span> <span class='ocrx_word' id='word_1_55' title='bbox 597 808 864 855; x_wconf 88' lang='lat' dir='ltr'><strong>memorant,</strong></span> <span class='ocrx_word' id='word_1_56' title='bbox 887 796 1106 863; x_wconf 84' lang='lat' dir='ltr'><strong>quidquid</strong></span> <span class='ocrx_word' id='word_1_57' title='bbox 1128 796 1267 845; x_wconf 89' lang='lat' dir='ltr'><strong>vesica</strong></span> <span class='ocrx_word' id='word_1_58' title='bbox 1287 797 1477 857; x_wconf 84' lang='lat' dir='ltr'><strong>remisit,</strong></span> 
     </span>
     <span class='ocr_line' id='line_1_10' title="bbox 253 871 1677 939; baseline 0.002 -20"><span class='ocrx_word' id='word_1_59' title='bbox 253 873 451 921; x_wconf 85' lang='lat' dir='ltr'><strong>Vertitur</strong></span> <span class='ocrx_word' id='word_1_60' title='bbox 475 873 520 920; x_wconf 89' lang='lat' dir='ltr'><strong>in</strong></span> <span class='ocrx_word' id='word_1_61' title='bbox 543 871 737 939; x_wconf 87' lang='lat' dir='ltr'><strong>lapides,</strong></span> <span class='ocrx_word' id='word_1_62' title='bbox 761 885 804 921; x_wconf 92' lang='lat' dir='ltr'><strong>et</strong></span> <span class='ocrx_word' id='word_1_63' title='bbox 827 873 1027 936; x_wconf 85' lang='lat' dir='ltr'><strong>congelat</strong></span> <span class='ocrx_word' id='word_1_64' title='bbox 1050 893 1146 922; x_wconf 88' lang='lat' dir='ltr'><strong>aere</strong></span> <span class='ocrx_word' id='word_1_65' title='bbox 1171 885 1300 922; x_wconf 88' lang='lat' dir='ltr'><strong>tacto.</strong></span> <span class='ocrx_word' id='word_1_66' title='bbox 1596 887 1677 935; x_wconf 59' lang='grc' dir='ltr'><em>[μῦ-ι</em></span> 
     </span>
     <span class='ocr_line' id='line_1_11' title="bbox 253 949 1330 1017; baseline 0.005 -21"><span class='ocrx_word' id='word_1_67' title='bbox 253 950 325 997; x_wconf 84' lang='lat' dir='ltr'><strong>Sic</strong></span> <span class='ocrx_word' id='word_1_68' title='bbox 347 961 388 997; x_wconf 91' lang='lat' dir='ltr'><strong>et</strong></span> <span class='ocrx_word' id='word_1_69' title='bbox 412 949 646 1007; x_wconf 86' lang='lat' dir='ltr'><strong>curalium,</strong></span> <span class='ocrx_word' id='word_1_70' title='bbox 671 970 761 1016; x_wconf 92' lang='lat' dir='ltr'><strong>quo</strong></span> <span class='ocrx_word' id='word_1_71' title='bbox 782 952 974 1017; x_wconf 90' lang='lat' dir='ltr'><strong>primum</strong></span> <span class='ocrx_word' id='word_1_72' title='bbox 996 951 1182 1015; x_wconf 82' lang='lat' dir='ltr'><strong>contigit</strong></span> <span class='ocrx_word' id='word_1_73' title='bbox 1205 971 1330 1001; x_wconf 88' lang='lat' dir='ltr'><strong>auras</strong></span> 
     </span>
     <span class='ocr_line' id='line_1_12' title="bbox 251 1026 1450 1092; baseline 0.003 -18"><span class='ocrx_word' id='word_1_74' title='bbox 251 1028 492 1092; x_wconf 84' lang='lat' dir='ltr'><strong>Tempore,</strong></span> <span class='ocrx_word' id='word_1_75' title='bbox 522 1026 714 1074; x_wconf 86' lang='lat' dir='ltr'><strong>durescit</strong></span> <span class='ocrx_word' id='word_1_76' title='bbox 733 1047 743 1074; x_wconf 75' lang='grc' dir='ltr'>ε</span> <span class='ocrx_word' id='word_1_77' title='bbox 765 1027 911 1076; x_wconf 91' lang='lat' dir='ltr'><strong>mollis</strong></span> <span class='ocrx_word' id='word_1_78' title='bbox 936 1028 1020 1076; x_wconf 87' lang='lat' dir='ltr'><strong>fuit</strong></span> <span class='ocrx_word' id='word_1_79' title='bbox 1042 1029 1179 1076; x_wconf 90' lang='lat' dir='ltr'><strong>herba</strong></span> <span class='ocrx_word' id='word_1_80' title='bbox 1201 1029 1284 1077; x_wconf 92' lang='lat' dir='ltr'><strong>sub</strong></span> <span class='ocrx_word' id='word_1_81' title='bbox 1306 1029 1450 1078; x_wconf 85' lang='lat' dir='ltr'><strong>undis.</strong></span> 
     </span>
    </p>

    <p class='ocr_par' dir='ltr' id='par_1_4' title="bbox 251 1102 1566 1246">
     <span class='ocr_line' id='line_1_13' title="bbox 321 1102 1506 1161; baseline 0.002 -13"><span class='ocrx_word' id='word_1_82' title='bbox 321 1124 343 1144; x_wconf 89' lang='lat'>»</span> <span class='ocrx_word' id='word_1_83' title='bbox 372 1103 555 1150; x_wconf 88' lang='lat' dir='ltr'><strong>Deseret</strong></span> <span class='ocrx_word' id='word_1_84' title='bbox 576 1113 674 1150; x_wconf 86' lang='lat' dir='ltr'><strong>ante</strong></span> <span class='ocrx_word' id='word_1_85' title='bbox 698 1102 815 1161; x_wconf 86' lang='lat' dir='ltr'><strong>dies,</strong></span> <span class='ocrx_word' id='word_1_86' title='bbox 838 1114 882 1151; x_wconf 89' lang='lat' dir='ltr'><strong>et</strong></span> <span class='ocrx_word' id='word_1_87' title='bbox 904 1103 950 1151; x_wconf 89' lang='lat' dir='ltr'><strong>in</strong></span> <span class='ocrx_word' id='word_1_88' title='bbox 976 1102 1065 1152; x_wconf 85' lang='lat' dir='ltr'><strong>alto</strong></span> <span class='ocrx_word' id='word_1_89' title='bbox 1092 1104 1287 1153; x_wconf 88' lang='lat' dir='ltr'><strong>Phoebus</strong></span> <span class='ocrx_word' id='word_1_90' title='bbox 1308 1104 1485 1153; x_wconf 88' lang='lat' dir='ltr'><strong>anhelos</strong></span> <span class='ocrx_word' id='word_1_91' title='bbox 1504 1148 1506 1150; x_wconf 87' lang='lat'>.</span> 
     </span>
     <span class='ocr_line' id='line_1_14' title="bbox 251 1178 1566 1246; baseline 0.002 -20"><span class='ocrx_word' id='word_1_92' title='bbox 251 1178 452 1243; x_wconf 85' lang='lat' dir='ltr'><strong>AEquore</strong></span> <span class='ocrx_word' id='word_1_93' title='bbox 478 1178 619 1240; x_wconf 83' lang='lat' dir='ltr'><strong>tinget</strong></span> <span class='ocrx_word' id='word_1_94' title='bbox 639 1197 777 1244; x_wconf 90' lang='lat' dir='ltr'><strong>equos</strong></span> <span class='ocrx_word' id='word_1_95' title='bbox 793 1216 805 1237; x_wconf 88' lang='lat'><strong>,</strong></span> <span class='ocrx_word' id='word_1_96' title='bbox 829 1198 959 1245; x_wconf 89' lang='lat' dir='ltr'><strong>quam</strong></span> <span class='ocrx_word' id='word_1_97' title='bbox 985 1198 1227 1246; x_wconf 89' lang='lat' dir='ltr'><strong>consequar</strong></span> <span class='ocrx_word' id='word_1_98' title='bbox 1248 1179 1394 1228; x_wconf 87' lang='lat' dir='ltr'><strong>omnia</strong></span> <span class='ocrx_word' id='word_1_99' title='bbox 1414 1180 1566 1239; x_wconf 87' lang='lat' dir='ltr'><strong>dictis,</strong></span> 
     </span>
    </p>
   </div>
   <div class='ocr_carea' id='block_1_4' title="bbox 252 1257 1350 1325">
    <p class='ocr_par' dir='ltr' id='par_1_5' title="bbox 252 1257 1350 1325">
     <span class='ocr_line' id='line_1_15' title="bbox 252 1257 1350 1325; baseline 0.003 -21"><span class='ocrx_word' id='word_1_100' title='bbox 252 1259 305 1305; x_wconf 91' lang='lat' dir='ltr'><strong>In</strong></span> <span class='ocrx_word' id='word_1_101' title='bbox 329 1257 496 1323; x_wconf 88' lang='lat' dir='ltr'><strong>species</strong></span> <span class='ocrx_word' id='word_1_102' title='bbox 518 1257 725 1306; x_wconf 87' lang='lat' dir='ltr'><strong>translata</strong></span> <span class='ocrx_word' id='word_1_103' title='bbox 748 1277 882 1306; x_wconf 86' lang='lat' dir='ltr'><strong>novas</strong></span> <span class='ocrx_word' id='word_1_104' title='bbox 903 1278 912 1306; x_wconf 77' lang='grc' dir='ltr'><strong><em>ε</em></strong></span> <span class='ocrx_word' id='word_1_105' title='bbox 935 1258 996 1306; x_wconf 90' lang='lat' dir='ltr'><strong>sic</strong></span> <span class='ocrx_word' id='word_1_106' title='bbox 1022 1270 1216 1325; x_wconf 89' lang='lat' dir='ltr'><strong>tempore</strong></span> <span class='ocrx_word' id='word_1_107' title='bbox 1239 1259 1350 1307; x_wconf 87' lang='lat' dir='ltr'><strong>verti</strong></span> 
     </span>
    </p>
   </div>
   <div class='ocr_carea' id='block_1_5' title="bbox 1597 1272 1663 1318">
    <p class='ocr_par' dir='ltr' id='par_1_6' title="bbox 1597 1272 1663 1318">
     <span class='ocr_line' id='line_1_16' title="bbox 1597 1272 1663 1318; baseline 0 -11"><span class='ocrx_word' id='word_1_108' title='bbox 1597 1272 1663 1318; x_wconf 76' lang='lat'><strong>420</strong></span> 
     </span>
    </p>
   </div>
   <div class='ocr_carea' id='block_1_6' title="bbox 253 1334 1523 1557">
    <p class='ocr_par' dir='ltr' id='par_1_7' title="bbox 253 1334 1523 1557">
     <span class='ocr_line' id='line_1_17' title="bbox 253 1334 1414 1402; baseline 0.002 -19"><span class='ocrx_word' id='word_1_109' title='bbox 253 1335 484 1383; x_wconf 84' lang='lat' dir='ltr'><strong>Cernimus</strong></span> <span class='ocrx_word' id='word_1_110' title='bbox 499 1372 510 1393; x_wconf 92' lang='lat'><strong>‚</strong></span> <span class='ocrx_word' id='word_1_111' title='bbox 535 1346 664 1402; x_wconf 87' lang='lat' dir='ltr'><strong>atque</strong></span> <span class='ocrx_word' id='word_1_112' title='bbox 691 1334 788 1384; x_wconf 84' lang='lat' dir='ltr'><strong>illas</strong></span> <span class='ocrx_word' id='word_1_113' title='bbox 810 1336 1034 1385; x_wconf 83' lang='lat' dir='ltr'><strong>adsumere</strong></span> <span class='ocrx_word' id='word_1_114' title='bbox 1054 1337 1216 1385; x_wconf 88' lang='lat' dir='ltr'><strong>robora</strong></span> <span class='ocrx_word' id='word_1_115' title='bbox 1240 1348 1414 1400; x_wconf 74' lang='lat' dir='ltr'><strong>gentes;</strong></span> 
     </span>
     <span class='ocr_line' id='line_1_18' title="bbox 253 1404 1470 1480; baseline 0.001 -19"><span class='ocrx_word' id='word_1_116' title='bbox 253 1412 496 1461; x_wconf 82' lang='lat' dir='ltr'><strong>Concidere</strong></span> <span class='ocrx_word' id='word_1_117' title='bbox 518 1413 597 1462; x_wconf 87' lang='lat' dir='ltr'><strong>has</strong></span> <span class='ocrx_word' id='word_1_118' title='bbox 617 1433 627 1461; x_wconf 92' lang='lat'>:</span> <span class='ocrx_word' id='word_1_119' title='bbox 650 1413 712 1462; x_wconf 82' lang='lat' dir='ltr'><strong>sic</strong></span> <span class='ocrx_word' id='word_1_120' title='bbox 735 1432 890 1476; x_wconf 83' lang='lat' dir='ltr'><strong>magna</strong></span> <span class='ocrx_word' id='word_1_121' title='bbox 912 1413 997 1462; x_wconf 80' lang='lat' dir='ltr'><strong>fuit</strong></span> <span class='ocrx_word' id='word_1_122' title='bbox 1015 1433 1233 1480; x_wconf 88' lang='lat' dir='ltr'><strong>censuque</strong></span> <span class='ocrx_word' id='word_1_123' title='bbox 1257 1404 1470 1480; x_wconf 90' lang='lat' dir='ltr'><strong>virisque,</strong></span> 
     </span>
     <span class='ocr_line' id='line_1_19' title="bbox 253 1491 1523 1557; baseline -0.001 -18"><span class='ocrx_word' id='word_1_124' title='bbox 253 1492 428 1557; x_wconf 90' lang='lat' dir='ltr'><strong>Perque</strong></span> <span class='ocrx_word' id='word_1_125' title='bbox 447 1491 594 1539; x_wconf 87' lang='lat' dir='ltr'><strong>decem</strong></span> <span class='ocrx_word' id='word_1_126' title='bbox 618 1492 765 1557; x_wconf 88' lang='lat' dir='ltr'><strong>potuit</strong></span> <span class='ocrx_word' id='word_1_127' title='bbox 791 1502 961 1538; x_wconf 89' lang='lat' dir='ltr'><strong>tantum</strong></span> <span class='ocrx_word' id='word_1_128' title='bbox 987 1491 1088 1538; x_wconf 88' lang='lat' dir='ltr'><strong>dare</strong></span> <span class='ocrx_word' id='word_1_129' title='bbox 1112 1491 1336 1553; x_wconf 84' lang='lat' dir='ltr'><strong>sanguinis</strong></span> <span class='ocrx_word' id='word_1_130' title='bbox 1358 1509 1523 1549; x_wconf 89' lang='lat' dir='ltr'><strong>annos,</strong></span> 
     </span>
    </p>
   </div>
   <div class='ocr_carea' id='block_1_7' title="bbox 239 1599 935 2787">
    <p class='ocr_par' dir='ltr' id='par_1_8' title="bbox 239 1599 926 1792">
     <span class='ocr_line' id='line_1_20' title="bbox 251 1599 925 1646; baseline -0.003 -11"><span class='ocrx_word' id='word_1_131' title='bbox 251 1600 393 1646; x_wconf 83' lang='lat' dir='ltr'><strong>quidam</strong></span> <span class='ocrx_word' id='word_1_132' title='bbox 409 1600 551 1646; x_wconf 84' lang='lat' dir='ltr'><strong>intellig.</strong></span> <span class='ocrx_word' id='word_1_133' title='bbox 567 1600 792 1634; x_wconf 86' lang='lat' dir='ltr'><strong>Burmannus</strong></span> <span class='ocrx_word' id='word_1_134' title='bbox 808 1599 925 1634; x_wconf 84' lang='lat' dir='ltr'><strong>mallet</strong></span> 
     </span>
     <span class='ocr_line' id='line_1_21' title="bbox 239 1652 923 1697; baseline -0.001 -10"><span class='ocrx_word' id='word_1_135' title='bbox 239 1653 338 1697; x_wconf 67' lang='grc' dir='ltr'><strong>[στω</strong></span> <span class='ocrx_word' id='word_1_136' title='bbox 348 1653 384 1687; x_wconf 89' lang='lat' dir='ltr'><strong>in</strong></span> <span class='ocrx_word' id='word_1_137' title='bbox 395 1666 475 1688; x_wconf 84' lang='lat' dir='ltr'><strong>aras</strong></span> <span class='ocrx_word' id='word_1_138' title='bbox 486 1653 624 1687; x_wconf 89' lang='lat' dir='ltr'><strong>mutari.</strong></span> <span class='ocrx_word' id='word_1_139' title='bbox 642 1652 794 1687; x_wconf 83' lang='lat' dir='ltr'><strong>Lactant.</strong></span> <span class='ocrx_word' id='word_1_140' title='bbox 809 1653 902 1687; x_wconf 90' lang='lat' dir='ltr'><strong>enim</strong></span> <span class='ocrx_word' id='word_1_141' title='bbox 913 1679 923 1695; x_wconf 92' lang='lat'><strong>,</strong></span> 
     </span>
     <span class='ocr_line' id='line_1_22' title="bbox 252 1705 926 1749; baseline 0 -10"><span class='ocrx_word' id='word_1_142' title='bbox 252 1718 299 1739; x_wconf 88' lang='lat' dir='ltr'><strong>vs.</strong></span> <span class='ocrx_word' id='word_1_143' title='bbox 315 1719 327 1739; x_wconf 89' lang='lat'><strong>1</strong></span> <span class='ocrx_word' id='word_1_144' title='bbox 335 1718 375 1738; x_wconf 81' lang='lat'><strong>22</strong></span> <span class='ocrx_word' id='word_1_145' title='bbox 388 1718 396 1746; x_wconf 91' lang='grc'><strong>;</strong></span> <span class='ocrx_word' id='word_1_146' title='bbox 410 1705 512 1749; x_wconf 86' lang='lat' dir='ltr'><strong>Inque</strong></span> <span class='ocrx_word' id='word_1_147' title='bbox 524 1716 587 1739; x_wconf 80' lang='lat' dir='ltr'><strong>ara</strong></span> <span class='ocrx_word' id='word_1_148' title='bbox 598 1707 746 1739; x_wconf 78' lang='lat' dir='ltr'><strong>residens</strong></span> <span class='ocrx_word' id='word_1_149' title='bbox 755 1731 764 1746; x_wconf 88' lang='lat'><strong>,</strong></span> <span class='ocrx_word' id='word_1_150' title='bbox 782 1706 883 1739; x_wconf 82' lang='lat' dir='ltr'><strong>Ponit</strong></span> <span class='ocrx_word' id='word_1_151' title='bbox 889 1708 926 1739; x_wconf 77' lang='lat' dir='ltr'><strong>in</strong></span> 
     </span>
     <span class='ocr_line' id='line_1_23' title="bbox 250 1759 444 1792; baseline 0 -1"><span class='ocrx_word' id='word_1_152' title='bbox 250 1759 319 1791; x_wconf 82' lang='lat' dir='ltr'><strong>oede</strong></span> <span class='ocrx_word' id='word_1_153' title='bbox 334 1770 444 1792; x_wconf 86' lang='lat' dir='ltr'><strong>sacra.</strong></span> 
     </span>
    </p>

    <p class='ocr_par' dir='ltr' id='par_1_9' title="bbox 252 1808 927 2109">
     <span class='ocr_line' id='line_1_24' title="bbox 295 1808 924 1855; baseline 0.002 -12"><span class='ocrx_word' id='word_1_154' title='bbox 295 1809 370 1852; x_wconf 81' lang='grc'>408.</span> <span class='ocrx_word' id='word_1_155' title='bbox 387 1810 427 1843; x_wconf 71' lang='lat' dir='ltr'><strong>Sa·</strong></span> <span class='ocrx_word' id='word_1_156' title='bbox 438 1815 548 1843; x_wconf 77' lang='lat' dir='ltr'><strong>lamen</strong></span> <span class='ocrx_word' id='word_1_157' title='bbox 556 1836 564 1844; x_wconf 90' lang='lat'><strong>.</strong></span> <span class='ocrx_word' id='word_1_158' title='bbox 573 1834 580 1842; x_wconf 94' lang='lat'><strong><em>.</em></strong></span> <span class='ocrx_word' id='word_1_159' title='bbox 590 1811 762 1855; x_wconf 79' lang='lat' dir='ltr'><em>.l1yaenam.</em></span> <span class='ocrx_word' id='word_1_160' title='bbox 773 1808 905 1844; x_wconf 84' lang='lat' dir='ltr'><strong>Plinius</strong></span> <span class='ocrx_word' id='word_1_161' title='bbox 915 1836 924 1853; x_wconf 93' lang='lat'><strong>,</strong></span> 
     </span>
     <span class='ocr_line' id='line_1_25' title="bbox 252 1860 927 1906; baseline 0.001 -13"><span class='ocrx_word' id='word_1_162' title='bbox 252 1860 345 1895; x_wconf 84' lang='lat' dir='ltr'><strong>VIII</strong></span> <span class='ocrx_word' id='word_1_163' title='bbox 360 1886 370 1903; x_wconf 94' lang='lat'><strong>,</strong></span> <span class='ocrx_word' id='word_1_164' title='bbox 389 1860 450 1894; x_wconf 82' lang='lat'><strong>30:</strong></span> <span class='ocrx_word' id='word_1_165' title='bbox 465 1874 482 1890; x_wconf 88' lang='lat'>«</span> <span class='ocrx_word' id='word_1_166' title='bbox 496 1860 639 1906; x_wconf 83' lang='lat' dir='ltr'><strong>Hyaenis</strong></span> <span class='ocrx_word' id='word_1_167' title='bbox 656 1867 839 1904; x_wconf 85' lang='lat' dir='ltr'><strong>utramque</strong></span> <span class='ocrx_word' id='word_1_168' title='bbox 854 1873 927 1894; x_wconf 86' lang='lat' dir='ltr'><strong>esse</strong></span> 
     </span>
     <span class='ocr_line' id='line_1_26' title="bbox 254 1911 921 1954; baseline -0.003 -7"><span class='ocrx_word' id='word_1_169' title='bbox 254 1927 272 1942; x_wconf 68' lang='grc' dir='ltr'><strong>υ</strong></span> <span class='ocrx_word' id='word_1_170' title='bbox 290 1919 452 1947; x_wconf 85' lang='lat' dir='ltr'><strong>naturam</strong></span> <span class='ocrx_word' id='word_1_171' title='bbox 463 1937 473 1954; x_wconf 92' lang='lat'><strong>,</strong></span> <span class='ocrx_word' id='word_1_172' title='bbox 487 1919 522 1946; x_wconf 89' lang='lat' dir='ltr'><strong>et</strong></span> <span class='ocrx_word' id='word_1_173' title='bbox 534 1911 672 1946; x_wconf 87' lang='lat' dir='ltr'><strong>alternis</strong></span> <span class='ocrx_word' id='word_1_174' title='bbox 683 1912 781 1945; x_wconf 89' lang='lat' dir='ltr'><strong>annis</strong></span> <span class='ocrx_word' id='word_1_175' title='bbox 792 1925 921 1954; x_wconf 87' lang='lat' dir='ltr'><strong>mares,</strong></span> 
     </span>
     <span class='ocr_line' id='line_1_27' title="bbox 254 1961 927 2008; baseline -0.001 -11"><span class='ocrx_word' id='word_1_176' title='bbox 254 1977 272 1993; x_wconf 69' lang='grc' dir='ltr'><strong>υ</strong></span> <span class='ocrx_word' id='word_1_177' title='bbox 290 1963 430 1997; x_wconf 86' lang='lat' dir='ltr'><strong>alternis</strong></span> <span class='ocrx_word' id='word_1_178' title='bbox 444 1962 592 1997; x_wconf 84' lang='lat' dir='ltr'><strong>feminas</strong></span> <span class='ocrx_word' id='word_1_179' title='bbox 609 1961 702 2006; x_wconf 88' lang='lat' dir='ltr'><strong>fieri,</strong></span> <span class='ocrx_word' id='word_1_180' title='bbox 720 1976 838 2008; x_wconf 85' lang='lat' dir='ltr'><strong>parere</strong></span> <span class='ocrx_word' id='word_1_181' title='bbox 852 1963 927 1997; x_wconf 88' lang='lat' dir='ltr'><strong>sine</strong></span> 
     </span>
     <span class='ocr_line' id='line_1_28' title="bbox 254 2013 927 2059; baseline 0.001 -11"><span class='ocrx_word' id='word_1_182' title='bbox 254 2029 271 2045; x_wconf 70' lang='grc' dir='ltr'><strong>ι»</strong></span> <span class='ocrx_word' id='word_1_183' title='bbox 290 2027 385 2049; x_wconf 86' lang='lat' dir='ltr'><strong>mare</strong></span> <span class='ocrx_word' id='word_1_184' title='bbox 395 2041 406 2058; x_wconf 94' lang='lat'><strong>,</strong></span> <span class='ocrx_word' id='word_1_185' title='bbox 418 2013 538 2059; x_wconf 84' lang='lat' dir='ltr'><strong>vulgus</strong></span> <span class='ocrx_word' id='word_1_186' title='bbox 549 2013 668 2048; x_wconf 80' lang='lat' dir='ltr'><strong>credit.</strong></span> <span class='ocrx_word' id='word_1_187' title='bbox 680 2029 696 2044; x_wconf 88' lang='lat'>»</span> <span class='ocrx_word' id='word_1_188' title='bbox 715 2013 772 2048; x_wconf 87' lang='lat' dir='ltr'><strong>Cf.</strong></span> <span class='ocrx_word' id='word_1_189' title='bbox 785 2014 927 2049; x_wconf 86' lang='lat' dir='ltr'><strong>Aristot.</strong></span> 
     </span>
     <span class='ocr_line' id='line_1_29' title="bbox 254 2066 927 2109; baseline -0.003 -8"><span class='ocrx_word' id='word_1_190' title='bbox 254 2067 345 2102; x_wconf 81' lang='lat' dir='ltr'><strong>Hist.</strong></span> <span class='ocrx_word' id='word_1_191' title='bbox 362 2066 480 2100; x_wconf 84' lang='lat' dir='ltr'><strong>Anim.</strong></span> <span class='ocrx_word' id='word_1_192' title='bbox 498 2067 551 2100; x_wconf 89' lang='lat' dir='ltr'><strong>Vl</strong></span> <span class='ocrx_word' id='word_1_193' title='bbox 563 2092 572 2109; x_wconf 93' lang='lat'><strong>,</strong></span> <span class='ocrx_word' id='word_1_194' title='bbox 591 2066 653 2108; x_wconf 82' lang='lat'><strong>33;</strong></span> <span class='ocrx_word' id='word_1_195' title='bbox 672 2066 798 2100; x_wconf 86' lang='lat' dir='ltr'><strong>AElian.</strong></span> <span class='ocrx_word' id='word_1_196' title='bbox 816 2066 834 2100; x_wconf 79' lang='grc' dir='ltr'>ἶ</span> <span class='ocrx_word' id='word_1_197' title='bbox 847 2092 856 2108; x_wconf 91' lang='grc'>,</span> <span class='ocrx_word' id='word_1_198' title='bbox 875 2068 927 2101; x_wconf 88' lang='lat'><strong>25.</strong></span> 
     </span>
    </p>

    <p class='ocr_par' dir='ltr' id='par_1_10' title="bbox 248 2118 935 2632">
     <span class='ocr_line' id='line_1_30' title="bbox 289 2118 929 2162; baseline 0.002 -10"><span class='ocrx_word' id='word_1_199' title='bbox 289 2120 336 2162; x_wconf 67' lang='lat'><strong>*4¹</strong></span> <span class='ocrx_word' id='word_1_200' title='bbox 345 2132 371 2154; x_wconf 86' lang='lat'><strong>1.</strong></span> <span class='ocrx_word' id='word_1_201' title='bbox 391 2121 491 2162; x_wconf 84' lang='lat' dir='ltr'><strong>Quod</strong></span> <span class='ocrx_word' id='word_1_202' title='bbox 502 2122 609 2152; x_wconf 73' lang='lat' dir='ltr'><strong>ventis</strong></span> <span class='ocrx_word' id='word_1_203' title='bbox 620 2121 751 2152; x_wconf 77' lang='lat' dir='ltr'><strong>animal</strong></span> <span class='ocrx_word' id='word_1_204' title='bbox 757 2125 819 2152; x_wconf 86' lang='lat' dir='ltr'><strong>etc.</strong></span> <span class='ocrx_word' id='word_1_205' title='bbox 836 2118 929 2153; x_wconf 86' lang='lat' dir='ltr'><strong>Cha-</strong></span> 
     </span>
     <span class='ocr_line' id='line_1_31' title="bbox 252 2170 930 2216; baseline -0.001 -11"><span class='ocrx_word' id='word_1_206' title='bbox 252 2171 399 2205; x_wconf 84' lang='lat' dir='ltr'><strong>maeleon</strong></span> <span class='ocrx_word' id='word_1_207' title='bbox 411 2197 419 2214; x_wconf 90' lang='lat'><strong>,</strong></span> <span class='ocrx_word' id='word_1_208' title='bbox 429 2183 447 2205; x_wconf 88' lang='lat' dir='ltr'><strong>e</strong></span> <span class='ocrx_word' id='word_1_209' title='bbox 456 2183 583 2216; x_wconf 85' lang='lat' dir='ltr'><strong>genere</strong></span> <span class='ocrx_word' id='word_1_210' title='bbox 591 2170 795 2205; x_wconf 87' lang='lat' dir='ltr'><strong>lacertarum</strong></span> <span class='ocrx_word' id='word_1_211' title='bbox 806 2197 814 2213; x_wconf 92' lang='lat'><strong>,</strong></span> <span class='ocrx_word' id='word_1_212' title='bbox 822 2183 930 2215; x_wconf 88' lang='lat' dir='ltr'><strong>quum</strong></span> 
     </span>
     <span class='ocr_line' id='line_1_32' title="bbox 254 2220 929 2268; baseline -0.001 -12"><span class='ocrx_word' id='word_1_213' title='bbox 254 2223 458 2268; x_wconf 89' lang='lat' dir='ltr'><strong>plerumque</strong></span> <span class='ocrx_word' id='word_1_214' title='bbox 488 2235 548 2256; x_wconf 87' lang='lat' dir='ltr'><strong>ore</strong></span> <span class='ocrx_word' id='word_1_215' title='bbox 576 2228 695 2266; x_wconf 85' lang='lat' dir='ltr'><strong>aperto</strong></span> <span class='ocrx_word' id='word_1_216' title='bbox 718 2220 834 2255; x_wconf 87' lang='lat' dir='ltr'><strong>sedeat</strong></span> <span class='ocrx_word' id='word_1_217' title='bbox 851 2248 860 2264; x_wconf 92' lang='lat'><strong>,</strong></span> <span class='ocrx_word' id='word_1_218' title='bbox 891 2228 929 2255; x_wconf 91' lang='lat' dir='ltr'><strong>ut</strong></span> 
     </span>
     <span class='ocr_line' id='line_1_33' title="bbox 254 2276 935 2319; baseline -0.004 -10"><span class='ocrx_word' id='word_1_219' title='bbox 254 2287 387 2309; x_wconf 83' lang='lat' dir='ltr'><strong>muscas</strong></span> <span class='ocrx_word' id='word_1_220' title='bbox 404 2280 535 2319; x_wconf 80' lang='lat' dir='ltr'><strong>captet,</strong></span> <span class='ocrx_word' id='word_1_221' title='bbox 554 2276 662 2307; x_wconf 84' lang='lat' dir='ltr'><strong>ventis</strong></span> <span class='ocrx_word' id='word_1_222' title='bbox 673 2280 707 2307; x_wconf 83' lang='lat' dir='ltr'><strong>et</strong></span> <span class='ocrx_word' id='word_1_223' title='bbox 718 2286 802 2306; x_wconf 86' lang='lat' dir='ltr'><strong>aura</strong></span> <span class='ocrx_word' id='word_1_224' title='bbox 816 2276 935 2307; x_wconf 80' lang='lat' dir='ltr'><strong>nutriri</strong></span> 
     </span>
     <span class='ocr_line' id='line_1_34' title="bbox 254 2324 927 2367; baseline -0.006 -6"><span class='ocrx_word' id='word_1_225' title='bbox 254 2325 405 2361; x_wconf 81' lang='lat' dir='ltr'><strong>creditus</strong></span> <span class='ocrx_word' id='word_1_226' title='bbox 413 2326 641 2360; x_wconf 64' lang='lat' dir='ltr'><strong>est—Tadu.</strong></span> <span class='ocrx_word' id='word_1_227' title='bbox 655 2324 743 2359; x_wconf 83' lang='lat' dir='ltr'><strong>Plin.</strong></span> <span class='ocrx_word' id='word_1_228' title='bbox 758 2324 863 2366; x_wconf 87' lang='lat' dir='ltr'><strong>VIII,</strong></span> <span class='ocrx_word' id='word_1_229' title='bbox 873 2324 927 2367; x_wconf 80' lang='lat'><strong>33,</strong></span> 
     </span>
     <span class='ocr_line' id='line_1_35' title="bbox 255 2375 927 2421; baseline -0.003 -10"><span class='ocrx_word' id='word_1_230' title='bbox 255 2379 365 2412; x_wconf 80' lang='lat' dir='ltr'><strong>reddit</strong></span> <span class='ocrx_word' id='word_1_231' title='bbox 373 2390 498 2421; x_wconf 78' lang='lat' dir='ltr'><strong>semper</strong></span> <span class='ocrx_word' id='word_1_232' title='bbox 505 2389 732 2421; x_wconf 82' lang='lat' dir='ltr'><strong>quemcumque</strong></span> <span class='ocrx_word' id='word_1_233' title='bbox 742 2375 927 2419; x_wconf 85' lang='lat' dir='ltr'><strong>(colorem)</strong></span> 
     </span>
     <span class='ocr_line' id='line_1_36' title="bbox 248 2431 930 2472; baseline -0.003 -9"><span class='ocrx_word' id='word_1_234' title='bbox 248 2432 399 2472; x_wconf 76' lang='lat' dir='ltr'><strong>proxime</strong></span> <span class='ocrx_word' id='word_1_235' title='bbox 406 2431 551 2472; x_wconf 73' lang='lat' dir='ltr'><strong>adtingit</strong></span> <span class='ocrx_word' id='word_1_236' title='bbox 558 2455 566 2469; x_wconf 95' lang='lat'><strong><em>‚</em></strong></span> <span class='ocrx_word' id='word_1_237' title='bbox 578 2436 700 2472; x_wconf 78' lang='lat' dir='ltr'><strong>proeler</strong></span> <span class='ocrx_word' id='word_1_238' title='bbox 706 2431 834 2462; x_wconf 85' lang='lat' dir='ltr'><strong>rubrum</strong></span> <span class='ocrx_word' id='word_1_239' title='bbox 845 2440 930 2462; x_wconf 84' lang='lat' dir='ltr'><strong>can-</strong></span> 
     </span>
     <span class='ocr_line' id='line_1_37' title="bbox 254 2479 930 2526; baseline -0.001 -11"><span class='ocrx_word' id='word_1_240' title='bbox 254 2483 437 2526; x_wconf 82' lang='lat' dir='ltr'><strong>didumque.</strong></span> <span class='ocrx_word' id='word_1_241' title='bbox 452 2479 510 2515; x_wconf 81' lang='lat' dir='ltr'><strong>Cf.</strong></span> <span class='ocrx_word' id='word_1_242' title='bbox 522 2481 577 2514; x_wconf 90' lang='lat' dir='ltr'><strong>An</strong></span> <span class='ocrx_word' id='word_1_243' title='bbox 583 2480 692 2525; x_wconf 57' lang='lat' dir='ltr'><strong>tigon„</strong></span> <span class='ocrx_word' id='word_1_244' title='bbox 700 2481 753 2514; x_wconf 85' lang='lat'><strong>33.</strong></span> <span class='ocrx_word' id='word_1_245' title='bbox 764 2480 930 2514; x_wconf 74' lang='lat' dir='ltr'><strong>De&#39;causa</strong></span> 
     </span>
     <span class='ocr_line' id='line_1_38' title="bbox 256 2532 929 2577; baseline -0.001 -10"><span class='ocrx_word' id='word_1_246' title='bbox 256 2532 360 2577; x_wconf 86' lang='lat' dir='ltr'><strong>hujus</strong></span> <span class='ocrx_word' id='word_1_247' title='bbox 368 2532 568 2567; x_wconf 85' lang='lat' dir='ltr'><strong>mutationis</strong></span> <span class='ocrx_word' id='word_1_248' title='bbox 578 2532 860 2577; x_wconf 84' lang='lat' dir='ltr'><strong>disputanthodie</strong></span> <span class='ocrx_word' id='word_1_249' title='bbox 872 2545 929 2566; x_wconf 86' lang='lat' dir='ltr'><strong>na-</strong></span> 
     </span>
     <span class='ocr_line' id='line_1_39' title="bbox 258 2585 800 2632; baseline -0.002 -11"><span class='ocrx_word' id='word_1_250' title='bbox 258 2593 344 2621; x_wconf 81' lang='lat' dir='ltr'><strong>turae</strong></span> <span class='ocrx_word' id='word_1_251' title='bbox 355 2586 573 2632; x_wconf 85' lang='lat' dir='ltr'><strong>indagatores</strong></span> <span class='ocrx_word' id='word_1_252' title='bbox 586 2612 596 2629; x_wconf 92' lang='lat'><strong>,</strong></span> <span class='ocrx_word' id='word_1_253' title='bbox 614 2598 699 2630; x_wconf 87' lang='lat' dir='ltr'><strong>quos</strong></span> <span class='ocrx_word' id='word_1_254' title='bbox 711 2585 800 2620; x_wconf 86' lang='lat' dir='ltr'><strong>vide.</strong></span> 
     </span>
    </p>

    <p class='ocr_par' dir='ltr' id='par_1_11' title="bbox 257 2637 931 2787">
     <span class='ocr_line' id='line_1_40' title="bbox 289 2637 930 2684; baseline -0.002 -12"><span class='ocrx_word' id='word_1_255' title='bbox 289 2639 326 2681; x_wconf 77' lang='lat'><strong>4¹</strong></span> <span class='ocrx_word' id='word_1_256' title='bbox 333 2639 363 2672; x_wconf 83' lang='lat'><strong>3.</strong></span> <span class='ocrx_word' id='word_1_257' title='bbox 380 2640 517 2684; x_wconf 72' lang='lat' dir='ltr'><strong>lyncas</strong></span> <span class='ocrx_word' id='word_1_258' title='bbox 525 2644 625 2672; x_wconf 83' lang='lat' dir='ltr'><strong>terrae</strong></span> <span class='ocrx_word' id='word_1_259' title='bbox 633 2637 857 2682; x_wconf 85' lang='lat' dir='ltr'><strong>septemtrion</strong></span> <span class='ocrx_word' id='word_1_260' title='bbox 863 2637 930 2671; x_wconf 90' lang='lat' dir='ltr'><strong>ales</strong></span> 
     </span>
     <span class='ocr_line' id='line_1_41' title="bbox 258 2689 930 2734; baseline 0.001 -11"><span class='ocrx_word' id='word_1_261' title='bbox 258 2689 375 2733; x_wconf 87' lang='lat' dir='ltr'><strong>alunt,</strong></span> <span class='ocrx_word' id='word_1_262' title='bbox 394 2703 466 2724; x_wconf 86' lang='lat' dir='ltr'><strong>non</strong></span> <span class='ocrx_word' id='word_1_263' title='bbox 483 2692 592 2724; x_wconf 68' lang='lat' dir='ltr'><strong>India,</strong></span> <span class='ocrx_word' id='word_1_264' title='bbox 614 2690 751 2723; x_wconf 90' lang='lat' dir='ltr'><strong>Verum</strong></span> <span class='ocrx_word' id='word_1_265' title='bbox 766 2696 876 2734; x_wconf 84' lang='lat' dir='ltr'><strong>poetae</strong></span> <span class='ocrx_word' id='word_1_266' title='bbox 895 2696 930 2724; x_wconf 84' lang='lat' dir='ltr'><strong>et</strong></span> 
     </span>
     <span class='ocr_line' id='line_1_42' title="bbox 257 2735 931 2787; baseline 0.001 -12"><span class='ocrx_word' id='word_1_267' title='bbox 257 2741 404 2787; x_wconf 81' lang='lat' dir='ltr'><strong>pictores</strong></span> <span class='ocrx_word' id='word_1_268' title='bbox 418 2741 543 2778; x_wconf 81' lang='lat' dir='ltr'><strong>Bacchi</strong></span> <span class='ocrx_word' id='word_1_269' title='bbox 559 2741 675 2778; x_wconf 83' lang='lat' dir='ltr'><strong>currui</strong></span> <span class='ocrx_word' id='word_1_270' title='bbox 685 2742 837 2787; x_wconf 79' lang='lat' dir='ltr'><strong>jungunt</strong></span> <span class='ocrx_word' id='word_1_271' title='bbox 851 2735 931 2777; x_wconf 67' lang='lat' dir='ltr'><strong>mo&#39;x</strong></span> 
     </span>
    </p>
   </div>
   <div class='ocr_carea' id='block_1_8' title="bbox 989 1599 1666 1999">
    <p class='ocr_par' dir='ltr' id='par_1_12' title="bbox 989 1599 1666 1999">
     <span class='ocr_line' id='line_1_43' title="bbox 991 1599 1663 1645; baseline -0.001 -11"><span class='ocrx_word' id='word_1_272' title='bbox 991 1599 1094 1645; x_wconf 81' lang='lat' dir='ltr'><strong>tigres</strong></span> <span class='ocrx_word' id='word_1_273' title='bbox 1108 1626 1117 1643; x_wconf 88' lang='lat'><strong>,</strong></span> <span class='ocrx_word' id='word_1_274' title='bbox 1135 1612 1214 1634; x_wconf 88' lang='lat' dir='ltr'><strong>mox</strong></span> <span class='ocrx_word' id='word_1_275' title='bbox 1225 1599 1426 1645; x_wconf 82' lang='lat' dir='ltr'><strong>pantheras,</strong></span> <span class='ocrx_word' id='word_1_276' title='bbox 1444 1611 1524 1634; x_wconf 86' lang='lat' dir='ltr'><strong>mox</strong></span> <span class='ocrx_word' id='word_1_277' title='bbox 1538 1599 1663 1645; x_wconf 80' lang='lat' dir='ltr'><strong>lyncas.</strong></span> 
     </span>
     <span class='ocr_line' id='line_1_44' title="bbox 989 1651 1664 1696; baseline -0.001 -12"><span class='ocrx_word' id='word_1_278' title='bbox 989 1652 1232 1696; x_wconf 65' lang='lat' dir='ltr'><strong>—Buccmisen</strong></span> <span class='ocrx_word' id='word_1_279' title='bbox 1250 1651 1430 1686; x_wconf 84' lang='lat' dir='ltr'><strong>redimitus</strong></span> <span class='ocrx_word' id='word_1_280' title='bbox 1445 1658 1600 1695; x_wconf 85' lang='lat' dir='ltr'><strong>tempora</strong></span> <span class='ocrx_word' id='word_1_281' title='bbox 1610 1662 1664 1684; x_wconf 84' lang='lat' dir='ltr'><strong>ra-</strong></span> 
     </span>
     <span class='ocr_line' id='line_1_45' title="bbox 991 1701 1665 1748; baseline -0.003 -11"><span class='ocrx_word' id='word_1_282' title='bbox 991 1703 1095 1738; x_wconf 86' lang='lat' dir='ltr'><strong>cemis</strong></span> <span class='ocrx_word' id='word_1_283' title='bbox 1107 1716 1115 1744; x_wconf 76' lang='lat'>3</span> <span class='ocrx_word' id='word_1_284' title='bbox 1133 1704 1224 1738; x_wconf 88' lang='lat' dir='ltr'><strong>Fast.</strong></span> <span class='ocrx_word' id='word_1_285' title='bbox 1236 1703 1289 1738; x_wconf 86' lang='lat' dir='ltr'><strong>Vl</strong></span> <span class='ocrx_word' id='word_1_286' title='bbox 1303 1729 1312 1746; x_wconf 95' lang='lat'><strong>,</strong></span> <span class='ocrx_word' id='word_1_287' title='bbox 1326 1704 1398 1747; x_wconf 80' lang='lat'><strong>483.</strong></span> <span class='ocrx_word' id='word_1_288' title='bbox 1408 1703 1463 1737; x_wconf 89' lang='lat' dir='ltr'><strong>De</strong></span> <span class='ocrx_word' id='word_1_289' title='bbox 1474 1702 1575 1736; x_wconf 87' lang='lat' dir='ltr'><strong>urina</strong></span> <span class='ocrx_word' id='word_1_290' title='bbox 1587 1701 1665 1748; x_wconf 84' lang='lat' dir='ltr'><strong>lyn-</strong></span> 
     </span>
     <span class='ocr_line' id='line_1_46' title="bbox 991 1754 1662 1798; baseline -0.001 -9"><span class='ocrx_word' id='word_1_291' title='bbox 991 1768 1072 1789; x_wconf 88' lang='lat' dir='ltr'><strong>cum</strong></span> <span class='ocrx_word' id='word_1_292' title='bbox 1096 1755 1221 1790; x_wconf 81' lang='lat' dir='ltr'><strong>confer</strong></span> <span class='ocrx_word' id='word_1_293' title='bbox 1246 1754 1423 1798; x_wconf 88' lang='lat' dir='ltr'><strong>Plinium,</strong></span> <span class='ocrx_word' id='word_1_294' title='bbox 1453 1754 1567 1797; x_wconf 82' lang='lat' dir='ltr'><strong>VIII,</strong></span> <span class='ocrx_word' id='word_1_295' title='bbox 1596 1754 1662 1797; x_wconf 85' lang='lat'><strong>38,</strong></span> 
     </span>
     <span class='ocr_line' id='line_1_47' title="bbox 992 1807 1666 1854; baseline -0.003 -11"><span class='ocrx_word' id='word_1_296' title='bbox 992 1809 1051 1854; x_wconf 90' lang='lat' dir='ltr'><strong>qui</strong></span> <span class='ocrx_word' id='word_1_297' title='bbox 1061 1808 1165 1844; x_wconf 80' lang='lat' dir='ltr'><strong>tradit</strong></span> <span class='ocrx_word' id='word_1_298' title='bbox 1176 1835 1185 1852; x_wconf 92' lang='lat'><strong>,</strong></span> <span class='ocrx_word' id='word_1_299' title='bbox 1200 1821 1280 1843; x_wconf 86' lang='lat' dir='ltr'><strong>eam</strong></span> <span class='ocrx_word' id='word_1_300' title='bbox 1293 1807 1428 1854; x_wconf 82' lang='lat' dir='ltr'><strong>glaciari</strong></span> <span class='ocrx_word' id='word_1_301' title='bbox 1443 1814 1503 1842; x_wconf 86' lang='lat' dir='ltr'><strong>aut</strong></span> <span class='ocrx_word' id='word_1_302' title='bbox 1511 1818 1666 1842; x_wconf 79' lang='lat' dir='ltr'><strong>arescere</strong></span> 
     </span>
     <span class='ocr_line' id='line_1_48' title="bbox 992 1858 1666 1906; baseline -0.004 -11"><span class='ocrx_word' id='word_1_303' title='bbox 992 1862 1029 1895; x_wconf 92' lang='lat' dir='ltr'><strong>in</strong></span> <span class='ocrx_word' id='word_1_304' title='bbox 1053 1873 1207 1906; x_wconf 84' lang='lat' dir='ltr'><strong>gemmas</strong></span> <span class='ocrx_word' id='word_1_305' title='bbox 1234 1859 1450 1895; x_wconf 79' lang='lat' dir='ltr'><strong>carbunculis</strong></span> <span class='ocrx_word' id='word_1_306' title='bbox 1477 1858 1605 1894; x_wconf 83' lang='lat' dir='ltr'><strong>similes</strong></span> <span class='ocrx_word' id='word_1_307' title='bbox 1625 1864 1666 1892; x_wconf 77' lang='lat' dir='ltr'><strong>et</strong></span> 
     </span>
     <span class='ocr_line' id='line_1_49' title="bbox 992 1910 1666 1958; baseline -0.004 -11"><span class='ocrx_word' id='word_1_308' title='bbox 992 1913 1094 1958; x_wconf 86' lang='lat' dir='ltr'><strong>igneo</strong></span> <span class='ocrx_word' id='word_1_309' title='bbox 1117 1912 1229 1947; x_wconf 89' lang='lat' dir='ltr'><strong>colore</strong></span> <span class='ocrx_word' id='word_1_310' title='bbox 1248 1912 1442 1957; x_wconf 81' lang='lat' dir='ltr'><strong>fulgentes,</strong></span> <span class='ocrx_word' id='word_1_311' title='bbox 1468 1910 1666 1958; x_wconf 86' lang='lat' dir='ltr'><strong>lyncurium</strong></span> 
     </span>
     <span class='ocr_line' id='line_1_50' title="bbox 993 1971 1137 1999; baseline -0.007 -1"><span class='ocrx_word' id='word_1_312' title='bbox 993 1971 1137 1999; x_wconf 86' lang='lat' dir='ltr'><strong>vocatas.</strong></span> 
     </span>
    </p>
   </div>
   <div class='ocr_carea' id='block_1_9' title="bbox 989 2014 1705 2787">
    <p class='ocr_par' dir='ltr' id='par_1_13' title="bbox 1036 2014 1609 2059">
     <span class='ocr_line' id='line_1_51' title="bbox 1036 2014 1609 2059; baseline -0.005 -9"><span class='ocrx_word' id='word_1_313' title='bbox 1036 2017 1110 2059; x_wconf 81' lang='lat'><strong>416.</strong></span> <span class='ocrx_word' id='word_1_314' title='bbox 1129 2015 1183 2050; x_wconf 91' lang='lat' dir='ltr'><strong>De</strong></span> <span class='ocrx_word' id='word_1_315' title='bbox 1193 2017 1319 2050; x_wconf 77' lang='lat' dir='ltr'><strong>curallo</strong></span> <span class='ocrx_word' id='word_1_316' title='bbox 1329 2014 1372 2048; x_wconf 86' lang='lat' dir='ltr'><strong>cf.</strong></span> <span class='ocrx_word' id='word_1_317' title='bbox 1387 2015 1452 2056; x_wconf 92' lang='lat' dir='ltr'><strong>IV,</strong></span> <span class='ocrx_word' id='word_1_318' title='bbox 1468 2014 1528 2057; x_wconf 72' lang='lat'><strong>743</strong></span> <span class='ocrx_word' id='word_1_319' title='bbox 1538 2026 1609 2059; x_wconf 88' lang='lat' dir='ltr'><strong>sqq.</strong></span> 
     </span>
    </p>

    <p class='ocr_par' dir='ltr' id='par_1_14' title="bbox 994 2064 1697 2423">
     <span class='ocr_line' id='line_1_52' title="bbox 1035 2064 1669 2109; baseline -0.005 -9"><span class='ocrx_word' id='word_1_320' title='bbox 1035 2067 1109 2109; x_wconf 78' lang='lat'>418.</span> <span class='ocrx_word' id='word_1_321' title='bbox 1139 2067 1279 2100; x_wconf 83' lang='lat' dir='ltr'><strong>Deserct</strong></span> <span class='ocrx_word' id='word_1_322' title='bbox 1301 2071 1379 2099; x_wconf 80' lang='lat' dir='ltr'><strong>ante</strong></span> <span class='ocrx_word' id='word_1_323' title='bbox 1402 2067 1482 2098; x_wconf 78' lang='lat' dir='ltr'><strong>dies.</strong></span> <span class='ocrx_word' id='word_1_324' title='bbox 1509 2064 1669 2109; x_wconf 69' lang='lat' dir='ltr'><strong>Vulgare</strong></span> 
     </span>
     <span class='ocr_line' id='line_1_53' title="bbox 994 2115 1664 2158; baseline -0.001 -9"><span class='ocrx_word' id='word_1_325' title='bbox 994 2115 1114 2151; x_wconf 85' lang='lat' dir='ltr'><strong>fuisset</strong></span> <span class='ocrx_word' id='word_1_326' title='bbox 1133 2129 1141 2151; x_wconf 73' lang='grc' dir='ltr'>ε</span> <span class='ocrx_word' id='word_1_327' title='bbox 1160 2116 1232 2150; x_wconf 89' lang='lat' dir='ltr'><strong>dies</strong></span> <span class='ocrx_word' id='word_1_328' title='bbox 1252 2129 1308 2150; x_wconf 91' lang='lat' dir='ltr'><strong>me</strong></span> <span class='ocrx_word' id='word_1_329' title='bbox 1326 2115 1482 2158; x_wconf 74' lang='lat' dir='ltr'><strong>deficiet,</strong></span> <span class='ocrx_word' id='word_1_330' title='bbox 1501 2115 1528 2149; x_wconf 88' lang='lat' dir='ltr'><strong>si</strong></span> <span class='ocrx_word' id='word_1_331' title='bbox 1546 2115 1664 2149; x_wconf 81' lang='lat' dir='ltr'><strong>omnia</strong></span> 
     </span>
     <span class='ocr_line' id='line_1_54' title="bbox 995 2167 1662 2213; baseline -0.003 -10"><span class='ocrx_word' id='word_1_332' title='bbox 995 2168 1154 2213; x_wconf 85' lang='lat' dir='ltr'><strong>persequi</strong></span> <span class='ocrx_word' id='word_1_333' title='bbox 1185 2167 1298 2202; x_wconf 81' lang='lat' dir='ltr'><strong>velim.</strong></span> <span class='ocrx_word' id='word_1_334' title='bbox 1331 2169 1489 2202; x_wconf 80' lang='lat' dir='ltr'><strong>Deserere</strong></span> <span class='ocrx_word' id='word_1_335' title='bbox 1516 2167 1564 2201; x_wconf 85' lang='lat' dir='ltr'><strong>ita</strong></span> <span class='ocrx_word' id='word_1_336' title='bbox 1587 2173 1638 2201; x_wconf 80' lang='lat' dir='ltr'><strong>est</strong></span> <span class='ocrx_word' id='word_1_337' title='bbox 1651 2192 1662 2210; x_wconf 88' lang='lat'>‚</span> 
     </span>
     <span class='ocr_line' id='line_1_55' title="bbox 994 2219 1697 2267; baseline 0 -13"><span class='ocrx_word' id='word_1_338' title='bbox 994 2220 1099 2254; x_wconf 86' lang='lat' dir='ltr'><strong>etiam</strong></span> <span class='ocrx_word' id='word_1_339' title='bbox 1117 2220 1242 2254; x_wconf 84' lang='lat' dir='ltr'><strong>omisso</strong></span> <span class='ocrx_word' id='word_1_340' title='bbox 1257 2227 1299 2267; x_wconf 73' lang='grc' dir='ltr'><strong>τῷ</strong></span> <span class='ocrx_word' id='word_1_341' title='bbox 1318 2232 1370 2254; x_wconf 86' lang='lat' dir='ltr'><strong>me</strong></span> <span class='ocrx_word' id='word_1_342' title='bbox 1383 2246 1392 2261; x_wconf 91' lang='lat'><strong>,</strong></span> <span class='ocrx_word' id='word_1_343' title='bbox 1417 2219 1508 2264; x_wconf 81' lang='lat' dir='ltr'><strong>apud</strong></span> <span class='ocrx_word' id='word_1_344' title='bbox 1528 2219 1665 2254; x_wconf 82' lang='lat' dir='ltr'><strong>Sallust.</strong></span> <span class='ocrx_word' id='word_1_345' title='bbox 1692 2252 1697 2254; x_wconf 88' lang='lat'>.</span> 
     </span>
     <span class='ocr_line' id='line_1_56' title="bbox 994 2272 1663 2317; baseline -0.001 -11"><span class='ocrx_word' id='word_1_346' title='bbox 994 2272 1075 2317; x_wconf 84' lang='lat' dir='ltr'><strong>Jug.</strong></span> <span class='ocrx_word' id='word_1_347' title='bbox 1102 2274 1154 2316; x_wconf 76' lang='lat'><strong>42.</strong></span> <span class='ocrx_word' id='word_1_348' title='bbox 1169 2292 1210 2297; x_wconf 90' lang='lat'><strong>—</strong></span> <span class='ocrx_word' id='word_1_349' title='bbox 1229 2274 1396 2317; x_wconf 78' lang='lat' dir='ltr'><strong>Consequi</strong></span> <span class='ocrx_word' id='word_1_350' title='bbox 1408 2300 1416 2314; x_wconf 87' lang='lat'><strong>,</strong></span> <span class='ocrx_word' id='word_1_351' title='bbox 1450 2273 1640 2317; x_wconf 81' lang='lat' dir='ltr'><strong>exprimere</strong></span> <span class='ocrx_word' id='word_1_352' title='bbox 1653 2297 1663 2315; x_wconf 90' lang='lat'><strong>,</strong></span> 
     </span>
     <span class='ocr_line' id='line_1_57' title="bbox 994 2324 1666 2370; baseline 0 -12"><span class='ocrx_word' id='word_1_353' title='bbox 994 2332 1034 2359; x_wconf 83' lang='lat' dir='ltr'><strong>ut</strong></span> <span class='ocrx_word' id='word_1_354' title='bbox 1053 2324 1125 2359; x_wconf 74' lang='lat' dir='ltr'><strong>Cic.</strong></span> <span class='ocrx_word' id='word_1_355' title='bbox 1141 2324 1265 2370; x_wconf 73' lang='lat' dir='ltr'><strong>Philip.</strong></span> <span class='ocrx_word' id='word_1_356' title='bbox 1283 2325 1330 2368; x_wconf 88' lang='lat' dir='ltr'><strong>V,</strong></span> <span class='ocrx_word' id='word_1_357' title='bbox 1352 2326 1390 2359; x_wconf 79' lang='lat'><strong>13</strong></span> <span class='ocrx_word' id='word_1_358' title='bbox 1401 2351 1411 2368; x_wconf 91' lang='lat'><strong>,</strong></span> <span class='ocrx_word' id='word_1_359' title='bbox 1428 2329 1536 2360; x_wconf 78' lang='lat' dir='ltr'><strong>verbis</strong></span> <span class='ocrx_word' id='word_1_360' title='bbox 1548 2326 1666 2359; x_wconf 81' lang='lat' dir='ltr'><strong>laudes</strong></span> 
     </span>
     <span class='ocr_line' id='line_1_58' title="bbox 995 2379 1636 2423; baseline 0 -13"><span class='ocrx_word' id='word_1_361' title='bbox 995 2379 1156 2421; x_wconf 79' lang='lat' dir='ltr'><strong>conseqm&#39;.</strong></span> <span class='ocrx_word' id='word_1_362' title='bbox 1634 2421 1636 2423; x_wconf 66' lang='lat'>‚</span> 
     </span>
    </p>

    <p class='ocr_par' dir='ltr' id='par_1_15' title="bbox 989 2426 1705 2787">
     <span class='ocr_line' id='line_1_59' title="bbox 1046 2426 1691 2471; baseline -0.003 -9"><span class='ocrx_word' id='word_1_363' title='bbox 1046 2429 1119 2471; x_wconf 80' lang='lat'><strong>421.</strong></span> <span class='ocrx_word' id='word_1_364' title='bbox 1149 2429 1276 2462; x_wconf 79' lang='lat' dir='ltr'><strong>Gentes</strong></span> <span class='ocrx_word' id='word_1_365' title='bbox 1301 2434 1491 2468; x_wconf 76' lang='lat' dir='ltr'><strong>vertuntur,</strong></span> <span class='ocrx_word' id='word_1_366' title='bbox 1522 2426 1691 2469; x_wconf 62' lang='lat' dir='ltr'><strong>fortuna,</strong></span> 
     </span>
     <span class='ocr_line' id='line_1_60' title="bbox 994 2480 1667 2524; baseline 0 -10"><span class='ocrx_word' id='word_1_367' title='bbox 994 2493 1116 2514; x_wconf 85' lang='lat' dir='ltr'><strong>earum</strong></span> <span class='ocrx_word' id='word_1_368' title='bbox 1132 2487 1298 2515; x_wconf 87' lang='lat' dir='ltr'><strong>mutatur.</strong></span> <span class='ocrx_word' id='word_1_369' title='bbox 1314 2480 1384 2515; x_wconf 88' lang='lat' dir='ltr'><strong>Sed</strong></span> <span class='ocrx_word' id='word_1_370' title='bbox 1403 2487 1543 2524; x_wconf 83' lang='lat' dir='ltr'><strong>tempore</strong></span> <span class='ocrx_word' id='word_1_371' title='bbox 1558 2480 1667 2516; x_wconf 74' lang='lat' dir='ltr'><strong>debe-</strong></span> 
     </span>
     <span class='ocr_line' id='line_1_61' title="bbox 994 2531 1705 2577; baseline 0.001 -12"><span class='ocrx_word' id='word_1_372' title='bbox 994 2545 1071 2566; x_wconf 88' lang='lat' dir='ltr'><strong>mus</strong></span> <span class='ocrx_word' id='word_1_373' title='bbox 1088 2532 1227 2577; x_wconf 87' lang='lat' dir='ltr'><strong>ingenio</strong></span> <span class='ocrx_word' id='word_1_374' title='bbox 1241 2532 1387 2566; x_wconf 84' lang='lat' dir='ltr'><strong>Heinsii.</strong></span> <span class='ocrx_word' id='word_1_375' title='bbox 1399 2531 1495 2566; x_wconf 87' lang='lat' dir='ltr'><strong>MSS</strong></span> <span class='ocrx_word' id='word_1_376' title='bbox 1508 2558 1516 2574; x_wconf 94' lang='lat'><strong>,</strong></span> <span class='ocrx_word' id='word_1_377' title='bbox 1534 2532 1667 2576; x_wconf 88' lang='lat' dir='ltr'><strong>primus</strong></span> <span class='ocrx_word' id='word_1_378' title='bbox 1701 2558 1705 2566; x_wconf 84' lang='lat'><em>.</em></span> 
     </span>
     <span class='ocr_line' id='line_1_62' title="bbox 995 2584 1668 2630; baseline 0.003 -12"><span class='ocrx_word' id='word_1_379' title='bbox 995 2585 1107 2619; x_wconf 88' lang='lat' dir='ltr'><strong>Vatic.</strong></span> <span class='ocrx_word' id='word_1_380' title='bbox 1119 2585 1250 2630; x_wconf 89' lang='lat' dir='ltr'><strong>primus</strong></span> <span class='ocrx_word' id='word_1_381' title='bbox 1260 2584 1412 2619; x_wconf 90' lang='lat' dir='ltr'><strong>Gronov.</strong></span> <span class='ocrx_word' id='word_1_382' title='bbox 1428 2591 1569 2629; x_wconf 82' lang='lat' dir='ltr'><strong>quartus</strong></span> <span class='ocrx_word' id='word_1_383' title='bbox 1584 2585 1668 2620; x_wconf 80' lang='lat' dir='ltr'><strong>Me-</strong></span> 
     </span>
     <span class='ocr_line' id='line_1_63' title="bbox 995 2637 1664 2682; baseline 0 -12"><span class='ocrx_word' id='word_1_384' title='bbox 995 2637 1111 2671; x_wconf 87' lang='lat' dir='ltr'><strong>diceus</strong></span> <span class='ocrx_word' id='word_1_385' title='bbox 1128 2645 1162 2672; x_wconf 91' lang='lat' dir='ltr'><strong>et</strong></span> <span class='ocrx_word' id='word_1_386' title='bbox 1178 2637 1299 2672; x_wconf 88' lang='lat' dir='ltr'><strong>decem</strong></span> <span class='ocrx_word' id='word_1_387' title='bbox 1315 2637 1389 2680; x_wconf 85' lang='lat' dir='ltr'><strong>alii,</strong></span> <span class='ocrx_word' id='word_1_388' title='bbox 1406 2642 1568 2682; x_wconf 82' lang='lat' dir='ltr'><strong>tempora,</strong></span> <span class='ocrx_word' id='word_1_389' title='bbox 1590 2649 1664 2670; x_wconf 85' lang='lat' dir='ltr'><strong>non</strong></span> 
     </span>
     <span class='ocr_line' id='line_1_64' title="bbox 994 2687 1667 2732; baseline -0.001 -10"><span class='ocrx_word' id='word_1_390' title='bbox 994 2689 1097 2730; x_wconf 66' lang='lat' dir='ltr'><strong>male.⁴</strong></span> <span class='ocrx_word' id='word_1_391' title='bbox 1110 2687 1255 2723; x_wconf 85' lang='lat' dir='ltr'><strong>Constat</strong></span> <span class='ocrx_word' id='word_1_392' title='bbox 1271 2688 1364 2722; x_wconf 90' lang='lat' dir='ltr'><strong>enim</strong></span> <span class='ocrx_word' id='word_1_393' title='bbox 1376 2713 1385 2730; x_wconf 87' lang='lat'><strong>,</strong></span> <span class='ocrx_word' id='word_1_394' title='bbox 1401 2695 1526 2732; x_wconf 78' lang='lat' dir='ltr'><strong>tempus</strong></span> <span class='ocrx_word' id='word_1_395' title='bbox 1533 2695 1570 2724; x_wconf 83' lang='lat' dir='ltr'><strong>et</strong></span> <span class='ocrx_word' id='word_1_396' title='bbox 1582 2694 1667 2722; x_wconf 84' lang='lat' dir='ltr'><strong>tem-</strong></span> 
     </span>
     <span class='ocr_line' id='line_1_65' title="bbox 989 2739 1662 2787; baseline -0.007 -10"><span class='ocrx_word' id='word_1_397' title='bbox 989 2755 1075 2786; x_wconf 82' lang='lat' dir='ltr'><strong>pora</strong></span> <span class='ocrx_word' id='word_1_398' title='bbox 1098 2741 1275 2787; x_wconf 80' lang='lat' dir='ltr'><strong>eleganter</strong></span> <span class='ocrx_word' id='word_1_399' title='bbox 1290 2767 1301 2787; x_wconf 82' lang='lat'>‚</span> <span class='ocrx_word' id='word_1_400' title='bbox 1325 2754 1413 2786; x_wconf 79' lang='lat' dir='ltr'><strong>saepe</strong></span> <span class='ocrx_word' id='word_1_401' title='bbox 1443 2741 1547 2777; x_wconf 86' lang='lat' dir='ltr'><strong>etiam</strong></span> <span class='ocrx_word' id='word_1_402' title='bbox 1572 2739 1662 2785; x_wconf 74' lang='lat' dir='ltr'><strong>apud</strong></span> 
     </span>
    </p>
   </div>
  </div>
 </body>
</html>
