1820 3106
339 298 341 300 .
384 242 1089 293 METAMORPHOSEON
1126 243 1259 288 LIB.
1297 245 1392 288 XI.

175 344 267 393 Dat
290 360 467 410 quoqne
488 341 575 406 jam
597 337 735 387 saltus
759 337 876 386 intra
898 338 998 386 ca'va
1022 347 1138 384 texta
1163 336 1318 390 carinae

175 420 358 470 Fluctus
382 438 392 467 :
417 429 482 476 et,
505 428 556 466 ut
578 415 728 474 mileS‚
787 434 939 464 umero
964 414 1246 481 praestantior
1267 413 1414 471 omni,

177 498 331 562 Quum
352 514 465 562 saepe
489 493 671 543 adsiluit
693 435 879 543 definsae
902 493 1122 542 moenibus
1143 492 1287 550 urbis,

177 576 266 642 Spe
287 573 460 641 potitur
484 572 681 629 tandem;
704 571 935 638 laudisque
959 589 1169 619 accensus
1190 588 1338 619 amore

174 652 296 700 Inter
317 649 436 699 mille
458 650 598 708 viros,
621 667 797 698 murum
822 660 967 698 tamen
991 659 1179 713 occupat
1198 666 1328 696 unus.

1509 260 1597 305 ²79

1534 426 1598 461 525

177 727 248 777 Sic
271 721 352 777 ubi
373 726 609 795 pulsarunt
632 746 752 776 acres
774 726 909 775 latera
932 725 1069 774 ardua
1089 725 1274 783 fluctus,

174 804 355 854 Vastius
378 805 611 867 insurgens
636 804 812 853 decimae
834 803 926 852 ruit
949 803 1141 869 impetus
1165 801 1294 850 undae
1317 820 1328 850 :

1538 814 1603 851 530

174 883 267 932 Nec
289 882 414 949 prius
437 882 614 932 absistit
638 882 795 931 fessam
818 900 1076 951 oppugnare
1100 880 1311 938 carinam,

177 959 324 1023 Quam
349 959 468 1008 velut
487 960 533 1007 in
561 971 696 1026 captae
717 959 956 1008 descendat
976 959 1138 1006 moenia
1159 958 1296 1007 navis.

175 1039 284 1088 Pars
306 1038 442 1102 igitur
465 1038 662 1087 tentabat
685 1038 830 1087 adhuc
851 1037 1055 1086 invadere
1075 1036 1262 1102 pinum,

176 1188 244 1225 hoc
261 1188 481 1224 observatum
495 1213 505 1233 ,
518 1187 578 1223 sed
595 1188 629 1222 in
648 1194 719 1222 tam
734 1187 859 1222 horri-

176 1241 237 1276 bili
258 1241 472 1286 tempestatis
493 1240 723 1286 descriptione
741 1239 859 1286 inepte

178 1300 509 1331 commemoratum.

225 1347 300 1389 524.
319 1346 415 1380 Intra
434 1358 530 1380 cava.
548 1344 748 1380 Duodecim
766 1348 861 1380 inter.

178 1397 325 1443 —Regii
338 1397 448 1432 nostri
463 1396 594 1432 habent
611 1409 750 1442 quoque
760 1400 854 1435 inter,

178 1450 241 1486 sed
250 1451 500 1495 breviatim.,—
513 1452 606 1485 Cava
618 1458 721 1485 texta.
738 1451 863 1483 Texere

178 1510 283 1549 tropo
293 1503 384 1539 sacili
394 1503 437 1538 de
449 1502 637 1537 viminibus
652 1501 748 1536 nexis
758 1526 767 1544 ,
778 1500 862 1535 hinc

178 1567 286 1601 porro
305 1555 348 1590 de
371 1555 524 1590 trabibus
540 1555 667 1600 junctis
681 1581 690 1598 ,
712 1553 860 1587 maxime

177 1607 321 1642 navium
334 1633 344 1651 ‚
364 1607 431 1642 dici
454 1614 617 1653 coeptum.
638 1607 720 1641 Jam
742 1607 861 1641 Pacu-

176 1659 253 1695 vius
267 1658 360 1705 apud
375 1657 449 1694 Cic.
463 1660 480 1694 Ι
495 1659 538 1694 de
550 1659 628 1694 Div.
642 1660 681 1694 31
696 1685 705 1702 ,
718 1661 862 1703 Jamque

132 1716 142 1723 ”
177 1714 268 1747 mari
278 1724 402 1756 magno
418 1713 543 1746 clam&
554 1714 625 1746 cita
637 1714 770 1746 texitur.
791 1710 864 1744 Ita-

135 1780 139 1785 ·
178 1775 247 1808 que
259 1769 354 1797 texta
365 1776 428 1808 pro
439 1775 528 1797 nave
538 1769 722 1808 ponuntur
733 1776 741 1805 ;
757 1762 860 1804 XIV,

180 1816 243 1851 531
255 1842 264 1860 ,
281 1816 299 1852 I
316 1815 422 1851 Trist.
437 1827 479 1851 lv
492 1842 502 1859 ,
518 1829 550 1863 9.
568 1816 738 1851 Similiter
749 1818 864 1850 πλέκειν

180 1868 225 1904 de
235 1870 406 1910 curribus;
414 1868 483 1903 vid.
492 1868 622 1904 Graevii
631 1869 708 1904 lect.
715 1867 865 1903 Hesiod.

180 1935 254 1968 cap.
266 1922 384 1965 XVJI.
400 1924 509 1963 Cava.
524 1922 681 1968 adeoque
695 1922 865 1967 recipien-

182 1974 234 2010 dis
243 1974 406 2010 fluctibus
415 1983 493 2021 apta
498 1977 693 2010 .—·Numero
697 1981 866 2021 prestan-

182 2030 250 2063 tior
264 2031 372 2070 omni,
396 2028 520 2063 sortior
535 2029 668 2064 caeteris
689 2028 864 2064 commili-

184 2082 324 2117 tonibus
338 2082 512 2118 omnihus.
527 2101 571 2111 —
584 2084 740 2118 Adsiluit
751 2095 760 2116 :
772 2084 867 2116 adsi-

184 2137 241 2168 lie‘t
259 2133 379 2180 (quod
397 2134 502 2170 habet
519 2142 638 2170 noster
654 2135 785 2180 Regius
804 2134 832 2168 A
849 2132 866 2179 )

187 2185 342 2221 deterior
359 2194 413 2222 est
432 2187 612 2238 scriptura.
627 2206 672 2214 ——-
686 2187 846 2232 Defhnsoe
856 2214 865 2227 ,

186 2250 266 2284 quae
278 2237 611 2283 defenditur.*spe
619 2244 755 2284 potitur,
775 2239 869 2285 poti-

188 2297 247 2325 tur
257 2303 300 2326 eo
311 2317 321 2335 ,
337 2290 473 2336 perficit
485 2291 518 2325 id
529 2317 539 2335 ,
554 2291 647 2337 quod
660 2298 868 2338 speraverat.

191 2343 286 2379 Vide
302 2343 344 2378 ad
361 2345 438 2387 454.

233 2400 308 2446 529.
322 2397 439 2433 Actes.
458 2397 574 2443 Vulgo
585 2400 678 2432 celsi.
689 2416 734 2423 —
749 2397 870 2434 Codex

190 2458 312 2486 noster
326 2451 457 2498 Regius
474 2451 505 2486 A
518 2477 528 2494 ‚
543 2454 630 2487 celsi
635 2463 648 2494 ,·
675 2450 797 2487 Codex
814 2453 843 2488 B
858 2479 869 2497 ,

190 2506 282 2546 celi,
300 2503 362 2538 sed
372 2503 408 2538 in
421 2503 578 2550 margine
588 2517 615 2539 s.
623 2507 755 2549 puppis,
769 2505 810 2539 ab
819 2518 872 2540 ea-

192 2555 276 2590 dem
291 2567 400 2590 manu
412 2582 421 2599 ,
439 2563 612 2601 quantum
634 2555 753 2590 videre
776 2555 871 2591 licet:

192 2608 295 2643 lectio
307 2608 467 2643 notabilis
478 2621 555 2654 quae
571 2608 642 2643 sola
656 2608 808 2654 genuina
820 2609 875 2643 vi-

193 2660 320 2703 detur3
341 2673 425 2695 nam
442 2674 538 2696 acres
555 2661 608 2695 vel
625 2664 711 2695 celsi
722 2661 875 2707 epitheta

193 2720 275 2748 sunt
291 2713 399 2749 otiosa
413 2727 423 2755 ς
439 2716 630 2749 caelisensu
647 2720 725 2760 eget
736 2727 743 2755 ;
756 2714 874 2760 itaque

190 2769 312 2811 puppa·
325 2766 381 2802 hic
392 2766 523 2812 optime
535 2766 659 2811 reponi
675 2773 799 2812 posset.
810 2768 875 2801 Ed.

923 1187 1090 1227 -Acres‚
1104 1186 1331 1222 vehementes
1343 1213 1352 1229 ‚
1365 1185 1606 1232 impetuosi.—

931 1239 1071 1272 Vaslius
1083 1241 1264 1282 insurgens.
1278 1237 1457 1272 Pinrierus
1472 1239 1606 1274 volebat

925 1292 1081 1331 valdius,-
1103 1290 1281 1324 Palatinus
1301 1290 1474 1325 secundus
1493 1294 1606 1326 altius.

925 1343 1069 1389 -Regii
1081 1344 1191 1378 nostri
1202 1348 1386 1378 vastius.-—
1394 1346 1541 1384 Vaslius,
1553 1358 1607 1379 ve-

923 1395 1122 1430 hementius
1132 1422 1141 1438 ,
1161 1396 1347 1430 terribilius
1362 1409 1370 1429 ι
1385 1396 1508 1431 crebro
1525 1410 1606 1431 cum

922 1452 1045 1492 impetu
1053 1448 1281 1493 conjungitur
1289 1448 1354 1483 hoc
1363 1450 1604 1491 verbum3vide

924 1500 1173 1535 Burmannum
1193 1501 1233 1535 ad
1248 1501 1342 1537 VIII
1356 1527 1365 1545 ,
1385 1503 1458 1550 359.
1472 1505 1608 1538 —De-

923 1557 1012 1589 ce'ma
1031 1557 1140 1593 anda,
1166 1554 1292 1589 fluctus
1309 1554 1524 1591 decumanus
1540 1583 1548 1599 ,
1571 1557 1606 1592 id

925 1613 999 1650 est,
1026 1607 1198 1642 maximus
1211 1634 1220 1651 ,
1248 1608 1308 1653 qui
1327 1608 1398 1643 aliis
1415 1609 1609 1644 minoribus

924 1659 996 1704 ipse
1006 1660 1121 1704 major
1131 1659 1284 1694 succedit
1296 1674 1303 1701 ;
1324 1661 1340 1694 1
1354 1661 1459 1695 Trist.
1475 1672 1505 1695 11
1518 1688 1527 1704 ‚
1541 1664 1583 1708 49
1595 1688 1604 1705 ,

930 1714 1002 1755 Qui
1013 1714 1105 1747 venit
1115 1714 1303 1758 hic-fluctus
1312 1739 1320 1753 ,
1335 1715 1467 1757 fluctus
1476 1726 1611 1757 supere-

925 1767 1027 1799 minet
1039 1768 1346 1809 omnes;postere·or
1358 1779 1444 1800 nono
1458 1772 1511 1799 est
1519 1793 1527 1805 ,
1545 1779 1610 1800 un-

927 1819 1117 1863 decimoque
1126 1821 1240 1861 βήσῃ·
1259 1818 1436 1860 Lucanus,
1453 1819 1499 1861 V,
1521 1818 1586 1863 672
1598 1845 1609 1862 ‚

927 1871 1215 1914 decimus-fluctus.
1228 1869 1331 1915 Apud
1344 1869 1469 1904 Silium
1481 1897 1490 1913 ,
1505 1871 1609 1915 XIV,

933 1938 992 1958 122
1006 1951 1015 1967 ,
1042 1924 1172 1958 Boreas
1193 1926 1320 1958 decimo
1333 1926 1501 1959 volumine
1515 1938 1611 1969 pon-

927 1983 996 2010 tum
1014 1978 1145 2020 expulit
1160 1978 1196 2009 in
1217 1983 1333 2010 terras.
1354 1975 1469 2011 Graeci
1491 1984 1610 2011 autem

929 2028 1035 2063 talem
1058 2028 1206 2063 ssuctum
1227 2028 1431 2063 maluerunt
1452 2035 1613 2078 τρικυμιάν

927 2079 1055 2115 dicere.
1078 2099 1122 2107 —
1141 2083 1226 2115 Bait
1249 2084 1389 2125 Impetus
1411 2084 1507 2115 unda·
1527 2094 1612 2127 pru,

931 2134 1026 2168 unda
1048 2134 1120 2169 ruit
1139 2147 1221 2169 cum
1239 2134 1383 2180 impetu.
1399 2154 1445 2161 -
1460 2136 1589 2170 Moem'a
1601 2162 1610 2176 ‚

930 2185 1038 2221 latera
1052 2186 1147 2220 navis
1157 2212 1166 2230 ,
1184 2186 1309 2232 quibus
1321 2187 1450 2222 muniti
1460 2194 1542 2221 sunt
1556 2200 1613 2222 na-

930 2240 1086 2286 vigantes
1103 2247 1225 2275 contra
1241 2240 1310 2274 vim
1328 2253 1508 2286 aquarum.
1523 2241 1615 2275 Nota

931 2300 1014 2328 sunt
1028 2295 1152 2327 moenia
1166 2295 1278 2337 ltjqnea
1293 2306 1311 2328 e
1328 2291 1440 2328 Corn.
1455 2294 1542 2339 Nep.
1556 2293 1592 2329 II
1604 2320 1614 2338 ‚

934 2359 964 2380 2.
990 2345 1037 2380 Et
1055 2345 1241 2380 commode
1261 2345 1327 2380 hoc
1345 2345 1422 2379 loco
1441 2352 1511 2379 tam
1533 2358 1617 2380 mah·

932 2401 1007 2437 nia,
1026 2410 1130 2443 quam
1137 2397 1498 2443 captanavis(quibus
1510 2398 1616 2432 etiam

935 2450 1139 2485 emolliendi
1158 2450 1317 2484 voculam
1339 2452 1432 2484 velut
1453 2449 1616 2496 addidit)

936 2503 1025 2539 dicta
1039 2530 1048 2548 ‚
1076 2504 1157 2549 quia
1175 2504 1273 2538 navis
1295 2516 1377 2538 cum
1397 2503 1483 2538 urbe
1501 2516 1616 2550 expu-

938 2563 1041 2602 gnata
1055 2562 1288 2601 comparatur.
1505 2558 1509 2563 '

982 2608 1057 2643 533.
1078 2610 1250 2642 Tentabat.
1263 2607 1346 2658 Duo
1355 2613 1491 2642 veteres
1502 2609 1619 2642 tende-

939 2664 1013 2701 bat,
1027 2666 1066 2694 ut
1078 2659 1170 2706 apud
1187 2659 1374 2706 Virgilium
1384 2686 1393 2704 ,
1405 2659 1546 2694 AEneid.
1560 2661 1595 2696 II
1606 2687 1617 2702 ‚

937 2714 1047 2747 tendit
1060 2712 1219 2748 debellere'
1226 2714 1332 2747 nodos
1347 2739 1355 2753 ,
1382 2718 1418 2747 et
1435 2712 1468 2746 X
1484 2738 1494 2755 ,
1510 2714 1621 2746 locum

937 2768 1080 2802 tendunt
1086 2779 1240 2811 superare
1252 2779 1262 2801 ,·
1275 2764 1354 2801 vide
1374 2765 1565 2802 Heinsium
1578 2763 1621 2799 ad
