1820 3106
277 279 361 320 218

648 280 699 323 P.
737 280 976 325 OVIDII
1015 281 1311 326 NASONIS

275 373 568 430 Transibant;
595 386 638 422 et
659 375 743 423 iter
764 375 948 438 longum
964 375 1238 442 requiescere
1260 378 1408 426 suasit.

274 447 371 496 Illic
396 449 660 498 concubitus
679 436 982 518 inlempestiva
1003 453 1167 520 cupido

275 526 478 591 Occupat
501 527 832 593 Hippomenen,
858 547 881 579 a
902 529 1081 578 numine
1101 530 1271 578 concita
1292 543 1457 581 nostro.

273 604 474 652 Luminis
499 605 643 667 exigui
667 605 810 655 fuerat
832 622 971 673 prope
996 607 1157 674 templa
1180 627 1376 658 recessus

274 681 501 747 Speluncae
524 681 677 731 similis
692 720 705 740 ‚
725 684 872 732 nativo
896 686 1068 751 pumice
1093 698 1232 736 tectus
1246 724 1257 744 ‚

275 758 524 821 Relligione
549 778 668 808 sacer
690 761 832 828 prisca
852 782 861 810 :
886 782 974 828 quo
998 762 1135 813 multa
1157 763 1359 813 sacerdos

276 837 439 900 Lignea
462 837 708 887 contulerat
729 851 923 911 veterum
946 840 1176 893 simulacra
1195 843 1406 891 Deorum.

276 915 407 962 Hunc
432 914 541 972 init;
566 926 611 964 et
631 916 767 964 vetito
789 928 971 967 temerat
993 919 1178 968 sacraria
1198 919 1380 985 probro.

276 992 405 1039 Sacra
427 1004 700 1041 retorserunt
719 994 899 1052 oculos;
926 995 1169 1061 turritaque
1194 997 1363 1053 Mater,

276 1069 348 1116 An
369 1069 520 1135 Stygia
547 1082 695 1121 sontes
709 1108 722 1128 ‚
748 1071 990 1130 dubitavit,
1013 1084 1230 1134 mergeret
1250 1073 1381 1138 unda.

275 1147 411 1194 Poena
435 1146 541 1195 levis
565 1148 657 1196 visa
680 1160 774 1197 est:
795 1168 902 1213 ergo
925 1150 1062 1199 modo
1088 1149 1198 1200 levia
1220 1149 1348 1200 fulvae

278 1223 403 1272 Colla
424 1223 541 1288 jubae
560 1225 734 1283 velant3
760 1226 889 1289 digiti
911 1240 1148 1276 curvantur
1170 1229 1218 1277 in
1241 1247 1436 1290 ungues3

275 1303 343 1349 Ex
363 1302 558 1351 humeris
581 1304 691 1351 armi
714 1304 854 1363 fiunt;
877 1305 924 1352 in
947 1317 1127 1372 pectora
1150 1317 1292 1353 totum

276 1449 360 1477 mus,
373 1439 463 1480 quod
468 1440 597 1472 claudit
602 1441 688 1472 silva
698 1465 706 1478 ‚
725 1438 783 1473 ubi
794 1438 871 1473 vide
884 1451 952 1473 no-

276 1495 358 1523 tam.
377 1488 435 1523 Sic
451 1489 565 1523 abdita
581 1503 652 1524 esse
668 1490 825 1525 solebant
842 1492 951 1526 multa

277 1539 416 1585 templa.

319 1591 396 1638 690.
407 1591 444 1625 A
451 1595 591 1626 numine.
602 1593 706 1628 Multi
711 1594 788 1637 jam
798 1596 944 1635 numine,

276 1642 369 1688 quod
385 1643 508 1689 probat
522 1644 671 1678 Marian.
681 1644 952 1680 Aecum—Co-

279 1695 342 1730 dex
352 1696 480 1740 Regius
491 1696 521 1730 A
533 1722 542 1739 ‚
551 1710 573 1730 a
581 1700 712 1731 numine
721 1707 731 1738 ;
741 1696 836 1731 idem
845 1696 952 1731 codex

276 1746 305 1780 Β
316 1772 325 1789 ,
344 1747 403 1781 sed
421 1760 439 1781 a
453 1747 605 1782 secunda
617 1761 735 1782 manu.

320 1800 395 1848 691.
412 1802 577 1836 Luminis.
595 1801 742 1836 Plurimi
758 1804 894 1836 liminis.
910 1820 953 1827 —

277 1852 378 1899 Regii
391 1853 500 1888 nostri
515 1857 659 1888 luminis.
673 1874 717 1880 —
727 1854 953 1889 Burmannus

277 1920 340 1951 per
369 1909 477 1942 lumen
509 1907 670 1953 intelligit
702 1909 890 1943 fenestram
919 1915 954 1943 et

277 1964 475 2003 aperturam
490 1958 616 1994 aedium
629 1985 638 2003 ,
657 1972 719 2004 per
735 1972 818 2004 quas
833 1958 953 1993 lumen

276 2010 524 2045 intromittitur
536 2036 545 2053 ,
566 2018 600 2045 et
615 2011 662 2045 ita
674 2011 840 2046 Heinsius
851 2023 954 2056 supra

277 2073 364 2095 vers.
374 2062 436 2109 293
446 2088 456 2104 ,
466 2064 594 2097 lumina
604 2063 768 2108 capiebat.
779 2062 850 2097 Sed
860 2062 954 2096 nulla

277 2111 373 2146 adest
389 2126 487 2147 causa
505 2140 514 2157 ,
535 2127 598 2148 cur
615 2115 680 2149 hoc
695 2114 743 2149 ita
759 2115 932 2160 capiamus
943 2139 952 2157 ,

278 2176 477 2210 quanquam
504 2179 623 2201 sensus
648 2167 773 2201 eodem
793 2167 956 2202 rediu—

277 2216 333 2250 De
348 2221 461 2251 nativo
473 2222 607 2262 pumice
625 2219 702 2253 vide
720 2218 762 2253 ad
781 2219 836 2254 Ill
849 2245 859 2262 ‚
883 2220 954 2265 159.

277 2269 507 2313 —Bellifflbnc
516 2274 740 2314 sacerprisca,
752 2270 863 2305 cultus
872 2270 953 2304 inde

278 2320 319 2354 ab
333 2321 577 2366 antiquissimis
592 2323 815 2367 temporibus.
829 2322 953 2357 Cicero

277 2371 381 2406 Verr.
392 2373 458 2417 IV,
470 2374 512 2408 33
525 2400 534 2418 ,
543 2377 755 2408 simulacrum
766 2388 895 2408 summa
905 2381 955 2409 at-

277 2435 337 2467 que
352 2428 587 2470 antiquissima
595 2429 770 2470 pra-ditum
788 2429 954 2470 religione.

278 2495 321 2501 -
333 2478 455 2512 fflulta.
473 2477 720 2523 Neapolitanus
735 2484 769 2512 et
782 2477 954 2512 secundus

278 2529 460 2564 Medic-eus
474 2538 554 2565 vota
566 2558 575 2572 ‚
596 2531 688 2576 quod
706 2530 816 2576 placet
832 2530 955 2566 Hein-

277 2581 484 2628 sio.—Regii
496 2584 604 2618 nostri
616 2586 742 2625 multu‚·
761 2582 822 2618 sed
835 2583 955 2616 malim

277 2641 366 2668 vota.
382 2634 630 2670 Ed.—Veteres
643 2637 724 2677 Dii,
743 2647 891 2681 quorum
909 2635 956 2669 si-

278 2687 429 2721 mulacra
446 2695 590 2723 vetusta.

321 2737 395 2783 695.
422 2741 591 2775 Tema-rare
602 2768 611 2780 ,
633 2747 754 2786 stupro
777 2740 931 2786 polluere
944 2766 953 2783 ,

280 2796 319 2824 ut
329 2790 363 2825 11
374 2817 383 2835 ‚
398 2792 674 2837 592.—Probrum
688 2793 811 2838 passim
828 2793 869 2827 de
881 2800 956 2827 stu-

1628 1328 1692 1364 700

1016 1452 1093 1485 pro:
1101 1438 1251 1475 hocloco
1263 1437 1418 1476 Urbinas
1427 1444 1463 1474 et
1473 1438 1557 1474 alius
1565 1444 1690 1483 stupro,

1017 1505 1057 1526 ex
1073 1491 1192 1536 glossa.
1203 1510 1246 1516 —
1257 1490 1356 1535 Regii
1371 1489 1480 1524 nostri
1487 1493 1619 1534 probro.

1059 1543 1134 1590 696.
1151 1544 1256 1578 Sacra
1268 1570 1277 1583 ‚
1300 1543 1492 1578 simulacra.
1504 1562 1551 1571 —-
1564 1545 1698 1578 Betorti

1016 1597 1124 1635 oculi,
1146 1601 1185 1628 ut
1207 1594 1286 1630 alibi
1310 1607 1435 1629 aversa
1449 1607 1568 1636 aures,
1595 1595 1694 1641 signa

1016 1648 1076 1682 irae
1087 1647 1405 1683 divinaes-Turr'ita
1412 1654 1527 1688 mater,
1541 1646 1672 1694 Cybele
1683 1674 1692 1691 ,

1018 1712 1094 1744 quae
1109 1700 1199 1734 Fast.
1211 1699 1277 1742 IV,
1290 1701 1353 1742 224
1363 1725 1372 1742 ,
1385 1702 1544 1743 turn'gera
1553 1700 1630 1734 Dea
1639 1698 1696 1732 di·-

1017 1753 1119 1794 citur,
1130 1758 1165 1786 et
1176 1751 1230 1786 cui
1243 1764 1329 1786 vers.
1345 1764 1380 1784 αι
1388 1764 1422 1797 9,
1439 1753 1558 1787 turrita
1568 1763 1696 1785 corona

1019 1803 1192 1838 tribuitur.
1226 1801 1341 1837 Causa
1375 1801 1505 1837 ibidem
1536 1800 1696 1837 redditur

1019 1855 1112 1898 haec,
1140 1854 1219 1899 quia
1237 1854 1396 1901 Phrygiis
1418 1853 1560 1889 urbibus
1581 1859 1696 1888 turres

1020 1907 1165 1941 dederit.
1199 1907 1251 1941 Ibi
1281 1906 1509 1941 Burmannus
1532 1906 1695 1940 turritam

1019 1961 1134 1995 Deam
1145 1973 1225 1995 cum
1241 1960 1409 1995 comitatu
1425 1971 1444 1994 e
1461 1965 1698 1994 monumento

1020 2014 1164 2059 antiquo
1180 2011 1442 2059 exprimendam
1461 2011 1603 2047 curavit.
1623 2010 1693 2046 sed

1020 2066 1158 2100 Lucret.
1182 2065 1217 2100 11
1236 2090 1245 2107 ‚
1272 2064 1339 2098 606
1354 2090 1362 2104 ,
1390 2064 1579 2107 Muralique
1594 2068 1699 2106 caput

1017 2130 1177 2151 summum
1204 2120 1337 2151 cinxere
1362 2127 1487 2149 corona
1504 2141 1512 2154 ‚
1547 2115 1696 2149 Examn

1018 2172 1144 2203 munita
1165 2170 1250 2202 locis
1270 2169 1361 2212 quod
1376 2169 1519 2201 sustinet
1537 2168 1640 2200 urbes.
1651 2183 1696 2191 -

1018 2221 1197 2254 Dubitam
1209 2246 1218 2261 ,
1248 2218 1410 2265 cogitavit
1424 2244 1434 2262 ,
1459 2229 1579 2253 secum
1599 2216 1694 2250 deli-

1018 2271 1160 2306 beravit.
1366 2302 1373 2307 ,

1061 2324 1135 2371 698.
1147 2324 1236 2367 Ergo
1243 2325 1349 2357 modo.
1359 2322 1526 2358 Heinsius
1533 2319 1629 2356 malit
1634 2325 1695 2354 ter-

1016 2389 1093 2420 gum
1106 2382 1140 2409 et
1153 2377 1250 2409 modo
1265 2377 1352 2409 levia
1368 2381 1432 2409 etc.
1451 2373 1560 2408 Deest
1575 2377 1696 2406 aucto-

1019 2428 1111 2462 ritas.
1119 2427 1382 2468 Ed.—Plinius,
1395 2425 1487 2461 His-t.
1498 2424 1577 2459 Nat.
1588 2422 1694 2465 VIII,

1023 2482 1061 2514 15
1074 2506 1082 2522 ,
1100 2479 1143 2514 de
1159 2479 1314 2513 leonibus
1329 2490 1336 2511 :
1354 2490 1370 2509 ςς
1390 2475 1490 2513 Colla
1507 2487 1694 2518 armosque

1021 2546 1038 2562 υ
1056 2532 1208 2565 vestiunt
1228 2531 1317 2573 jubae
1401 2528 1563 2564 Leonum
1587 2525 1695 2561 animi

1022 2599 1038 2615 »
1054 2583 1159 2617 index
1177 2581 1294 2617 cauda.
1314 2582 1464 2615 Immota
1484 2591 1567 2624 ergo
1583 2577 1695 2622 placi-

1021 2651 1039 2666 »
1056 2635 1120 2669 dus
1134 2661 1143 2678 ,
1163 2634 1315 2669 clemens
1328 2659 1336 2675 ,
1360 2630 1621 2674 blandientique
1639 2628 1695 2663 si-

1021 2701 1038 2717 »
1055 2686 1146 2720 milis
1163 2711 1172 2727 ,
1198 2683 1291 2729 quod
1309 2695 1428 2717 rarum
1448 2689 1498 2716 est
1516 2694 1524 2715 2
1541 2679 1695 2715 crebrior

1022 2754 1039 2769 υ
1056 2733 1152 2774 enim
1170 2736 1347 2771 iracundia
1364 2737 1448 2781 ejus.
1467 2736 1508 2771 In
1525 2732 1696 2779 principio

1022 2806 1038 2822 n
1057 2798 1148 2829 terra
1163 2790 1379 2831 verberatur,
1391 2789 1609 2823 incremento
1623 2790 1698 2818 ter-v
