1820 3106
299 250 301 252 ¹
341 253 1018 301 METAMORPHOSEON
1052 255 1179 299 LIB.
1216 257 1277 300 X.

1442 274 1522 319 ¹77

111 353 196 403 Vel
216 371 346 411 nece;
370 351 438 401 vel
458 351 495 400 si
517 349 627 417 quid
648 345 840 399 medium
863 350 1107 416 mortisque
1130 350 1332 418 fugaeque
1353 372 1363 411 ;

111 431 252 498 quue
275 427 382 496 quid
404 445 497 477 esse
518 438 668 493 potest
682 463 694 484 ‚
716 426 803 475 nisi
826 422 958 475 versae
977 446 1106 493 poena
1126 427 1314 491 figurae?
1335 451 1358 471 »

113 509 233 557 Dum
254 506 453 564 dubitat,
479 524 570 572 quo
591 516 733 553 mutet
756 524 833 553 eos
847 541 858 560 ,
882 505 938 552 ad
961 523 1126 554 cornua
1149 505 1321 554 vultum

1463 523 1528 556 235

113 583 256 634 Flexit
274 603 284 632 :
309 595 354 633 et
375 582 599 632 admonita
620 594 686 630 est
708 582 800 630 haec
821 581 909 630 illis
933 601 1065 649 posse
1087 583 1302 650 relinqui;

117 660 395 728 Grandiaque
419 661 467 709 in
490 672 641 708 torvos
667 660 949 708 transformat
972 661 1170 709 membra
1189 662 1412 726 juvencos.

114 739 228 788 sunt
249 751 394 787 tamen
419 738 620 786 obscenae
641 738 854 786 Venerem
874 736 1152 803 Propoetides
1175 757 1288 786 ausae

111 818 222 866 Esse
245 835 403 880 negare
426 815 565 864 Deam
587 835 597 863 ε
620 834 702 881 pro
727 834 816 881 quo
838 834 917 863 sua
939 815 1134 863 numinis
1157 815 1220 864 ira

114 894 315 960 Corpora
339 912 439 942 cum
460 891 599 940 forma
619 892 771 959 primae
793 891 994 954 vulgasse
1016 890 1244 950 feruntur3

1464 909 1528 953 240

112 974 264 1040 thue
285 971 434 1038 pudor
451 971 606 1028 cessit,
632 970 899 1035 sanguisque
918 969 1120 1017 induruit
1144 970 1234 1018 oris
1248 1007 1259 1027 ‚

112 1049 381 1113 Inssrigidum
402 1067 537 1114 parvo
563 1047 728 1095 silicem
749 1046 999 1095 discrimine
1020 1065 1165 1094 versae.

178 1129 258 1175 VI.
285 1128 410 1191 Quas
436 1125 540 1192 quia
563 1123 821 1191 Pygmalion
840 1142 978 1172 aevum
1000 1142 1081 1189 per
1106 1123 1269 1171 crimen
1292 1136 1471 1187 agentes

115 1249 279 1293 arbitror,
290 1254 473 1294 poetarum
489 1246 563 1282 loca
579 1245 623 1281 ad
641 1245 724 1281 tales
739 1245 792 1280 le-

116 1315 175 1349 ges
192 1302 339 1348 exigere.

161 1355 236 1391 233.
246 1356 356 1399 Fuga,
374 1353 530 1388 exsilium
541 1365 550 1388 z
560 1353 701 1386 medium
711 1363 793 1386 mot«-

116 1409 342 1454 tissugoequc,
357 1406 436 1441 vide
449 1405 497 1443 ‚ad
511 1418 598 1440 vers.
618 1406 689 1450 174.

165 1461 239 1496 238.
253 1461 434 1499 Obscoeaeae,
451 1457 531 1503 quia
546 1464 664 1503 postea
673 1467 792 1501 corpo-

118 1527 159 1549 ra
170 1511 367 1559 vulgarunt.
381 1509 502 1545 Barth.
518 1509 662 1544 Advers.
677 1508 791 1551 VIII,

122 1581 135 1601 ι
144 1581 160 1614 7
170 1592 180 1610 ,
195 1564 338 1611 explicat
347 1589 359 1608 ,
376 1562 710 1608 impias—Numinis
718 1563 771 1594 im
781 1587 790 1601 ‚

117 1620 206 1655 irata
217 1616 340 1652 Venus
352 1615 507 1651 incitavit
520 1614 557 1648 in
569 1620 704 1648 tantam
715 1612 793 1647 libi-

119 1670 239 1706 dinem
252 1695 263 1713 ,
280 1675 318 1703 ut
334 1674 398 1703 etc.
415 1686 458 1692 —
476 1667 620 1710 Corpora
635 1668 790 1709 vulgant,

119 1734 196 1769 quoe
214 1720 376 1756 omnium
390 1718 525 1754 libidini
548 1724 668 1764 patent
683 1731 691 1758 ;
704 1716 794 1762 sor-

119 1787 208 1809 nam
221 1775 362 1817 wlgani
370 1798 378 1813 ‚
396 1783 474 1816 quae
484 1770 622 1811 sormae,
634 1768 704 1804 scil.
715 1767 796 1813 pul-

118 1824 325 1862 chritudinis
349 1836 420 1859 suae
446 1823 601 1857 fructum
631 1820 794 1855 omnibus

119 1876 314 1925 promiscue
323 1873 532 1911 concedunt.
541 1873 611 1908 Sed
623 1873 796 1907 Burman·

118 1943 187 1966 nus
196 1929 293 1964 malit
304 1954 314 1972 ,
323 1940 461 1971 corpora
469 1939 543 1960 cum
544 1924 657 1969 sama,
671 1931 710 1958 ut
720 1936 795 1958 non

120 1984 209 2018 clam
220 1994 276 2016 eas
286 1980 403 2016 coiisse
413 2005 423 2023 ,
434 1991 549 2024 neque
559 1979 687 2012 samam
698 1976 796 2022 pudi-

99 2068 101 2070 ,
121 2047 242 2071 carum
261 2032 446 2068 adfectasse
461 2030 684 2077 significetur.
702 2029 797 2064 Om—

121 2088 209 2123 nino
230 2085 370 2134 Cypriae
390 2085 552 2120 mulieres
574 2084 739 2130 proclives
758 2083 795 2118 in

122 2141 305 2175 Venerem
320 2138 421 2173 fuisse
437 2136 601 2173 videntur
611 2163 620 2181 ‚
638 2143 674 2171 et
689 2148 796 2182 quaes-

123 2199 203 2227 tum
216 2190 369 2236 corporis
384 2190 500 2224 secisse
512 2202 520 2224 x
531 2188 598 2224 vid.
614 2189 773 2224 Justinus
784 2214 794 2233 ,

123 2244 181 2279 lib.
202 2242 354 2286 XVIII,
373 2254 445 2287 cap.
464 2243 494 2275 5.

169 2298 211 2340 24
217 2309 229 2330 ι
236 2323 243 2329 .
257 2295 364 2340 thue
368 2295 480 2338 pudor
486 2295 597 2327 cessit.
606 2291 799 2337 Impuden-

124 2348 216 2383 tibus
229 2373 238 2391 ,
263 2347 343 2392 quia
364 2357 547 2391 nunquam
570 2345 797 2389 erubescunt,

126 2400 214 2435 dura
225 2426 235 2444 ‚
254 2398 433 2444 exsanguis
446 2424 456 2442 ,
472 2398 586 2432 serrea
601 2397 697 2431 frons
713 2423 722 2440 ,
739 2409 800 2432 ex-

126 2466 256 2500 sangue
281 2465 320 2488 os
344 2459 408 2487 etc.
430 2450 596 2485 tribuitur
610 2463 618 2491 ;
645 2449 778 2485 Plinius
788 2475 798 2492 ,

127 2518 251 2552 paneg.
267 2505 321 2540 35.
339 2504 434 2540 Hinc
450 2504 547 2539 facile
568 2503 634 2538 suit
650 2502 802 2548 figmen-

127 2565 205 2602 tum
217 2584 226 2602 ,
246 2557 410 2592 mulieres
426 2555 613 2602 impudicas
629 2556 800 2590 transiisse

126 2611 166 2647 in
181 2611 299 2647 silices.
312 2629 356 2637 -
365 2613 473 2646 Parvo
488 2613 678 2645 dtscrimine
690 2621 801 2643 versa.

129 2664 244 2710 Supra
256 2663 308 2698 Vl
318 2690 328 2706 ,
341 2663 382 2698 62
391 2689 401 2706 ,
407 2666 718 2707 parvidcscrt'mtnis
731 2676 802 2697 um-

130 2717 404 2752 arm—Indum?
412 2715 459 2750 sie
470 2715 574 2750 etiam
584 2722 635 2750 est
646 2715 711 2758 IV,
726 2718 800 2762 749,

129 2775 166 2805 ot
181 2768 358 2804 multoties
373 2767 462 2803 alibi.

270 2836 364 2881 IV.

902 1245 1068 1291 243-297.
1099 1246 1330 1291 Pygmalionis
1343 1251 1459 1280 statua
1475 1247 1536 1281 vi—

857 1303 929 1332 tam
955 1296 1085 1342 accipit.
1112 1296 1143 1330 E
1168 1296 1429 1342 Philostephani
1457 1298 1538 1346 Cy·-

856 1350 980 1396 priacis
1002 1349 1154 1384 fabulam
1183 1350 1342 1395 referunt
1369 1349 1536 1387 Clemens

855 1403 954 1437 Alex.
969 1403 1145 1448 Protrept.
1165 1416 1198 1448 p.
1225 1406 1267 1438 5ο
1279 1429 1288 1446 ,
1307 1410 1342 1438 et
1358 1403 1537 1440 Arnobius

855 1454 930 1489 adv.
948 1454 1080 1490 Gentes
1093 1454 1151 1489 lib.
1168 1455 1222 1489 VI
1237 1481 1246 1498 ,
1264 1468 1339 1501 pag.
1362 1456 1448 1498 206,
1474 1457 1535 1492 sed

855 1506 949 1541 haud
967 1507 1070 1553 paulo
1085 1507 1185 1541 aliter
1200 1520 1239 1541 ac
1256 1508 1384 1542 Noster
1397 1534 1406 1552 ‚
1433 1509 1536 1544 fuisse

857 1558 1126 1605 Pygmalionem
1140 1572 1260 1604 regem
1274 1558 1402 1606 Cypri,
1420 1561 1478 1606 qui
1490 1561 1538 1595 si-

856 1613 1052 1663 mulacrum
1063 1613 1214 1648 Veneris
1226 1639 1235 1657 ‚
1254 1613 1348 1658 quod
1360 1613 1536 1660 religionis

857 1664 948 1711 apud
967 1664 1117 1713 Cyprios
1133 1664 1291 1700 habitum
1305 1666 1348 1701 sit
1363 1667 1516 1712 antiquae
1527 1694 1536 1710 ,

856 1717 903 1752 ita
915 1716 1128 1765 adamaverit
1141 1743 1151 1760 ,
1170 1724 1209 1752 ut
1220 1730 1300 1752 cum
1317 1731 1359 1752 eo
1371 1731 1539 1754 concum-

855 1769 966 1803 beret.
976 1769 1100 1814 Neque
1117 1768 1216 1803 aliter
1227 1768 1398 1804 Gnidium
1409 1783 1537 1815 quem-

858 1819 939 1853 dam
952 1819 1250 1855 adolescentulum
1262 1820 1297 1854 in
1309 1820 1376 1855 alio
1386 1822 1538 1857 Veneris

857 1873 1042 1908 simulacro
1062 1873 1179 1908 arsisse
1192 1899 1201 1917 ,
1226 1874 1434 1921 Posidippus
1457 1883 1537 1911 tra-

859 1924 1004 1960 diderat.
1028 1925 1099 1960 Sed
1120 1926 1247 1960 Noster
1269 1927 1536 1974 Pygmalionem

857 1978 939 2012 facit
960 1977 1166 2012 statuarium
1190 1977 1364 2026 Cyprium
1390 1979 1407 2026 (
1430 1987 1465 2015 et
1489 1981 1538 2016 sic

859 2030 966 2065 etiam
982 2029 1145 2066 Philostr.
1162 2030 1233 2066 Vit.
1249 2031 1410 2077 Apollon.
1422 2032 1536 2080 Tyan.

859 2084 907 2126 V,
926 2081 992 2129 5),
1008 2082 1106 2127 cujus
1118 2082 1272 2118 eburnea
1288 2090 1400 2119 statua
1416 2085 1540 2121 Vene-

859 2136 905 2170 ris
919 2148 1067 2170 munere
1081 2136 1188 2170 vitam
1200 2137 1378 2182 acceperit.
1391 2136 1538 2173 Confer.

861 2189 1038 2225 Meursius
1047 2190 1083 2224 in
1093 2188 1213 2237 Cypro
1225 2190 1384 2225 IL—Per
1391 2195 1515 2227 crimen
1523 2220 1532 2234 ,

860 2243 964 2289 vulgo
982 2256 1045 2288 per
1062 2247 1212 2278 crimina.
1228 2262 1272 2270 -—·
1288 2244 1390 2290 Regii
1406 2245 1535 2285 nostri,

862 2305 1034 2342 quantum
1061 2297 1214 2342 judicare
1241 2297 1320 2332 licet
1336 2324 1345 2342 ‚
1371 2299 1540 2344 scriptura

862 2364 961 2397 poene
978 2364 1073 2386 erasa
1086 2377 1096 2394 ,
1119 2350 1250 2386 habent
1267 2365 1371 2386 oeuum
1384 2364 1448 2395 per
1465 2355 1540 2386 cri—

862 2407 955 2438 mina
962 2407 1091 2448 genum
1109 2402 1229 2438 Codex
1239 2404 1267 2438 B
1282 2404 1423 2449 insuper
1433 2403 1539 2439 habet

863 2456 953 2491 hanc
985 2457 1129 2502 glossam
1151 2470 1216 2501 per
1240 2460 1363 2491 crimen
1393 2465 1540 2502 agentes.

864 2509 1014 2554 Vulgata
1032 2508 1135 2543 lectio
1152 2521 1275 2553 parum
1292 2509 1426 2553 poetica
1440 2508 1540 2544 vide—

865 2566 923 2594 tur
932 2585 943 2603 ‚
959 2566 994 2594 et
1005 2559 1098 2593 locus
1110 2559 1252 2594 mutilus
1263 2559 1337 2594 sine
1349 2559 1456 2594 dubio
1468 2568 1517 2596 est
1531 2574 1541 2604 ;

865 2611 924 2647 sed
940 2612 1014 2656 quis
1029 2611 1110 2646 huic
1125 2611 1299 2646 medelam
1314 2612 1438 2647 afferre
1454 2621 1541 2648 ten-

865 2714 1082 2761 turpitudine
1099 2723 1200 2761 atque
1218 2716 1371 2751 infamia.
1385 2716 1519 2752 Seneca
1531 2744 1542 2761 ,

869 2767 976 2812 Epist.
996 2767 1039 2815 93
1051 2793 1060 2811 ,
1078 2779 1142 2812 per
1157 2770 1308 2805 tenebras
1323 2782 1425 2803 oevum
1440 2772 1543 2814 igno-

1313 2850 1361 2877 12
