1820 3106
323 266 400 313 138

690 272 740 313 Ρ.
778 273 1008 318 OVIDII
1040 274 1337 321 NASONIS

317 361 443 407 Muta
465 361 602 425 jacet;
627 363 874 430 viridesque
898 367 989 415 suis
1013 369 1113 416 terit
1136 370 1358 431 unguibus
1382 370 1540 419 herbas

311 436 493 503 Byblis3
519 450 562 486 et
584 439 807 489 humectat
829 441 1111 509 lacrymarum
1131 447 1323 508 gramina
1345 447 1452 495 rivo.

1652 463 1719 499 655

311 513 474 562 Naidas
497 515 568 563 his
589 535 740 565 venam
754 555 766 576 ,
791 537 887 584 quae
910 539 1136 587 nunquam
1159 543 1346 573 arescere
1363 538 1514 591 posset
1529 523 1547 583 ‚¹

313 590 607 656 Supposuisse
627 592 777 643 ferunt
797 615 806 643 :
834 597 941 662 quid
965 599 1079 646 enim
1103 599 1205 648 dare
1225 601 1362 665 majus
1383 601 1639 652 habebant?
1697 644 1702 650 .

312 667 543 727 Protinus,
565 682 616 718 ut
641 683 759 720 secto
781 673 913 739 piceae
933 675 985 722 de
1008 676 1165 729 cortice
1188 689 1347 739 guttae,

312 745 425 792 Utve
451 757 575 793 tenax
598 748 771 809 gravida
794 763 941 799 manat
966 750 1117 800 tellure
1138 752 1363 811 bitumen;

312 820 423 869 Utve
446 822 528 869 sub
552 823 784 874 adventum
807 828 1013 893 spirantis
1035 828 1130 877 lene
1155 831 1319 878 Favoni

308 897 412 945 Sole
433 900 697 950 remollescit
711 940 722 961 ‚
748 923 843 969 quae
867 905 1031 967 frigore
1054 907 1253 955 constitit
1276 907 1417 979 unda:

311 974 381 1020 Sic
407 975 604 1043 lacrymis
629 994 856 1034 consumta
879 983 971 1030 suis
994 983 1202 1030 Phoeheia
1225 984 1380 1049 Byblis

310 1052 507 1100 Vertitur
527 1054 572 1099 in
593 1055 762 1103 fontem
777 1093 787 1113 ‚
814 1058 890 1122 qui
911 1077 1027 1106 nunc
1051 1078 1227 1125 quoque
1251 1060 1436 1109 vallibus
1458 1060 1544 1110 illis

311 1128 479 1176 Nomen
505 1130 637 1178 habet
659 1132 870 1190 dominae3
894 1135 1106 1201 nigraque
1130 1137 1213 1185 sub
1237 1137 1335 1186 ilice
1353 1151 1511 1186 manat.

373 1207 452 1253 IX.
478 1209 609 1256 Fama
632 1210 739 1257 novi
761 1223 935 1259 centum
961 1214 1148 1262 Cretaeas
1174 1214 1354 1262 forsitan
1375 1215 1508 1263 urbes

351 1327 426 1370 654.
459 1329 558 1362 Muta
579 1330 703 1373 jacet‚·
729 1331 869 1376 plurimi
893 1340 983 1367 muta

310 1385 416 1420 tacet,
450 1387 489 1415 ut
506 1381 540 1415 X
553 1407 562 1423 ,
583 1382 647 1429 389
660 1408 669 1425 ,
686 1384 786 1417 Muta
801 1388 880 1419 silet
894 1398 904 1419 .·
922 1385 980 1420 sed

300 1432 399 1475 jacet
415 1432 539 1467 melius
556 1435 742 1479 respondet
758 1443 799 1483 τῷ
814 1440 904 1477 terit,
918 1451 982 1482 pro

309 1494 378 1526 quo
395 1508 403 1524 ,
429 1483 531 1529 vulgo
555 1491 651 1520 tenet.
665 1505 709 1512 ·-
724 1487 825 1532 Regii
848 1489 980 1531 nostri,

301 1534 399 1577 jacet
406 1561 413 1567 .
424 1561 431 1569 .
442 1561 450 1568 .
461 1542 556 1570 tenet.
563 1539 795 1578 —bHumectat
807 1546 871 1573 etc.
885 1540 981 1586 Virg.

309 1584 391 1618 AEn.
412 1586 450 1628 I,
469 1587 532 1630 465
544 1613 553 1630 ,
571 1590 740 1623 humectat
747 1592 889 1634 flumine
906 1594 983 1625 vul-

307 1645 375 1671 tum
383 1665 392 1679 ‚
405 1639 463 1673 ubi
476 1640 637 1686 Heynius
647 1648 786 1685 monet,
797 1644 982 1678 humectare

308 1702 378 1724 csse
390 1691 553 1735 exquisite
566 1705 629 1737 pro
640 1693 795 1739 irrigare,
809 1701 842 1728 et
853 1694 981 1729 habere

308 1742 378 1776 vim
395 1742 574 1787 mitigandi
589 1744 704 1779 ideam
709 1747 872 1790 fluminis.

350 1795 426 1830 656.
453 1797 586 1830 Naidas
610 1799 663 1831 his
684 1811 800 1832 venam
814 1825 822 1838 ,
849 1805 913 1833 etc.
938 1799 979 1832 In

305 1846 550 1893 scaturiginem
571 1861 764 1893 perennem
780 1856 918 1884 mutant
934 1849 982 1884 is-

306 1904 355 1932 tas
368 1897 783 1945 lacrymas—Habebunt,
799 1908 979 1946 poterant3

307 1947 430 1983 Horat.
450 1950 466 1983 I
480 1975 489 1993 ‚
513 1950 578 1995 Ep.
601 1962 664 1985 xv1
676 1976 686 1994 ,
705 1951 746 1986 23
760 1977 770 1995 ,
791 1952 849 1986 An
864 1955 981 1986 melius

305 2002 379 2043 quis
394 2002 494 2036 habet
507 2004 671 2039 suadere?
692 2038 694 2041 ,

349 2051 425 2085 658.
444 2055 546 2088 picea
567 2054 757 2099 plurimum
780 2055 895 2091 fundit
915 2070 979 2091 re—

305 2101 389 2138 sinae
404 2130 413 2146 ,
437 2117 547 2150 eaque
568 2113 639 2141 tota
657 2114 708 2142 est
725 2108 880 2153 persusa;
900 2108 980 2143 Pli-

306 2155 383 2190 nius
395 2182 404 2200 ‚
423 2157 511 2192 XVI
525 2185 534 2202 ,
557 2172 606 2193 ιο.
623 2178 666 2186 ——-
680 2163 835 2195 Bitumea
849 2161 885 2194 in
902 2160 979 2194 Ba—

306 2208 529 2255 byloniorum
560 2212 777 2256 potissimum
806 2212 932 2247 finibus
959 2226 978 2246 e

305 2266 397 2294 terra
421 2262 603 2304 aestuabam
626 2264 804 2307 Justin.1‚
823 2274 873 2307 11,
893 2278 921 2308 7.
936 2283 979 2290 —-

310 2313 475 2354 Gravida,
508 2321 678 2359 quatenus
689 2329 708 2350 e
718 2316 796 2350 sinu
808 2323 866 2350 aut
878 2323 978 2350 utero

304 2377 366 2399 suo
390 2365 505 2400 fundit
531 2366 701 2401 bitumen.
724 2384 769 2393 —-
796 2368 979 2403 consistere

305 2417 442 2462 proprie
461 2417 503 2452 de
520 2417 632 2452 fluviis
645 2418 750 2463 glacie
766 2417 942 2453 adstrictis.

347 2468 422 2504 663.
437 2471 586 2503 Vertitur
597 2470 780 2514 insontem.
797 2470 925 2504 Noster
936 2470 976 2504 A.

305 2518 348 2552 A.
359 2519 484 2563 tradit,
499 2533 576 2554 eam
588 2520 711 2565 laqueo
722 2520 828 2555 vitam
839 2520 976 2555 finiisse.

304 2569 378 2604 Nec
388 2570 485 2605 aliter
499 2570 638 2606 Conon.
655 2579 783 2606 narrat.
795 2586 814 2606 2
823 2598 833 2615 ‚
850 2579 885 2606 et
895 2572 976 2606 Par-

305 2620 400 2655 then.
426 2622 522 2657 Erot.
549 2624 626 2658 XI:
649 2625 844 2659 Antoninus
866 2624 975 2658 Libe—

304 2671 382 2705 ralis
400 2681 516 2708 autem
533 2701 542 2718 ,
574 2676 616 2709 30
631 2701 640 2719 ‚
662 2682 780 2710 auctor
800 2683 871 2719 est,
897 2688 975 2709 eam

303 2722 339 2756 in
361 2723 646 2772 Hamadryadem
669 2740 741 2762 esse
764 2740 782 2761 a
805 2727 975 2774 Nymphis

307 2781 475 2810 mutatam
489 2802 498 2821 ‚
515 2790 623 2822 quum
634 2792 669 2813 se
682 2779 843 2814 voluisset
859 2792 876 2814 e
893 2792 975 2814 sco-

1595 1229 1717 1277 *665

1047 1333 1130 1378 pulo
1145 1333 1355 1379 praecipitem
1370 1333 1452 1369 dare
1463 1360 1473 1377 ‚
1493 1341 1528 1369 et
1547 1335 1680 1370 sontem
1697 1349 1717 1370 e

1046 1398 1125 1419 saxo
1142 1392 1343 1420 manantem
1361 1385 1492 1421 dictum
1515 1388 1640 1432 δάκρυον
1655 1393 1717 1423 Βί-

1047 1440 1153 1475 eladae.
1170 1437 1395 1472 Burmannus
1410 1438 1599 1484 suspicatur
1611 1465 1621 1483 ,
1639 1451 1716 1472 eam

1045 1487 1259 1533 suspendisse
1276 1502 1311 1523 se
1328 1489 1371 1524 ad
1382 1492 1490 1524 dicem
1503 1496 1539 1524 et
1553 1490 1638 1525 inde
1654 1490 1727 1524 de-'

1044 1540 1176 1574 licuisse
1203 1541 1239 1574 in
1265 1542 1411 1576 sontem.
1431 1532 1599 1576 'Fuerunt
1622 1541 1718 1576 haud

1045 1590 1158 1626 dubiae
1174 1591 1275 1626 variae
1292 1591 1334 1626 de
1351 1605 1391 1626 ea
1407 1605 1444 1626 re
1461 1593 1717 1628 traditiones.—

1052 1644 1202 1676 Vallibus
1213 1646 1305 1684 illis5
1324 1656 1380 1678 sex
1395 1646 1541 1678 vallibus
1556 1647 1653 1688 imin·
1669 1644 1723 1690 sic!

1044 1707 1126 1729 sane
1143 1696 1197 1730 Vl
1209 1722 1218 1739 ,
1237 1697 1300 1739 343
1316 1708 1323 1730 :
1339 1695 1398 1731 sed
1415 1709 1510 1731 nunc
1523 1722 1533 1740 ,
1551 1697 1608 1731 ubi
1624 1697 1717 1732 locus

1045 1747 1247 1782 mutationis
1257 1747 1479 1791 indicandus,
1492 1755 1629 1793 prastat
1636 1751 1716 1783 ιἸΙιίσ.

1045 1800 1175 1834 —Hoc
1188 1799 1316 1834 habent
1333 1800 1418 1846 regii
1432 1801 1543 1835 nostri
1557 1799 1719 1836 Codices·

1042 1854 1212 1887 —Nomen
1229 1855 1383 1893 domina,
1402 1854 1520 1901 Byblis
1535 1854 1612 1899 sons
1629 1866 1715 1899 pas-

1045 1905 1110 1939 sim
1126 1912 1431 1940 commemoratur.
1442 1924 1486 1932 ——-
1498 1907 1602 1949 Nigra
1618 1917 1637 1940 a
1651 1906 1716 1940 ni·-

1046 1958 1197 2001 gricante
1206 1957 1331 1991 virore.
1341 1957 1398 1992 Sic
1409 1964 1445 1992 et
1454 1957 1550 2002 Vir-g.
1564 1957 1636 1992 Ecl.
1647 1953 1713 1999 Vs,

1044 2010 1085 2042 55
1096 2034 1104 2050 ,
1124 2007 1202 2042 Cul.
1219 2008 1279 2042 138
1291 2034 1300 2051 ,
1316 2011 1407 2042 meis
1419 2011 1568 2051 etvnigrae
1579 2011 1714 2051 species.

1044 2059 1100 2093 De
1108 2059 1166 2093 illo
1167 2059 1267 2103 fonte
1274 2066 1309 2093 et
1315 2062 1406 2093 valle
1412 2059 1487 2093 vide
1498 2059 1540 2093 ad
1547 2059 1713 2093 vers.633.

1085 2112 1252 2159 665-796.
1262 2114 1356 2156 Iplu's
1365 2124 1473 2157 quum
1481 2113 1621 2146 Ianthen
1630 2123 1716 2145 uxo-

1043 2175 1119 2197 rem
1136 2162 1262 2197 ducere
1279 2163 1383 2201 vellet
1399 2189 1408 2206 ‚
1434 2162 1532 2198 Isidis
1550 2162 1675 2197 auxilio
1693 2176 1712 2196 e

1044 2214 1175 2259 virgine
1187 2221 1344 2248 mutatur
1355 2214 1389 2248 in
1403 2226 1562 2259 puerum.
1575 2213 1662 2247 Haec
1672 2226 1713 2248 ex

1044 2266 1220 2301 Nicandro
1231 2267 1338 2301 refert
1346 2267 1478 2301 Anton.
1493 2266 1564 2300 Lib.
1576 2277 1649 2310 cap.
1663 2278 1712 2310 ¹7-

1042 2319 1137 2362 Ipthr
1150 2317 1197 2352 ibi
1214 2325 1357 2352 vocatur
1379 2317 1581 2362 Leucippus.
1608 2315 1713 2350 Reli-

1042 2382 1126 2414 quas
1140 2370 1320 2403 varietates
1332 2369 1401 2403 suis
1414 2369 1495 2403 locis
1510 2367 1712 2402 videbimus.

1042 2421 1172 2456 Fabula
1195 2421 1371 2466 superiore
1394 2419 1585 2454 nefandum
1606 2432 1712 2454 amo—

1041 2485 1119 2507 rem
1133 2472 1251 2507 retulit
1262 2498 1272 2515 ,
1289 2483 1384 2505 nunc
1397 2470 1575 2516 subjungit
1592 2470 1713 2516 prodi-

1045 2523 1189 2568 giosum.

1084 2575 1160 2608 665.
1176 2576 1281 2608 Fama
1296 2576 1379 2607 noui.
1398 2573 1502 2607 Viam
1517 2573 1581 2608 sibi
1598 2573 1712 2607 munit

1041 2626 1084 2659 ad
1099 2626 1248 2660 fabulam
1265 2637 1335 2668 seq.
1348 2643 1391 2650 —
1407 2625 1563 2664 Cre-teas,
1582 2636 1711 2668 nempe

1041 2678 1120 2721 quia
1147 2676 1260 2710 Cauni
1286 2684 1384 2720 pater
1406 2675 1488 2709 inde
1512 2674 1678 2708 oriundus
1699 2700 1709 2716 ,

1040 2742 1127 2762 vers.
1141 2729 1213 2771 443.
1232 2728 1261 2761 Ε
1279 2726 1385 2762 Creta
1401 2728 1574 2773 profectus
1588 2738 1653 2760 nos
1668 2738 1710 2758 eo

1039 2778 1183 2813 reducit.
1205 2778 1260 2813 De
1281 2786 1408 2814 centum
1433 2777 1548 2813 Cretae
1570 2776 1710 2811 urbibus
