1820 3106
390 220 1101 267 METAMORPHOSEON
1133 222 1270 265 LIB..
1302 223 1395 265 XI.

1507 219 1593 281 247

182 315 416 374 AEdificant
435 333 608 372 muros,
631 326 761 381 pacto
783 333 866 381 pro
891 315 1111 363 moenibus
1132 332 1254 363 auro.

183 381 338 443 Stabat·
359 412 474 460 opus
493 413 504 440 z
525 392 715 458 pretium
738 411 814 440 rex
836 391 1077 450 inficiatur,
1102 403 1145 440 et
1165 391 1308 449 addit,

1530 402 1595 437 205

182 469 377 520 Perfidiae
397 468 619 517 cumulum
633 506 645 527 ‚
666 468 789 518 falsis
811 469 1000 536 perjuria
1024 468 1171 518 verbis
1187 505 1200 526 ‚

186 567 211 589 α
233 547 333 594 Non
354 545 534 614 impune
555 540 691 605 serem
717 569 740 590 »
768 559 914 596 rector
933 547 1065 596 maris
1086 545 1232 613 inquit
1251 564 1261 593 ι
1287 556 1331 593 et
1353 561 1504 592 omnes

181 623 412 674 Inclinavit
431 644 565 692 aquas
585 625 642 674 ad
662 644 798 674 avarae
819 625 950 674 litora
971 625 1114 691 Trojae
1134 644 1143 683 ;

180 702 318 768 Inque
340 701 442 751 freti
466 702 652 751 formam
677 715 813 752 terras
837 703 1078 760 convertit;
1102 720 1298 774 opesque

179 778 379 828 Abstulit
399 780 629 843 agricolis;
654 793 697 829 et
717 781 924 830 fluctibus
947 780 1100 829 obruit
1122 798 1234 828 arva.

1531 799 1596 823 210

178 856 314 907 Poma
333 875 473 925 neque
496 858 588 907 haec
610 859 716 907 satis
738 871 833 907 est:
854 859 969 922 regis
993 876 1174 925 quoque
1195 856 1286 906 filia
1310 864 1509 905 monstro

177 934 383 984 Poscitur
403 955 608 1002 aequoreo
629 957 637 984 ε
665 955 795 1003 quam
818 937 926 984 dura
945 936 1000 985 ad
1024 955 1125 984 saxa
1148 936 1385 983 revinctam

177 1011 384 1062 Vindicat
406 1013 586 1063 Alcides
599 1052 611 1073 ‚
631 1014 933 1082 promissaque
956 1032 1135 1061 munera
1151 1050 1162 1071 ,
1191 1012 1332 1061 dictos

179 1168 197 1183 ⁴¹
211 1155 336 1199 Vovit,
353 1155 448 1201 quod
464 1168 574 1202 regno
588 1168 652 1191 suo
667 1155 799 1201 pecoris
812 1167 856 1189 eo

181 1219 199 1236 »ι
216 1219 311 1242 anno
341 1214 466 1242 natum
496 1215 584 1243 esset
601 1234 611 1251 ‚
646 1207 854 1242 immolatu—

181 1272 199 1287 »ι
215 1271 308 1293 nnn.
319 1273 338 1290 ιι
350 1259 529 1295 Homerus
540 1260 591 1295 nil
599 1259 742 1304 definit,
754 1265 855 1307 μισθῷ

179 1313 230 1345 ε’πὶ
239 1312 322 1361 ῥητῷ
333 1337 343 1356 ,
356 1313 486 1353 stabat,
501 1311 698 1347 absolutum
706 1318 780 1346 erat
790 1337 799 1355 ,
815 1318 855 1346 ut

180 1361 237 1398 ΠΙ
249 1387 260 1407 ,
281 1363 339 1398 131
352 1364 464 1407 „Iam
482 1366 622 1399 stabant
639 1365 774 1404 Thebe,
797 1363 857 1397 ubi

179 1413 259 1450 vide
272 1417 625 1457 noima-Pretium,
643 1414 854 1450 mercedem.

179 1463 267 1506 Mox
281 1465 370 1501 ordo
385 1467 573 1502 verborum
590 1479 598 1502 ι
613 1473 648 1501 et
662 1465 752 1501 falsis
767 1479 853 1500 ver-

176 1515 229 1553 bis
242 1517 338 1554 addit
353 1520 506 1567 perjuria
516 1545 526 1565 ‚
549 1520 730 1555 cumulum
746 1518 856 1565 perfi⁴

177 1567 242 1604 diae
251 1584 261 1614 ;
271 1570 328 1605 cui
338 1571 522 1606 sententiae
533 1571 855 1617 interpunctionem

176 1622 523 1659 accommodavimus.
541 1642 585 1650 —-
605 1626 727 1669 lnquit.
751 1624 855 1659 Prior

177 1674 368 1712 Twisdenii
378 1679 607 1725 infit—Regii
618 1679 728 1713 nostri
738 1681 854 1724 inquit.

218 1729 296 1763 208.
305 1729 430 1765 Amrae
443 1732 561 1775 Trojae.
570 1731 656 1766 Mox
667 1744 754 1766 vers.
766 1733 829 1765 215
842 1755 851 1773 ‚

169 1781 308 1827 peq'ura
315 1786 435 1817 Μαῖα
450 1784 577 1827 Trojae;
598 1783 697 1829 Virg.
707 1782 792 1817 AEn.
804 1784 852 1826 V,

176 1834 243 1869 810
254 1859 265 1878 ,
277 1835 419 1879 μήκων
436 1840 558 1870 moem'a
579 1837 704 1881 Trojoe‚
731 1843 767 1871 et
785 1836 851 1880 lv,

179 1887 242 1930 542
259 1911 269 1930 ,
298 1888 551 1923 laomedontea
569 1890 722 1933 perjuria
734 1890 854 1933 genitis.

179 1936 282 1972 Adde
299 1937 425 1974 Horat.
443 1941 499 1975 111
511 1965 521 1984 ,
543 1939 614 1976 Od.
631 1949 677 1975 111
689 1966 699 1984 ,
725 1954 760 1975 ιιι
780 1953 854 1986 sqq.

179 1988 282 2024 Adeo
304 1991 401 2026 enim
415 1993 564 2028 Veteres
585 1993 675 2028 hanc
698 1993 854 2027 Laome-

179 2039 294 2077 donti·
303 2043 485 2088 perfidiam
494 2044 742 2091 perjuramque
749 2045 855 2080 avari-

180 2093 264 2128 tiam
273 2097 417 2132 aversati
426 2105 508 2133 sunt
517 2125 526 2142 ,
546 2105 586 2134 ut
597 2111 677 2134 eam
686 2099 750 2134 toti
760 2098 855 2145 genti

180 2145 395 2192 imputarent
410 2175 420 2192 ,
448 2157 484 2185 et
514 2150 598 2186 inde
623 2151 743 2186 omnia
764 2152 855 2186 mala

179 2198 343 2245 Troianis
355 2214 548 2248 eorumque
564 2204 706 2248 posteris
724 2203 856 2239 inflicta

178 2259 390 2298 repeterent.
397 2254 563 2300 Virgilius
570 2280 579 2298 ,
590 2254 719 2301 Georg.
728 2256 746 2291 1
756 2281 765 2300 ,
775 2258 853 2299 520,

178 2303 259 2339 ideo
270 2304 313 2340 de
325 2306 420 2341 bellic
435 2306 679 2341 Romanorum
688 2307 853 2351 civilibus,

177 2361 428 2395 laomedontea
441 2360 562 2393 luimus
572 2359 723 2403 perjuria
739 2359 856 2403 ijae.

175 2409 338 2449 —Litom
354 2415 388 2448 T
382 2414 471 2458 rojae.
484 2413 631 2448 Plurimi
641 2416 764 2447 menia
779 2414 856 2447 Tro·

170 2465 220 2507 J'ae
231 2464 326 2510 quod
339 2465 493 2511 placebat
506 2464 670 2508 Ciofano,
684 2477 757 2499 non
770 2463 855 2499 item

178 2516 400 2562 Burmanno,
414 2519 494 2565 quia
506 2518 540 2552 id
558 2518 665 2552 modo
677 2519 856 2564 praecessit.

178 2588 222 2596 —
237 2569 406 2606 Ciosanus
425 2570 513 2606 duos
544 2578 681 2606 tantum
709 2567 857 2608 Codices

179 2621 346 2657 habentes
357 2626 480 2657 moem'a
489 2629 588 2657 notat
601 2637 609 2665 ;
631 2622 857 2659 Burmannus

179 2680 298 2719 *autem
321 2673 489 2719 plurimos
512 2701 522 2717 ‚
555 2687 755 2720 quanquam
782 2684 858 2710 non

180 2725 316 2771 probet.
339 2725 442 2773 Regii
464 2727 574 2762 nostri
593 2727 696 2762 ambo
712 2727 797 2762 dant
813 2731 858 2763 (12

919 1159 1011 1194 tora,
1030 1152 1124 1198 quod
1141 1152 1267 1187 rectius
1284 1164 1356 1187 esse
1373 1150 1528 1185 indicant
1543 1162 1598 1184 se-

921 1218 941 1250 q
946 1218 1012 1240 uen
1017 1205 1063 1239 tia
1070 1206 1174 1249 Inque
1173 1203 1407 1249 s'tetefirmam
1414 1209 1516 1237 terras
1525 1214 1600 1236 con-

921 1260 1024 1292 vertit.
1042 1256 1107 1292 Ed.
1125 1275 1168 1283 ·-
1183 1254 1414 1298 Frete'sorma,
1440 1253 1570 1288 fretum
1591 1267 1599 1293 ς

920 1308 998 1343 vide
1012 1308 1054 1343 ad
1068 1309 1105 1351 1,
1123 1309 1174 1354 73.
1186 1326 1230 1334 -
1243 1308 1363 1341 Obruit
1373 1319 1466 1343 auva.
1483 1305 1598 1350 Vulgo

920 1365 1031 1397 obrui!
1040 1373 1150 1406 agros,
1167 1360 1259 1406 quod
1272 1360 1401 1405 sprevit
1412 1359 1597 1402 Heinsius,

921 1413 1000 1458 quia
1019 1415 1179 1457 agn‘coltlr
1198 1412 1300 1457 paulo
1318 1419 1398 1446 ante
1419 1409 1599 1456 praecessit.

918 1464 1087 1500 ——Codex
1102 1465 1231 1510 Regius
1246 1465 1276 1498 Β
1288 1490 1297 1507 ,
1313 1475 1421 1508 agros.
1603 1509 1606 1513 s

965 1533 1000 1554 tn
1012 1533 1038 1555 ι.
1053 1522 1157 1554 Poena
1169 1532 1270 1563 neque
1287 1520 1357 1552 l1oec
1372 1524 1436 1552 etc.
1456 1516 1526 1551 Hic
1541 1516 1599 1550 ali-

920 1572 1003 1618 quid
1020 1572 1254 1618 supplendum
1273 1585 1314 1606 ex
1333 1569 1548 1616 Apollodoro
1565 1576 1600 1603 et

921 1624 1076 1673 Hygino.
1100 1625 1226 1670 Apollo
1245 1624 1410 1669 Troianis
1427 1622 1599 1668 pestilen-

919 1678 1004 1711 tiam
1038 1677 1230 1712 immiserat
1255 1703 1265 1720 ,
1298 1677 1486 1721 Neptunus
1517 1686 1599 1708 cum

918 1730 1149 1766 inundatione
1166 1738 1292 1765 retum.
1307 1728 1501 1764 oraculum
1519 1739 1600 1760 mo-

919 1784 1043 1827 nebat,
1063 1790 1138 1818 tum
1157 1783 1301 1817 demum
1316 1781 1490 1815 malorum
1507 1780 1599 1814 isto·-

919 1846 999 1869 rum
1018 1835 1128 1869 finem
1144 1834 1217 1869 sore
1231 1861 1240 1877 ‚
1258 1834 1286 1869 si
1304 1831 1507 1867 Laomedon
1522 1831 1600 1865 He-

919 1888 1053 1922 sionem
1066 1887 1172 1922 filiam
1182 1894 1260 1922 ceto
1266 1885 1485 1932 exposuisset.
1496 1884 1600 1918 Hanc

918 1940 1025 1985 igitur
1048 1951 1158 1985 quum
1180 1938 1351 1974 Hercules
1363 1963 1373 1981 ‚
1391 1937 1433 1971 ab
1451 1934 1600 1981 expedi-

921 1994 1016 2029 tione
1026 2001 1148 2028 contra
1156 1994 1351 2027 Amazones
1359 1989 1509 2032 rediens,
1519 2000 1597 2023 saxo

920 2045 1091 2092 alligatam
1105 2044 1261 2088 vidisset,
1279 2050 1396 2078 cetum
1413 2040 1598 2083 interficit,

920 2098 1163 2145 virginemque
1173 2102 1296 2132 servat.
1309 2097 1452 2131 Pactam
1464 2105 1599 2127 merce-

922 2151 1005 2186 dem
1022 2163 1131 2197 quum
1149 2164 1167 2185 a
1185 2159 1266 2196 rege
1281 2160 1355 2182 non
1372 2143 1596 2192 impetraret,

921 2205 992 2240 abit
1011 2211 1087 2239 tum
1106 2202 1248 2250 quidem
1265 2227 1274 2245 ,
1297 2201 1358 2236 sed
1374 2207 1492 2246 postea
1509 2197 1600 2233 redit
1640 2200 1643 2203 '

921 2270 1001 2293 cum
1019 2257 1213 2293 Telamone
1230 2281 1239 2299 ,
1262 2254 1480 2298 Troiamque
1499 2251 1599 2296 capit.

922 2311 1096 2346 Hesiones
1111 2308 1264 2343 rabulam
1278 2310 1486 2351 „narraverat
1503 2302 1600 2337 Hel-

920 2362 1065 2405 lanidas,
1073 2360 1168 2395 unde
1178 2371 1276 2394 suam
1286 2357 1407 2392 habuit
1416 2353 1602 2400 Apollodo-

922 2428 997 2455 rus:
1013 2414 1102 2450 cons.
1116 2412 1220 2447 Diod.
1237 2410 1305 2447 Sic.
1324 2410 1395 2450 IV,
1412 2410 1462 2452 42.
1479 2406 1599 2442 Simile

923 2464 1248 2513 quidAndromedae
1257 2462 1378 2498 accidit
1388 2460 1601 2503 1V‚662sqq‘.

967 2532 985 2552 2
993 2532 1004 2553 ι
1011 2519 1041 2553 3.
1053 2519 1177 2551 Dictos
1185 2518 1301 2561 poscit
1310 2525 1422 2559 equos.
1432 2510 1604 2547 Nonnulli

917 2577 1040 2615 pactos
1046 2571 1161 2613 poscit
1169 2578 1290 2613 equom
1300 2565 1360 2601 sed
1370 2567 1479 2600 dicere
1486 2590 1494 2605 ‚
1507 2563 1602 2597 idem

924 2619 1017 2665 quod
1035 2619 1250 2665 promittere.
1268 2617 1400 2653 Passim
1418 2618 1526 2650 dicere
1541 2615 1584 2648 do
1596 2636 1606 2640 ω

923 2685 978 2714 na,
991 2676 1139 2717 premis,
1159 2674 1287 2714 dotem‚·
1301 2670 1379 2706 vide
1396 2668 1604 2704 Heinsium:

923 2727 984 2763 sed
999 2727 1078 2773 quia
1091 2726 1250 2773 proxime
1260 2724 1431 2772 praecessit
1436 2724 1603 2768 promissa
