1820 3106
236 241 322 269 200

621 229 950 276 P.·⁴OVIDII
986 226 1290 276 NASONIS

237 341 261 362 »
291 321 562 387 Mutataeque
585 322 695 370 mihi
718 323 938 390 vitamque
962 343 1200 391 necemque
1223 335 1390 387 negate.
1415 346 1439 368 »

234 398 408 447 Numen
436 399 647 449 confessis
670 400 850 467 aliquod
874 414 1024 468 patet:
1050 402 1204 452 ultima
1222 414 1337 451 certe

235 475 354 524 Vota
379 495 483 525 suos
507 477 701 527 habuere
725 479 872 538 Deos3
898 498 998 528 nam
1022 499 1147 528 crura
1168 479 1392 546 loquentis

234 553 371 601 Terra
395 555 676 620 supervenit;
703 568 948 622 ruptosque
973 556 1154 623 obliqua
1178 576 1259 623 per
1281 574 1453 620 ungues

1593 570 1661 616 49⁰

233 631 486 696 Porrigitur
508 633 633 682 radix
647 672 659 693 ,
686 633 809 698 longi
830 635 1075 683 firmamina
1096 634 1240 683 trunci
1259 654 1269 682 :

235 709 438 776 Ossaque
462 710 602 759 robur
625 723 789 774 agunt;
816 711 1048 778 mediaque
1070 722 1275 759 manente
1297 709 1512 769 medulla,

235 787 427 850 Sanguis
451 787 486 835 it
507 788 554 835 in
580 807 760 847 succos,
784 789 831 836 in
855 807 1039 852 magnos
1062 788 1243 837 brachia
1266 807 1438 847 ramos,

231 867 285 914 In
310 885 470 932 parvos
496 865 625 929 digiti
649 887 659 914 :
683 867 868 915 duratur
892 867 1058 915 cortice
1080 866 1223 933 pellis.
1572 921 1576 926 ⁵

229 945 419 1010 Jamque
445 963 618 1007 gravem
642 963 840 993 crescens
865 956 1039 992 uterum
1062 943 1378 1009 perstrinxerat
1401 943 1560 1003 arbor,
1594 956 1661 1004 495

231 1022 504 1089 Pectoraque
528 1023 738 1071 obruerat
753 1060 764 1080 ,
791 1021 1043 1088 collumque
1066 1020 1238 1088 operire
1255 1020 1452 1086 parabat.

230 1099 335 1148 Non
359 1100 462 1148 tulit
485 1099 560 1149 illa
581 1119 773 1158 moram;
797 1099 1076 1166 venientique
1098 1099 1230 1146 obvia
1251 1098 1372 1161 ligno

229 1215 299 1249 scil.
320 1222 355 1249 et
372 1222 595 1249 mortuorum
607 1239 616 1256 ,
635 1227 701 1249 nec
718 1214 835 1249 vivere
855 1227 914 1249 me

231 1267 354 1310 sinite,
377 1280 443 1301 nec
459 1267 550 1300 mori
570 1280 577 1301 :
596 1266 702 1301 etiam
718 1266 810 1311 apud
829 1266 914 1300 An-

232 1326 305 1354 ton.
330 1320 444 1355 Liber.
469 1325 591 1364 εὔχεται
614 1324 693 1364 μήτε
712 1322 790 1370 ταρὰ
814 1325 912 1363 ζῶσι,

231 1371 307 1417 μήτ’
323 1374 351 1405 ἕν
366 1380 475 1418 νεκροῖς
497 1380 637 1418 ᾳανῖῐναι.
653 1390 696 1397 -—
712 1373 916 1416 Mulatoeque

234 1426 340 1458 mibie
346 1431 387 1458 tc.
396 1424 590 1458 Hicversus
598 1424 693 1458 abest
700 1424 736 1457 in
743 1423 917 1459 Mediceo.

235 1475 424 1510 ——Sublato
437 1475 502 1510 hoc
513 1488 615 1509 versu
627 1501 636 1518 ,
656 1488 776 1510 sensus
788 1475 898 1509 haeret
907 1501 917 1518 ‚

234 1542 300 1563 nec
318 1529 407 1563 bene
423 1528 668 1574 intelliguntur
685 1540 761 1573 quae
781 1540 918 1572 praece-

234 1581 325 1615 dunt
337 1607 347 1623 ‚
372 1583 533 1614 ambobus
541 1583 659 1624 pellite
672 1584 802 1624 regnis;
824 1587 919 1614 recte

233 1633 341 1679 igitur
356 1640 439 1668 eum
453 1631 584 1666 habent
598 1632 707 1666 nostri
726 1632 837 1677 Regii.
853 1634 919 1669 Ed.

278 1686 353 1730 489.
365 1683 459 1725 Suos,
473 1684 651 1729 propitios,
662 1686 804 1719 habuere
812 1686 917 1725 Deos,

236 1735 396 1770 exaudita
407 1744 488 1771 sunt
498 1749 516 1770 a
529 1736 605 1771 Diis
618 1751 625 1777 ;
643 1737 690 1771 sic
702 1744 736 1770 et
748 1736 815 1780 IV,
834 1738 898 1782 373
908 1763 918 1780 ‚

235 1801 301 1833 pro
310 1801 380 1833 quo
392 1789 408 1822 1
413 1788 457 1831 V,
474 1788 552 1831 164,
570 1790 657 1822 Vota
666 1791 802 1832 tetigere
810 1790 920 1823 Deos:

237 1840 353 1874 Tibul.
370 1840 450 1882 111,
465 1851 530 1882 111,
550 1842 590 1874 28
604 1866 613 1883 ,
637 1853 702 1874 non
720 1853 811 1874 meus
823 1842 921 1875 Deus

236 1901 289 1928 est
302 1893 476 1936 inimicus,
494 1892 622 1927 iratus:
640 1893 818 1938 Virgilius,
837 1894 920 1927 AEn.

238 1947 275 1981 II
287 1971 296 1989 ,
314 1946 379 1992 396
393 1971 402 1988 ,
418 1947 513 1979 haud
520 1948 653 1979 numine
666 1952 779 1980 nostro
789 1973 797 1986 ‚
821 1946 921 1981 nobis

236 2009 308 2031 non
327 1996 476 2041 propitio
489 2008 497 2030 ε
517 1994 590 2031 Cic.
605 1997 731 2041 Quint.
746 2011 777 2044 7,
791 1999 922 2042 Alphe-

238 2061 302 2082 nus
318 2051 475 2083 utebatur
482 2052 609 2092 populo
624 2062 685 2083 suo
696 2076 704 2088 ,
722 2049 784 2083 sibi
801 2050 920 2095 propi-

237 2101 307 2142 tio;
328 2102 467 2136 Ernesti
487 2101 581 2136 Clav.
596 2101 669 2137 Cic.
685 2110 784 2148 putat
797 2116 815 2137 e
833 2103 922 2137 ludis

239 2153 449 2200 gladiatoriis
461 2154 525 2188 hoc
535 2157 855 2189 sumnum—Crura
870 2158 923 2189 lo-

237 2210 377 2252 quentis.
407 2206 578 2251 Quinque
597 2232 606 2249 ,
628 2209 729 2249 plura
756 2209 922 2251 loquenti:

239 2258 420 2293 Leidensis
436 2272 501 2295 non
510 2261 611 2303 plura
626 2261 788 2303 loquentis
799 2286 807 2300 ,
827 2258 922 2303 quod

240 2311 364 2357 probat
378 2311 606 2345 Burmannus
617 2336 626 2353 ‚
650 2310 677 2344 si
697 2312 848 2354 loquenti
863 2309 922 2343 le·-

241 2370 343 2409 gatur
356 2378 363 2405 ;
381 2364 428 2398 ita
441 2364 536 2398 enim
543 2365 643 2407 plura
653 2364 922 2407 loquiNostrum

241 2414 362 2449 dixisse
375 2441 384 2458 ,
401 2422 439 2449 ut
456 2415 493 2458 I,
514 2416 576 2450 525
593 2421 629 2448 et
644 2414 709 2449 658
725 2421 760 2448 et
777 2413 865 2448 alibi.
879 2433 923 2441 —-

240 2466 342 2512 Regii
356 2467 467 2501 nostri
483 2480 580 2501 crura
597 2468 923 2511 loquentiu—Crura

238 2525 327 2552 terra
343 2522 548 2561 supervenit,
567 2525 660 2552 terra
675 2524 820 2563 repente
837 2518 923 2552 reti-

241 2571 319 2604 nuit
336 2577 371 2604 et
386 2570 534 2615 alligavit
553 2570 669 2616 pedes.
691 2570 826 2606 Confer
842 2583 922 2605 cum

241 2635 326 2666 seqq
349 2622 478 2657 similes
501 2623 695 2667 puellarum
721 2623 757 2657 in
783 2623 923 2658 arbores

243 2674 454 2709 mutationes
464 2702 473 2718 ‚
487 2676 502 2709 I
516 2702 524 2718 ,
540 2677 759 2720 548-52311,
771 2677 922 2722 347-65;

245 2726 317 2768 IX,
335 2727 488 2773 351-93;
505 2727 599 2761 unde
613 2728 801 2773 intelliges,
816 2729 922 2763 etiam

238 2778 274 2812 in
292 2778 474 2813 simillimis
492 2779 596 2814 rebus
616 2780 767 2816 suaviter
788 2781 920 2816 variare

981 1211 1188 1247 soecundum
1201 1211 1320 1247 Ovidii
1332 1211 1577 1257 ingenium.-
1586 1212 1665 1246 Fir-

980 1269 1129 1300 mamina
1146 1292 1155 1306 ‚
1179 1279 1248 1311 qua
1272 1266 1502 1300 continentur
1523 1264 1661 1307 trunci,

980 1326 1020 1354 ut
1034 1319 1190 1364 loquitur
1210 1318 1283 1353 Cic.
1302 1319 1381 1354 Nat.
1398 1318 1580 1361 Deor.11,
1599 1318 1664 1364 47;

965 1373 1148 1417 firmamen
1160 1398 1167 1410 ‚
1190 1385 1253 1417 pro
1270 1371 1536 1406 firmamentum
1551 1396 1561 1414 ‚
1586 1369 1663 1404 sul-

981 1436 1101 1466 crum,
1119 1423 1200 1468 quia
1218 1424 1346 1458 Noster
1361 1430 1454 1458 amat
1468 1422 1614 1457 nomina
1625 1422 1662 1455 in

980 1487 1077 1508 amen
1094 1475 1299 1509 desinentia.
1314 1493 1358 1501 —
1372 1476 1517 1520 Obliqua
1527 1501 1536 1515 ‚
1552 1477 1663 1518 porri·-

978 1530 1084 1571 gilur‚
1107 1530 1219 1572 longi,
1239 1529 1399 1574 pingunt.

1024 1580 1099 1626 492.
1126 1582 1244 1613 Robur
1256 1585 1380 1623 agunt,
1401 1580 1438 1613 in
1455 1579 1591 1624 lignum
1607 1591 1666 1613 ro-

981 1631 1123 1665 bustum
1136 1657 1146 1674 ,
1167 1630 1298 1665 durum
1317 1638 1510 1666 mutantur.

1026 1685 1101 1730 494.
1120 1685 1275 1718 Duratur
1286 1687 1419 1719 cortice.
1444 1683 1548 1719 Prior
1563 1681 1665 1717 Gro-

983 1735 1077 1769 novii
1091 1741 1254 1770 curvatur.
1273 1735 1312 1771 Si
1327 1736 1403 1771 voci
1418 1749 1479 1771 sua
1491 1742 1667 1771 constaret

984 1788 1170 1823 auctoritas
1180 1814 1189 1832 ‚
1201 1788 1368 1824 Heinsius
1377 1789 1508 1834 legeret
1519 1793 1665 1832 rugatur,

984 1847 1024 1874 ut
1050 1841 1176 1885 passim
1202 1854 1342 1885 rugosus
1362 1847 1486 1876 cortex.
1505 1860 1548 1867 -
1564 1841 1667 1887 Regii

984 1893 1096 1927 nostri
1106 1895 1253 1928 duratur.
1262 1912 1305 1919 -
1312 1896 1465 1928 Duratur
1472 1897 1608 1935 cortice,
1628 1894 1665 1928 in

985 1945 1116 1979 durum
1130 1947 1296 1980 corticem
1310 1954 1478 1983 mutatur.

1029 1998 1104 2043 495.
1118 1999 1372 2033 perstrinxerat.
1385 1999 1500 2045 Vulgo
1512 1998 1529 2045 (
1539 2005 1575 2034 et
1585 2011 1666 2033 nos-

985 2047 1046 2082 tris
1064 2048 1206 2093 Regiis)
1222 2053 1467 2093 prm-emerat,-
1484 2050 1539 2084 alii
1549 2062 1666 2094 pres-

983 2101 1159 2139 trinxerat,
1178 2107 1238 2134 aut
1248 2104 1667 2138 constrinxeraL--Pecto-

985 2165 1085 2196 mque
1098 2155 1259 2188 obruerat.
1279 2154 1445 2189 Heinsius
1458 2155 1580 2190 suadet
1587 2167 1666 2198 pec-

984 2209 1295 2250 toraqueobsuemt,
1317 2207 1352 2241 id
1366 2215 1417 2242 est
1427 2234 1436 2251 ,
1455 2207 1643 2242 occluserat
1654 2232 1664 2249 ,

986 2265 1173 2302 operuerat
1185 2273 1193 2300 3
1205 2262 1315 2294 obruit
1321 2260 1417 2294 enim
1429 2264 1552 2295 cortice
1562 2259 1665 2305 paulo

986 2308 1107 2344 durius
1124 2311 1257 2345 dictum
1280 2312 1410 2355 iudicat
1427 2325 1435 2347 z
1455 2311 1498 2346 de
1517 2324 1586 2356 quo
1604 2311 1665 2345 vi-

986 2360 1111 2396 deatur
1133 2363 1203 2407 ipse
1224 2363 1267 2397 ad
1286 2363 1376 2398 Fast.
1394 2364 1450 2406 11,
1470 2363 1544 2408 578.
1563 2363 1665 2398 Bur—

985 2426 1138 2449 mannus
1148 2414 1282 2449 dubitat
1289 2428 1332 2449 an
1343 2418 1478 2448 obsuere
1486 2414 1551 2448 hoc
1560 2427 1666 2449 sensu

988 2465 1137 2501 Ovidius
1159 2467 1310 2502 scribere
1334 2467 1487 2512 potuerit
1505 2479 1512 2501 :
1530 2467 1558 2501 si
1581 2466 1666 2511 quid

986 2517 1199 2552 mutandum
1214 2518 1332 2552 mallet
1345 2521 1555 2552 induerat.—
1563 2518 1666 2563 Regii

986 2570 1095 2604 nostri
1110 2573 1270 2605 obruerat.
1281 2570 1411 2604 —Hoc
1429 2571 1576 2605 verbum
1590 2583 1665 2604 non

987 2620 1134 2656 debebat
1154 2622 1280 2657 tentari
1299 2636 1306 2663 ;
1331 2625 1465 2656 obruere
1480 2649 1489 2663 ,
1519 2629 1635 2668 tegere
1653 2648 1664 2666 ‚

986 2675 1137 2710 condere
1151 2702 1160 2719 ,
1183 2675 1337 2720 sepelire.

1031 2729 1106 2773 497.
1133 2730 1275 2760 Veniens
1297 2729 1443 2770 legrnum,
1469 2726 1664 2771 elegantem

988 2787 1023 2815 et
1033 2778 1210 2824 ingeniose
1224 2781 1322 2814 obuia
1332 2780 1495 2820 subsedit,
1516 2784 1555 2812 ut
1565 2777 1666 2812 obvia
