1820 3106
324 242 1040 295 METAMORPHOSEON
1085 244 1215 287 LIB.
1258 243 1382 286 XII.

1480 240 1565 297 345

147 344 354 406 Obrutus
369 341 548 392 immani
573 337 752 389 cumulo
766 376 778 397 ‚
804 338 891 387 sub
914 336 1112 406 pondere
1135 337 1320 386 Caeneus

147 422 326 477 AEstuat
345 418 530 474 arbooeo
545 454 558 476 ‚
584 428 883 482 congestaque
906 415 1068 464 robora
1092 414 1216 464 duris

1506 424 1571 460 515

146 496 489 564 Ferthumeris:
513 494 590 544 sed
611 494 728 543 enim
747 505 987 560 postquam
1009 511 1144 561 super
1167 511 1246 540 ora
1269 501 1490 558 caputque

150 575 298 626 Crevit
319 593 455 632 onus,
473 591 618 640 neque
637 572 774 621 habet
787 610 800 630 ‚
826 591 936 639 quas
957 572 1088 621 ducat
1102 610 1114 631 ‚
1140 571 1324 638 spiritus
1345 587 1474 619 auras
1487 606 1501 628 ‚

147 652 309 703 Deficit
330 651 553 701 interdum
574 672 584 700 ε
606 649 744 699 modo
761 670 814 700 -se
836 670 970 718 super
988 670 1087 699 aera
1108 650 1274 699 frustra

145 729 319 779 Tollere
340 740 552 787 conatur,
577 728 802 794 jactasque
828 728 1026 777 evolvere
1050 727 1207 786 silvas;

145 807 657 873 Interdumquemovet:
680 805 846 864 veluti,
872 826 1004 873 quam
1029 806 1270 864 cernimus,
1297 804 1416 853 ecce!

1508 813 1575 848 520

145 885 300 935 Ardua
324 886 362 935 si
386 897 511 934 terrae
530 885 754 951 quatiatur
773 885 973 933 motibus
994 884 1086 933 Ide.

144 963 307 1013 Exi-tus
327 964 374 1012 in
398 962 537 1025 dubio
560 974 627 1011 est
646 984 655 1011 :
678 961 753 1010 alii
775 962 859 1010 sub
885 961 1035 1010 inania
1059 979 1222 1028 corpus

144 1044 328 1092 Tartara
347 1041 574 1093 detmsum
598 1039 807 1089 silvarum
830 1039 947 1088 mole
970 1039 1184 1088 ferebant.

146 1120 324 1169 Abnuit
346 1118 639 1186 Ampycides;
663 1117 899 1183 medioque
920 1136 972 1166 ex
994 1136 1150 1181 aggere
1172 1115 1305 1164 fulvis

146 1197 275 1246 Vidit
295 1216 416 1247 avem
442 1197 603 1264 pennis
624 1195 814 1262 liquidas
836 1194 951 1244 exire
975 1195 1060 1244 sub
1078 1213 1206 1243 auras
1225 1231 1236 1252 ‚

1511 1201 1579 1237 525

148 1277 263 1341 Quae
285 1275 396 1324 mihi
422 1286 528 1329 tunc
551 1273 769 1341 primum,
793 1285 900 1321 tunc
926 1285 992 1321 est
1016 1284 1253 1339 conspecta
1278 1287 1543 1337 supremum.

148 1355 278 1402 Hanc
299 1352 381 1402 ubi
401 1351 664 1402 lustrantem
689 1350 777 1399 leni
802 1369 880 1399 sua
903 1361 1043 1398 castra
1067 1348 1217 1397 volatu

149 1433 373 1500 Mopsus,
397 1442 441 1480 et
460 1429 631 1493 ingenti
653 1429 817 1477 circum
841 1427 1048 1491 clangore
1072 1437 1304 1475 sonantem

148 1510 392 1577 Adspexit,
416 1508 669 1576 pariterque
692 1506 835 1555 oculis
857 1505 1094 1572 animoque
1118 1516 1295 1554 secutus
1316 1523 1325 1550 z

149 1610 174 1631 «
201 1588 248 1636 Ο
267 1586 404 1646 salve,
428 1586 563 1645 dixit,
587 1584 988 1652 Lapithaeae.gloria
1014 1582 1183 1647 gentis,

1506 1592 1571 1628 530

150 1687 176 1709 »
203 1663 398 1715 Maxime
420 1663 489 1713 vir
513 1662 737 1730 quondam
752 1699 765 1721 ,
787 1661 864 1710 sed
887 1661 978 1710 avis
996 1680 1115 1709 nunc
1140 1659 1291 1716 unica,
1315 1658 1487 1706 Caeneu.
1514 1679 1536 1699 υ

150 1743 329 1794 Credita
349 1762 420 1792 res
446 1754 623 1792 auctore
646 1761 727 1790 suo
751 1753 819 1789 est
839 1759 852 1788 τ
872 1739 1003 1788 dolor
1027 1739 1198 1788 addidit
1220 1738 1353 1795 iram3

146 1822 514 1889 Oppressumque
537 1838 648 1881 aegre
669 1817 852 1867 tulimus
872 1829 941 1866 tot
963 1817 1018 1866 ab
1039 1817 1251 1865 hostibus
1270 1833 1411 1863 unum
1430 1835 1441 1861 :

112 1970 135 1984 .
194 1947 268 1989 514.
289 1945 436 1979 Obrutus
449 1946 601 1988 cumulo‚·
613 1943 754 1990 plurimi
771 1970 780 1987 ,
799 1950 835 1979 et

149 1997 254 2044 Regii
264 1996 340 2032 cod.
351 1999 490 2031 obrutus
503 1997 832 2037 tamula—AErtuat,

149 2050 252 2094 furit,
273 2050 380 2095 jactat
394 2049 565 2084 membra.
580 2067 626 2075 -
642 2050 833 2093 Congesta;

151 2102 255 2138 multi
270 2101 580 2148 conjecta—Regii
595 2100 730 2137 codices
744 2114 833 2136 con-

149 2155 414 2200 gesta—Neque
421 2155 524 2188 habet
531 2180 540 2195 ‚
556 2166 641 2199 quas
654 2155 758 2187 ducat
767 2160 832 2188 ete.

151 2206 251 2241 malit
269 2204 436 2240 Heinsius
450 2218 519 2250 qua
529 2231 537 2245 ‚
559 2204 614 2239 vel
627 2218 691 2250 quo
706 2206 827 2246 ducat,

152 2265 193 2293 ut
209 2259 264 2300 V,
281 2257 343 2303 467
358 2271 367 2299 ;
384 2268 581 2302 perperam.

197 2311 272 2346 518.
295 2310 508 2354 superacta,
531 2308 569 2342 in
589 2320 669 2342 aera
683 2334 693 2352 ,
713 2314 748 2342 et
766 2307 833 2342 hoc

153 2363 356 2410 simpliciter
365 2388 375 2407 ,
390 2362 510 2397 tollere
524 2375 532 2404 ;
545 2361 714 2407 Virgilius
725 2387 735 2405 ,
749 2360 833 2395 AEn.

152 2416 212 2460 -II,
229 2416 298 2464 699
311 2442 320 2459 ,
343 2427 381 2449 se
403 2417 493 2450 tollit
513 2415 564 2447 ad
577 2425 696 2454 auras,
723 2414 834 2458 surgit

155 2467 199 2503 de
215 2475 335 2503 strato.

200 2523 274 2556 520.
294 2522 354 2554 Ide
370 2519 406 2554 in
424 2524 612 2564 conspectu
627 2517 833 2552 Graecorum

157 2580 234 2608 tum
243 2579 318 2607 erat
330 2585 338 2606 :
350 2572 445 2616 hinc,
454 2585 552 2617 quam
563 2574 737 2610 cemimus,
745 2569 833 2605 ecce!

200 2628 275 2660 522.
298 2627 426 2660 Exitus
447 2630 484 2659 in
506 2627 606 2659 dube'o
626 2630 680 2658 est
687 2636 699 2667 ;
714 2623 834 2658 inter-

154 2678 288 2714 fectum
305 2691 378 2713 esse
397 2676 528 2713 Caenea
546 2676 662 2711 caeteri
679 2675 834 2711 tradunt.

156 2732 322 2767 Alterum
331 2731 431 2766 finxit
441 2731 583 2767 sortasse
590 2729 739 2766 Ovidius
747 2730 833 2775 ipse,

157 2791 196 2820 ut
205 2784 260 2821 hic
270 2797 407 2830 quoque
419 2784 565 2820 haberet
577 2782 835 2829 metamorpho-

895 1943 950 1979 sin
964 1956 972 1985 ;
985 1943 1101 1988 itaque
1114 1941 1228 1976 verbis
1239 1943 1366 1976 Exitus
1375 1943 1412 1974 in
1422 1941 1523 1975 dubio
1532 1945 1586 1974 esl

900 1997 1127 2032 novationem
1149 2008 1248 2031 suam
1273 2007 1447 2030 excusasse
1474 1992 1581 2027 vide—

899 2056 967 2083 tur.
998 2046 1197 2083 Commode
1227 2046 1384 2081 adhibuit
1408 2046 1578 2091 Mopsum

898 2108 1026 2136 vatem.
1041 2120 1085 2126 —
1103 2102 1283 2135 Detrusum
1303 2099 1414 2145 aptius
1431 2098 1582 2132 violenta

897 2154 935 2189 in
952 2160 1064 2188 morte
1079 2179 1089 2197 ,
1110 2166 1213 2198 quarn
1227 2156 1365 2187 missum
1376 2165 1387 2196 ,·
1400 2150 1581 2186 Scholiast.

900 2206 1062 2252 Aponon.
1080 2206 1117 2250 1,
1138 2209 1197 2251 57,
1210 2207 1300 2241 Kar&
1313 2212 1370 2249 γῆν
1386 2206 1474 2240 αὐτὸν
1490 2204 1584 2238 ὠθοῦ-

899 2274 958 2294 σιν.
979 2257 1135 2293 Florent.
1155 2257 1258 2292 habet
1277 2264 1447 2292 retrusum.

943 2312 1020 2344 525.
1036 2310 1103 2344 Sub
1117 2322 1236 2351 auras,
1258 2309 1294 2344 in
1313 2321 1422 2344 auras,

943 2364 1017 2408 527.
1036 2363 1250 2397 lustrantem
1269 2375 1334 2396 sua
1354 2367 1488 2401 castra,
1510 2372 1581 2393 vo-

897 2416 1030 2451 lantem
1049 2416 1139 2451 circa
1164 2415 1327 2462 Lapithas
1348 2414 1458 2450 socios
1482 2425 1581 2453 suos;

899 2480 969 2514 quo
988 2468 1112 2502 melius
1139 2467 1274 2513 singula
1299 2465 1552 2511 circumspiciat
1569 2490 1579 2508 ,

897 2520 991 2555 volat
1007 2522 1079 2555 leni
1094 2520 1430 2562 volatu.-—Clangor
1441 2516 1580 2563 proprie

898 2585 1005 2608 sonus
1027 2572 1145 2606 avium
1169 2571 1374 2606 volantium.
1394 2588 1439 2596 —
1462 2571 1582 2604 Gloria

895 2630 1007 2671 genus
1025 2652 1033 2664 ,
1068 2631 1109 2659 ut
1133 2623 1224 2669 apud
1251 2624 1452 2658 Homerum
1467 2649 1476 2667 ,
1500 2625 1582 2668 μέγα

899 2683 987 2717 κῦδος
998 2672 1023 2715 A'
1030 2682 1139 2722 χαιῶν.
1156 2675 1322 2711 Heinsius
1335 2675 1433 2711 malit
1446 2675 1559 2721 legere
1572 2688 1581 2709 ε

900 2731 1082 2775 Lapithae
1093 2731 1204 2774 gloria
1212 2732 1323 2775 gentis
1334 2730 1492 2765 Mam'ma
1502 2755 1510 2769 ‚
1531 2731 1588 2763 vit

899 2783 1066 2827 quondam
1083 2788 1146 2817 etc.
