1820 3106
253 268 342 328 296

623 269 676 312 P.
720 268 949 313 OVIDII
986 269 1281 316 NASONIS

250 361 422 426 Perque
445 359 538 410 dies
558 358 779 427 placidos,
803 361 988 410 hiberno
1009 374 1201 429 tempore
1214 399 1227 421 ,
1249 375 1415 429 septem

251 437 439 486 Inmbat
463 436 690 504 Halcyone
712 437 1008 503 pendentibus
1027 458 1202 506 aequore
1223 440 1353 488 nidis.

1592 377 1658 425 74⁵

222 579 227 582 ἰ
250 515 364 563 Tum
386 513 454 561 via
478 524 572 561 tuta
593 513 726 562 maris
747 533 757 562 :
776 525 931 563 ventos
953 516 1167 573 custodit,
1193 527 1237 565 et
1255 527 1374 565 arcet

253 591 412 642 AEolus
435 611 611 655 egressu
625 629 638 650 ‚
661 604 922 659 praestatque
945 595 1182 660 nepotibus
1203 613 1365 660 aequor.

317 669 396 717 XI.
424 669 523 716 Hos
543 666 703 734 aliquis
725 669 869 718 senior
892 669 1054 718 circum
1075 669 1185 718 freta
1205 669 1292 718 lata
1311 668 1508 719 volantes

253 791 334 821 ante
350 792 489 831 captum
506 785 654 821 videtur.
668 787 733 821 Ed.
745 805 788 813 -
799 788 928 832 Conju—

249 840 351 882 giale.
369 838 484 884 Vulgo
506 839 520 882 (
534 845 569 872 et
585 839 621 872 in
639 839 765 874 nostris
783 837 928 884 Regiis)

251 890 445 935 conjugale:
456 890 534 924 vide
542 890 585 924 ad
593 891 640 934 V,
651 890 928 938 init.——Halcyon

253 943 269 986 (
290 942 426 978 Nostris
450 943 716 986 Europaeischer
740 943 901 986 Eisvogel
912 968 921 984 ,

253 993 400 1028 Linnaeo
410 993 542 1028 Alcedo
554 993 682 1039 Ipsida)
694 993 763 1028 avis
773 993 908 1028 marina
916 1018 926 1036 ‚

251 1045 356 1091 paulo
372 1045 518 1090 amplior
531 1057 665 1089 passere
678 1070 687 1087 ‚
705 1051 810 1080 rostro
824 1045 930 1090 longo

254 1103 289 1131 et
310 1100 411 1131 tenui.
445 1095 623 1140 Quoniam
649 1108 723 1129 mas
750 1085 831 1130 cuffi
859 1108 931 1130 una

253 1147 392 1183 femella
414 1148 497 1182 vivit
510 1174 519 1191 ,
544 1161 652 1193 eaque
676 1148 840 1183 exstincta
857 1160 930 1183 cae-

253 1201 326 1236 lebs
341 1213 485 1235 manere
500 1200 707 1236 credebatur
717 1227 728 1244 ‚
749 1207 930 1246 propterea

255 1265 275 1287 a
291 1252 400 1298 poetis
416 1253 452 1287 in
470 1252 594 1287 amoris
607 1253 764 1298 perpetui
777 1278 787 1296 ‚
805 1253 931 1297 conju—

256 1304 371 1350 giique
386 1305 524 1339 honesti
537 1305 698 1350 exemplis
714 1312 931 1340 numeratur.

257 1356 353 1392 Eum
364 1363 482 1391 autem
498 1357 702 1391 instinctum
714 1358 841 1391 Noster
851 1369 932 1391 rur-

256 1409 466 1444 susesabulis
475 1409 600 1454 repetit
608 1422 693 1444 vers.
705 1410 776 1454 743.
784 1410 933 1444 Pariunt

255 1459 322 1494 illae
335 1472 412 1494 aves
427 1465 566 1505 tempore
578 1462 715 1495 hiberno
738 1460 933 1504 (recentio-

257 1525 314 1547 res
329 1513 472 1547 tradunt
487 1514 630 1548 ineunte
642 1513 777 1558 Aprili)
791 1526 853 1558 per
862 1525 933 1556 sep-

258 1573 323 1600 tem
333 1593 341 1605 ‚
361 1573 419 1600 aut
429 1566 622 1600 secundum
633 1566 715 1600 alios
727 1565 933 1610 quatuorde-

259 1618 328 1653 cim
337 1620 431 1661 diem
446 1618 580 1653 Plinius
590 1643 600 1661 ,
614 1619 647 1652 X
660 1644 669 1661 ,
679 1618 745 1658 ,322
756 1631 774 1648 «
786 1617 934 1652 Faciunt

262 1682 280 1698 ν
298 1676 415 1704 autem
431 1676 565 1714 septem
582 1676 661 1703 ante
677 1669 839 1714 brumam
851 1668 934 1702 die-

262 1735 281 1751 2»
297 1721 361 1755 bus
376 1720 475 1756 nidos
484 1747 494 1764 ‚
506 1729 541 1756 et
552 1721 699 1755 totidem
712 1721 935 1766 sequentibus

263 1788 281 1804 >1
298 1773 439 1818 pariunt
449 1799 459 1815 ‚
472 1787 490 1803 »
505 1773 563 1818 qui
575 1773 647 1808 dies
656 1773 876 1820 halcyonides
888 1773 937 1807 di-

196 1832 203 1834 ‘
261 1826 431 1859 cebantur
442 1831 501 1859 aut
510 1825 690 1872 halcyonia
698 1851 706 1867 ,
719 1825 828 1871 iisque
839 1838 936 1860 mare

263 1883 338 1911 erat
347 1879 539 1920 flamiam,-
553 1876 760 1911 Theocritus
779 1877 830 1912 ld.
845 1878 917 1913 VII
926 1903 936 1921 ,

265 1930 304 1974 57
317 1942 325 1969 ;
337 1928 511 1975 Hyginus,
521 1927 588 1962 fab.
599 1929 640 1962 65
651 1942 660 1970 ς
673 1928 806 1963 Seneca
814 1929 938 1973 Agam.

264 1978 338 2025 670.
357 1980 460 2015 Tunc
477 1979 596 2015 AEolus
606 1986 750 2023 pra-stat
763 1980 802 2015 iis
816 1995 932 2026 oequor,

265 2030 427 2066 concedit
441 2031 481 2067 iis
493 2057 503 2074 ‚
522 2031 711 2077 permittit,
731 2039 768 2066 ut
781 2032 827 2067 ibi
839 2031 940 2067 nidos

266 2081 415 2123 saciant;
445 2082 612 2119 Phaedx-us
627 2109 637 2127 ,
667 2084 702 2121 II
721 2109 730 2126 ‚
757 2094 827 2118 vm
840 2109 850 2127 ,
878 2084 937 2127 15,

260 2139 420 2180 prestare
435 2135 631 2177 hospitium,
655 2135 714 2171 ubi
733 2134 800 2171 vid.
817 2134 941 2170 sches-

266 2187 329 2221 fer.
347 2186 461 2221 Etiam
471 2190 615 2231 praebete
631 2188 678 2223 sic
694 2195 941 2233 usurpatur.—

267 2237 380 2274 Paulo
390 2244 469 2273 ante
481 2241 538 2274 via
550 2245 623 2272 tuta
634 2243 736 2273 maris
748 2250 758 2278 ‚¹
776 2239 942 2274 Heinsius

268 2289 368 2324 malit
389 2293 476 2323 mari
493 2296 563 2333 est,·
583 2290 807 2325 Florentinus
823 2298 858 2325 et
873 2290 942 2325 duo

269 2342 326 2376 alii
335 2341 464 2379 habent
478 2343 512 2376 T
506 2356 570 2378 unc
574 2343 673 2388 jacet
682 2345 773 2379 uada
787 2346 944 2381 mark.-

270 2394 314 2429 In
331 2393 458 2428 nostris
472 2394 590 2439 Regiis
610 2395 692 2430 Tum
707 2398 764 2431 via
779 2402 852 2430 tuta
867 2408 941 2430 ma-

270 2446 584 2490 ris.-Nepotibus‚
603 2454 642 2481 ut
653 2447 704 2486 VI
716 2472 726 2491 ¹
747 2447 818 2482 138.
835 2447 943 2483 Nidos

270 2496 401 2531 faciunt
418 2497 452 2531 in
473 2498 627 2534 cavernis
645 2499 700 2534 vel
722 2499 943 2545 scopulorum

273 2548 461 2594 (Pr-opert.
476 2550 549 2593 111,
566 2561 609 2593 V,
624 2554 661 2586 15
675 2552 688 2595 )
701 2578 710 2595 ‚
726 2551 779 2587 vel
793 2551 942 2587 litorum.

272 2601 362 2636 Inde
382 2614 492 2646 quum
507 2615 595 2648 saepe
619 2616 637 2637 a
658 2603 818 2640 fluctibus
839 2604 943 2643 aufe-

273 2659 410 2695 rantur,
418 2665 496 2688 aves
505 2653 585 2698 ipsae
593 2666 650 2689 eos
659 2655 838 2701 imponere
848 2668 945 2702 aqu-'e

275 2705 514 2749 (pendentibus
536 2719 660 2751 aquore
680 2707 799 2753 nidis)
819 2708 946 2744 crede-

271 2754 583 2793 hautun—Cetea
601 2757 706 2794 etiam
724 2771 842 2794 versus
857 2759 944 2805 736-

994 789 1056 834 738
1071 787 1201 824 deletos
1213 787 1362 823 malebat
1375 787 1540 823 Heinsius
1550 812 1560 831 ‚
1577 798 1660 822 me-

993 840 1090 875 dium
1099 847 1191 875 certe
1201 839 1541 883 otiosum-judicabat,
1551 851 1661 885 quum

993 891 1202 937 praecesserit
1213 893 1310 926 modo
1319 895 1411 926 natis
1413 895 1546 936 pennis.
1552 891 1663 926 Recte

992 950 1112 978 tamen
1127 955 1186 977 eos
1201 949 1318 978 tuetur
1326 941 1551 978 Burmannus
1560 955 1601 978 ex
1610 942 1664 975 lu-

993 995 1091 1029 xuria
1099 993 1247 1030 Nasonis
1259 1019 1268 1037 ,
1285 1007 1353 1039 qua
1364 994 1426 1028 sibi
1437 994 1538 1029 toties
1548 993 1665 1028 indul-

993 1053 1051 1091 get
1062 1045 1099 1079 in
1111 1045 1284 1080 variandis
1297 1046 1550 1080 narrationibus
1561 1051 1596 1079 et
1605 1056 1667 1079 sae-

994 1111 1037 1145 pe
1049 1099 1138 1134 ultra
1147 1098 1227 1133 mod
1233 1111 1292 1132 um
1300 1098 1536 1133 extendendis.
1543 1097 1665 1140 Addit,

994 1152 1021 1187 si
1041 1152 1225 1197 ejiciantur
1245 1151 1282 1185 hi
1303 1164 1420 1186 versus
1433 1177 1442 1194 ‚
1459 1163 1534 1185 non
1553 1162 1666 1195 appa—

994 1216 1072 1238 rere
1084 1230 1093 1247 ,
1105 1217 1174 1249 quo
1183 1204 1362 1249 sequentia
1370 1203 1426 1238 illa
1437 1229 1446 1247 ,
1456 1203 1668 1238 senserithoc

998 1256 1098 1301 Ceyx,
1108 1254 1229 1290 referri
1239 1255 1367 1301 possint
1377 1268 1385 1295 ;
1397 1268 1478 1289 nam
1490 1254 1532 1289 ad
1541 1265 1666 1289 sonum

994 1306 1068 1342 haec
1077 1320 1150 1342 non
1160 1307 1334 1353 pertinere
1346 1333 1356 1350 ,
1370 1306 1430 1342 sed
1440 1306 1482 1341 ad
1492 1305 1607 1341 oscula
1617 1319 1626 1347 ;
1639 1305 1667 1339 si

997 1371 1103 1403 quem
1118 1362 1152 1394 τὸ
1165 1360 1349 1393 recentibus
1364 1356 1521 1392 offendat
1536 1381 1546 1400 ,
1568 1355 1667 1390 illum

996 1423 1093 1455 posse
1104 1422 1185 1444 cum
1195 1422 1267 1444 uno
1281 1408 1444 1444 Mediceo
1452 1408 1567 1454 legere
1576 1433 1587 1452 ,
1602 1412 1669 1441 tre-

995 1464 1168 1497 mentibus.

1043 1514 1207 1560 749-795.
1228 1514 1389 1553 AEsacus,
1407 1511 1539 1547 Priami
1557 1509 1648 1544 filius
1659 1534 1668 1552 ,

998 1571 1091 1598 amat
1101 1566 1281 1608 Hesperien
1294 1564 1487 1610 nympham
1495 1589 1505 1607 ,
1522 1574 1669 1606 eamque

996 1616 1189 1662 fugientem
1202 1617 1405 1661 insequitur.
1418 1615 1610 1650 Vulnerata
1619 1613 1670 1648 la-

998 1671 1102 1705 tentis
1118 1670 1287 1715 serpentis
1310 1681 1447 1703 veneno
1469 1679 1579 1712 quum
1600 1679 1670 1711 pe-

997 1722 1108 1757 riisset
1118 1748 1127 1765 ,
1139 1722 1281 1757 AEsacus
1292 1721 1369 1755 vitae
1378 1732 1519 1765 perosus
1528 1718 1565 1752 in
1574 1730 1671 1752 mare

999 1787 1034 1808 se
1046 1774 1175 1817 mittit,
1189 1773 1247 1808 sed
1260 1786 1280 1807 a
1289 1771 1452 1819 Tethyde
1465 1776 1621 1806 mutatur
1633 1769 1672 1803 in

999 1839 1151 1870 mergum.
1165 1825 1312 1870 Adjecta
1323 1824 1462 1863 videtur
1474 1823 1548 1860 haec
1557 1822 1673 1856 fabula

999 1877 1168 1922 superiori
1176 1877 1324 1911 maxime
1332 1881 1528 1920 propterea,
1535 1879 1575 1907 ut
1581 1878 1673 1907 tran-

1001 1929 1086 1965 situs
1095 1928 1201 1964 sacilis
1217 1934 1305 1963 esset
1319 1926 1362 1961 ad
1372 1939 1428 1961 res
1437 1924 1626 1970 Troianas-;
1639 1929 1674 1958 et

1002 1980 1186 2016 commode
1210 1979 1343 2025 adjecta
1357 2005 1368 2023 ,
1399 1978 1479 2024 quia
1503 1984 1540 2012 et
1562 1975 1674 2022 mergi

1003 2048 1081 2070 aves
1090 2034 1242 2068 marinae.
1255 2031 1390 2067 Confer
1400 2029 1652 2076 Apollodorum
1662 2055 1672 2072 ‚

1004 2086 1059 2121 Ill
1077 2111 1087 2129 ,
1117 2097 1170 2121 ΧΠ
1182 2111 1192 2129 ,
1217 2087 1236 2119 5
1253 2110 1263 2128 ,
1290 2083 1385 2120 unde
1409 2090 1551 2130 apparet
1566 2108 1576 2126 ,
1601 2082 1674 2117 haec

1004 2149 1142 2183 quoque
1162 2136 1254 2171 varie
1279 2135 1364 2170 olim
1389 2147 1461 2170 esse
1482 2133 1617 2169 tradita.
1631 2152 1676 2160 -

1006 2191 1138 2225 Circum
1142 2188 1238 2232 freta
1254 2195 1317 2222 etc.
1337 2186 1429 2221 Mihi
1445 2198 1584 2231 quoque
1596 2185 1677 2220 satis

1004 2239 1114 2287 placet
1127 2239 1196 2274 MS
1213 2238 1366 2274 Florent.
1378 2237 1414 2273 S.
1428 2236 1541 2272 Marci
1554 2235 1654 2270 lectio
1664 2261 1675 2279 ‚

995 2292 1142 2336 junctim
1148 2291 1245 2336 freta
1259 2293 1332 2325 lata
1346 2291 1509 2330 volantes,
1525 2300 1594 2334 quo
1608 2299 1674 2320 ser-

1005 2346 1078 2379 vati
1095 2355 1218 2378 eorum
1234 2342 1340 2381 etiam
1356 2337 1433 2387 post
1452 2339 1678 2375 transforma-

1005 2396 1139 2433 tionem
1154 2407 1283 2430 amores
1296 2394 1385 2429 bene
1395 2419 1405 2437 ,
1423 2399 1459 2427 et
1472 2392 1519 2427 ita
1534 2398 1574 2426 ut
1583 2391 1677 2427 Nos-

1005 2454 1060 2484 ter
1074 2448 1161 2482 solet
1174 2473 1185 2491 ‚
1209 2452 1387 2481 notantur.
1408 2443 1466 2480 Sic
1489 2443 1541 2479 IV
1555 2468 1565 2486 ,
1587 2446 1652 2490 599
1665 2468 1675 2485 ,

1008 2499 1163 2535 Cadmus
1183 2506 1219 2533 et
1239 2495 1434 2533 Harmonia
1449 2494 1486 2531 in
1500 2501 1677 2540 serpentes

1006 2551 1130 2586 mutati
1137 2551 1256 2594 juncto
1273 2550 1441 2584 volumine
1457 2551 1599 2592 serpunt.
1620 2545 1677 2581 Sic

1006 2603 1110 2638 etiam
1118 2603 1172 2637 XI
1184 2627 1193 2644 ‚
1206 2601 1250 2644 64
1258 2626 1267 2644 ,
1281 2599 1444 2646 Orpheus
1457 2604 1492 2632 et
1504 2596 1676 2644 Eurydice

1007 2653 1098 2700 apud
1126 2652 1254 2687 inferos
1279 2651 1467 2695 conjunctis
1491 2651 1680 2692 spatiantur

999 2707 1160 2751 passibus
1172 2706 1279 2739 ambo.
1292 2700 1493 2747 Elegantior
1506 2700 1610 2735 etiam
1625 2705 1675 2733 est

1005 2758 1062 2793 illa
1078 2757 1180 2793 lectio
1194 2782 1204 2801 ,
1227 2768 1331 2802 quam
1345 2761 1384 2789 ut
1399 2767 1419 2789 a
1434 2752 1572 2790 librario
1586 2763 1677 2797 pro-
