1820 3106
295 301 383 329 210

671 289 721 332 P.
759 289 989 334 ov1D11
1024 271 1328 338 NASONIS

291 380 434 445 Inque
458 378 648 453 puellari
673 399 836 447 corpus
858 382 1046 432 candore
1070 384 1278 433 ruborem

296 457 529 516 Traxerat3
552 457 671 506 haud
695 457 822 507 aliter
836 496 847 516 ‚
875 477 1005 526 quam
1028 480 1164 527 quum
1188 480 1321 528 super
1344 463 1451 511 atria
1472 463 1616 514 velum
1650 481 1716 529 595

300 533 501 582 Candida
523 553 798 600 purpureum
821 534 1045 585 simulatas
1068 537 1208 586 inficit
1227 539 1421 588 umbras.

296 604 417 657 Dum
442 621 569 658 notat
591 610 684 659 haec
709 611 897 678 hospes,
921 613 1101 662 decursa
1123 614 1360 663 novissima
1382 627 1496 664 meta
1520 630 1613 677 est;
1666 628 1668 630 ’

298 688 360 734 Et
382 687 548 748 tegitur
570 686 679 735 festa
703 688 858 736 victrix
879 689 1085 738 Atalanta
1105 708 1278 739 corona.

295 763 419 811 Dant
437 762 647 825 gemitum
671 764 776 812 victi
792 800 804 823 ‚
830 766 1122 834 penduntque
1143 787 1194 816 ex
1215 768 1375 817 foedere
1399 789 1563 836 poenas.

288 886 351 917 per
359 879 453 917 terga
464 877 606 918 capillos
616 901 624 915 ‚
643 875 722 910 vide
735 877 829 910 hunc
840 875 955 911 locum
964 904 974 921 ,

293 927 330 961 in
343 934 461 961 nostra
471 926 636 962 editione.
649 930 884 964 amq-Picto,-
896 930 976 964 vide

295 979 337 1013 ad
350 979 404 1013 Vl
418 1005 428 1022 ,
448 993 474 1014 1.
489 977 667 1014 Caeterum
679 980 749 1015 huc
761 983 909 1027 respexit
919 982 977 1016 Si-

293 1030 552 1075 donian.Apoll.
561 1044 684 1076 paneg.
692 1031 765 1076 Mai
771 1045 820 1066 or.
831 1045 839 1066 ε
851 1047 866 1062 «
875 1032 976 1067 Plan-

298 1096 315 1111 »
336 1088 453 1126 tasque
471 1082 636 1126 superbas
653 1082 761 1116 Haud
775 1084 823 1117 ita
839 1096 902 1128 per
917 1084 977 1117 sic-

295 1150 312 1164 »
330 1146 405 1168 cam
424 1134 585 1169 Nemeen
603 1136 691 1170 citus
707 1137 827 1171 extulit
847 1137 954 1172 Arcas
966 1165 975 1181 ,

294 1201 312 1216 n
333 1184 445 1231 Cujus
454 1186 487 1219 in
495 1186 613 1220 AEtolo
621 1187 824 1222 volitantem
834 1189 975 1233 pulvere

294 1251 311 1268 »
329 1245 482 1272 matrem
494 1238 646 1272 Horruit
659 1239 939 1284 Hippomenes.»

335 1291 409 1336 594.
426 1291 614 1331 puellaris,
640 1303 709 1335 quo
726 1291 878 1337 insignes
893 1300 975 1327 sunt

290 1341 416 1386 puellae
432 1367 441 1384 ,
470 1354 546 1386 quae
572 1341 653 1376 inde
677 1344 805 1388 passini
826 1346 979 1378 candida.-

293 1399 483 1427 vocantur:
496 1400 589 1427 amat
601 1393 748 1429 Ovidius
765 1395 799 1429 h.
812 1407 885 1430 voc.
899 1395 977 1430 vide

295 1445 342 1488 V,
356 1445 420 1492 393
436 1459 443 1487 ;
465 1445 554 1480 Fast.
572 1446 618 1488 V,
633 1447 671 1480 61
683 1460 754 1480 1.-—-
763 1449 905 1497 Trahere
920 1460 979 1482 tu-

293 1499 402 1531 borem
424 1505 475 1531 est
495 1498 601 1532 etiam
627 1498 681 1532 111
702 1524 710 1541 ‚
738 1500 800 1542 482
818 1511 826 1539 ;
849 1502 979 1534 tr'ahere

291 1553 420 1594 nigrum
433 1553 575 1584 colorem
596 1550 653 1593 ΙΙ,
674 1550 758 1591 2363
776 1552 978 1596 trahet-efa-

293 1606 376 1636 ciem
393 1602 429 1646 l,
451 1604 514 1646 412
529 1615 536 1636 ε
549 1602 584 1636 in
605 1602 658 1637 his
676 1603 805 1637 trabere
822 1602 875 1638 est·
889 1604 977 1638 acci—

292 1666 387 1698 pere.
405 1653 588 1688 Ruborem
602 1653 701 1687 illum
718 1654 866 1688 mixtum
885 1667 976 1689 can-

293 1704 370 1738 dori
391 1705 464 1739 aliis
480 1704 765 1740 similitudinibus
782 1705 918 1741 Noster·
926 1706 976 1740 il*-

292 1756 415 1790 lustrat
432 1756 507 1799 III,
527 1757 590 1799 482
604 1783 613 1799 ,
638 1763 674 1790 et
695 1756 769 1800 IV,
797 1757 857 1792 331
878 1771 886 1799 ;
904 1758 976 1792 aliis

292 1808 399 1842 etiam
411 1807 572 1842 Tibullus
582 1833 591 1851 ,
606 1808 681 1850 111,
695 1816 754 1851 lv,
767 1807 831 1843 33:
847 1807 976 1843 Utcum

292 1865 476 1893 contexunt
481 1860 691 1892 amaranlbis
699 1861 782 1892 alba
786 1858 908 1903 puelle
914 1861 978 1893 Ll-

290 1913 340 1944 lia
351 1921 363 1952 ‚·
377 1916 415 1944 ut
422 1916 582 1944 autumno
590 1912 740 1944 candida
749 1914 841 1944 alala
849 1914 976 1945 rubent.

292 1978 336 1987 -
351 1963 485 2002 Velum‚
512 1961 671 1996 aulaeum.
691 1962 780 1996 Vela
805 1962 975 2007 praetendi

291 2013 449 2047 solebant
466 2013 559 2047 atriis
575 2020 611 2047 et
625 2013 789 2048 cubiculis
800 2040 809 2056 ,
829 2011 912 2048 hinc
923 2022 976 2047 ve-

292 2068 376 2099 larii
387 2067 476 2099 servi
490 2091 499 2109 ,
522 2066 581 2110 qui
597 2066 756 2100 velorum
775 2078 894 2100 curam
915 2065 976 2099 ha-

292 2117 432 2151 bebant.
448 2132 492 2143 -·-·
508 2117 691 2150 Simulatas
707 2120 817 2165 inficit
832 2120 975 2151 umbras.

294 2169 467 2213 Quinque
477 2194 486 2211 ,
497 2172 602 2202 simul
604 2171 676 2202 edit
683 2175 716 2203 et
727 2171 851 2214 enfic1't;
864 2169 975 2203 Aron·-

291 2220 357 2255 del.
369 2223 473 2254 simul
479 2222 609 2263 addat,·
625 2219 695 2262 duo
709 2220 862 2254 Medicei
874 2222 980 2254 simul

290 2274 371 2306 edat
378 2284 392 2315 ,·
411 2283 501 2306 unus
516 2271 752 2305 Bononiensis
762 2275 904 2305 simam
915 2274 974 2305 da-

291 2329 346 2357 tur
354 2334 366 2365 ‚·
386 2329 466 2356 octo
475 2324 618 2355 simulet
624 2324 688 2355 dat
697 2329 732 2356 et
739 2325 853 2367 inficit.
864 2324 975 2356 Simu-

291 2377 383 2408 latas
398 2376 505 2419 inficit
519 2376 653 2408 umbras
663 2375 793 2419 recepit
809 2375 974 2409 Heinsius

292 2438 311 2459 e
333 2426 488 2460 Florem.
509 2425 545 2459 S.
564 2425 676 2459 Marci
696 2438 704 2460 z
722 2426 847 2459 vellem
867 2426 973 2459 addi-

292 2477 397 2513 disset
415 2505 424 2522 ,
451 2478 534 2523 quid
551 2479 594 2514 sit
611 2505 620 2523 ‚
642 2482 820 2513 simulatas
840 2483 975 2513 umbras

291 2535 423 2579 inficere
432 2545 531 2577 super
539 2537 638 2567 atria.
658 2533 818 2578 Intelligo
831 2534 973 2578 quidem

291 2589 471 2619 simulatas
493 2589 644 2626 umbras,
671 2587 854 2621 assimilata
871 2588 974 2621 colo—

291 2637 386 2671 ribus
402 2637 468 2671 veli
483 2652 490 2679 ;
508 2638 580 2671 scio
597 2639 702 2673 etiam
715 2665 724 2682 ,
746 2635 863 2672 ‘velum
880 2647 972 2674 recte

293 2688 360 2723 dici
377 2693 498 2723 atrium
509 2692 678 2725 simulatis
687 2694 811 2725 umbris
821 2694 953 2738 inficere
962 2718 970 2733 ,

290 2741 358 2775 scil.
376 2742 530 2776 colorare
550 2756 558 2777 ς
576 2743 636 2777 sed
660 2744 764 2778 altera
788 2745 972 2780 locutionis

289 2795 401 2828 forma
412 2794 593 2830 durissima
605 2797 690 2831 mihi
708 2797 854 2831 videtur.
874 2799 972 2832 Prae-

1041 885 1106 914 stat
1117 877 1210 913 haud
1221 879 1325 914 dubie
1337 880 1486 926 Vulgata
1502 885 1641 916 similem
1658 886 1721 918 dut

1039 936 1076 963 et
1082 932 1190 975 inficit
1201 933 1367 971 umbram,
1386 942 1584 977 quanquam
1601 946 1716 979 neque

1040 981 1114 1015 haec
1128 982 1207 1016 satis
1222 982 1342 1027 placet.
1362 982 1539 1019 Caeterum
1555 985 1715 1021 eamdem

1042 1033 1200 1067 velorum
1218 1033 1444 1070 infectionem
1466 1037 1634 1081 copiosius
1647 1038 1716 1073 de-

1041 1083 1157 1117 scribit
1169 1084 1307 1121 Lucret.
1321 1086 1386 1130 IV,
1407 1087 1516 1133 73—84
1528 1114 1538 1131 ‚
1556 1089 1613 1123 ubi
1630 1092 1720 1125 lutea

1039 1148 1198 1181 russaque
1210 1139 1287 1171 vela
1299 1144 1335 1172 et
1338 1137 1517 1183 ferrugina
1524 1144 1656 1184 magnis
1664 1145 1719 1176 in—

1039 1194 1131 1224 tenta
1149 1192 1289 1225 theatris
1310 1204 1437 1227 omnem
1453 1205 1645 1228 consessum
1658 1208 1721 1229 ca-

1041 1253 1105 1274 vea·
1119 1243 1239 1282 subter,
1260 1250 1295 1277 el
1307 1254 1433 1278 omnem
1450 1249 1558 1278 scena·
1577 1249 1717 1289 speciem

1038 1294 1204 1338 inficiunt.
1228 1299 1410 1339 coguntque
1429 1307 1492 1329 suo
1501 1297 1638 1338 fluitare
1659 1309 1716 1331 co-

1041 1341 1110 1378 lare
1117 1351 1181 1379 etc.
1195 1345 1281 1379 Haec
1292 1353 1411 1381 nostra
1421 1353 1539 1381 autem
1549 1358 1623 1381 non
1636 1346 1718 1381 dicit

1042 1395 1224 1430 Romanus
1238 1423 1248 1439 ‚
1274 1396 1335 1431 sed
1356 1397 1500 1442 Venus,
1526 1410 1596 1443 quo
1618 1405 1717 1434 tem-

1039 1460 1124 1492 pore
1141 1448 1303 1482 nondum
1316 1449 1390 1484 talis
1404 1449 1563 1484 velorum
1577 1462 1717 1485 usus.—

1041 1499 1135 1533 Mire
1146 1500 1274 1534 erravit
1285 1500 1325 1535 cl.
1343 1500 1466 1546 Cierig,
1476 1513 1586 1547 quum
1595 1501 1718 1536 dixerit

1040 1550 1227 1585 Heinsium
1251 1552 1419 1596 recepisse
1437 1556 1616 1588 simulatas
1636 1566 1717 1588 um-

1038 1603 1126 1635 bras.
1138 1601 1245 1636 Certe
1255 1606 1426 1638 similatus
1434 1599 1568 1638 umbras
1577 1605 1718 1640 deduxit

1040 1652 1208 1688 Heinsius
1215 1667 1255 1688 ex
1264 1655 1718 1701 Florentinocodice‚quem

1034 1706 1200 1739 omnium
1226 1706 1399 1751 optimum
1420 1706 1502 1742 dicit
1517 1733 1527 1751 ,
1552 1714 1587 1742 et
1611 1721 1715 1753 quem

1038 1757 1215 1802 sequitur:
1233 1757 1328 1792 addit
1345 1759 1450 1792 etiam
1463 1773 1480 1789 rt
1496 1759 1571 1795 Nee
1586 1761 1718 1795 abludit

1040 1808 1194 1854 Spirens.
1204 1809 1241 1843 in
1251 1812 1563 1854 quo‚similisdutet
1571 1813 1687 1858 inficit.
1700 1830 1715 1843 ›-

1039 1858 1216 1895 Praeterea
1238 1861 1367 1907 Regius
1383 1868 1505 1897 noster
1525 1863 1557 1897 A
1573 1866 1678 1898 slmul
1687 1872 1720 1898 et

1038 1915 1101 1948 dal
1113 1921 1148 1948 et
1163 1917 1269 1958 inficit
1282 1917 1431 1950 umbram
1443 1928 1456 1959 ,·
1481 1924 1515 1952 at
1531 1917 1653 1953 Codex
1667 1919 1696 1954 Β
1710 1948 1718 1958 .

1037 1969 1178 2000 similem
1192 1970 1253 2001 dat
1262 1974 1297 2001 e!
1303 1968 1412 2013 inficit
1422 1971 1569 2003 umbram
1579 1997 1588 2011 ,
1612 1982 1716 2015 quam

1036 2018 1224 2053 lectionem
1243 2020 1521 2064 praestantiorem
1541 2028 1635 2057 recte
1653 2023 1716 2067 ju—

1039 2070 1129 2105 dicat
1148 2072 1275 2115 Gierig.
1291 2071 1357 2106 Ed.

1083 2124 1159 2168 597.
1171 2122 1315 2166 Hospes.
1333 2123 1584 2169 Hippomenes.
1597 2127 1663 2160 Ed.
1674 2144 1717 2152 -—

1039 2175 1237 2210 Metanunc
1252 2188 1316 2220 pro
1330 2176 1440 2211 stadio
1453 2192 1461 2218 ;
1478 2177 1601 2213 ultima
1615 2179 1714 2214 stadii

1038 2239 1116 2271 pars
1137 2225 1280 2261 decursa
1303 2235 1387 2262 erat.
1404 2246 1447 2254 -—
1463 2231 1564 2264 Festa
1583 2242 1713 2265 corona.

1039 2276 1205 2323 Virgilius
1216 2304 1226 2321 ,
1245 2276 1328 2312 AEn.
1346 2279 1404 2322 11-‚
1421 2280 1485 2328 249
1497 2282 1613 2325 3sesla
1621 2284 1715 2315 vela-

1037 2342 1110 2362 mus
1116 2329 1251 2373 fronde.
1267 2347 1310 2355 ·—-
1331 2332 1450 2366 Velare
1468 2339 1504 2366 et
1524 2338 1630 2376 tegere
1651 2346 1716 2368 so-

1037 2381 1168 2415 lemnia
1190 2382 1295 2416 verba
1317 2381 1360 2416 de
1382 2383 1519 2417 coronis
1538 2383 1715 2429 impositis.

1040 2433 1123 2467 AEn.
1139 2433 1192 2468 lv
1203 2459 1213 2476 ,
1228 2433 1292 2478 637
1306 2447 1321 2477 ,·
1333 2439 1439 2477 tegere
1452 2441 1597 2478 tempora
1611 2439 1717 2471 vitta:

1038 2485 1130 2530 apud
1142 2485 1319 2519 venetum
1333 2510 1342 2527 ,
1360 2485 1414 2524 ΙΙ,
1431 2495 1574 2530 Lxxxn,
1589 2489 1628 2531 4,
1645 2487 1716 2522 An-

1037 2537 1154 2571 tonius
1174 2550 1297 2572 corona
1322 2540 1451 2572 velatus
1474 2552 1586 2588 aurea.
1606 2543 1717 2575 —Ex

1030 2589 1165 2633 foedere
1177 2617 1185 2630 ‚
1215 2602 1234 2623 e
1248 2590 1440 2635 composito
1458 2604 1466 2625 :
1473 2591 1596 2636 soedus
1611 2605 1717 2627 omne

1037 2641 1071 2675 id
1085 2668 1093 2684 ,
1109 2641 1151 2675 de
1164 2653 1233 2686 quo
1243 2641 1336 2675 inter
1346 2642 1460 2686 plures
1471 2644 1644 2678 convenit.
1654 2644 1715 2678 Se-

1037 2692 1192 2727 cundum
1217 2693 1402 2740 Hyginum
1423 2694 1454 2728 d.
1479 2694 1501 2728 l.
1527 2694 1717 2730 Schoeneus

1037 2746 1149 2791 procis
1172 2758 1249 2779 eam
1270 2746 1381 2790 legem
1404 2754 1651 2792 proposuerat,
1676 2755 1716 2781 ut

1039 2798 1122 2832 alius
1132 2805 1208 2843 post
1219 2798 1323 2832 alium
1335 2799 1478 2834 inermis
1488 2800 1635 2845 sugeret,
1646 2799 1715 2834 filia
