1820 3106
363 278 956 329 METAMORPHOSE
970 278 1062 325 ΟΝ
1093 278 1232 326 LIB.
1268 280 1385 326 XV.

1509 280 1595 327 553

166 376 254 426 Hic
278 395 358 426 sua
381 374 638 444 complevit,
662 394 747 443 pro
771 394 863 442 quo
877 412 890 434 ‚
918 374 1140 442 Cytherea
1158 413 1171 434 ,
1195 374 1375 424 laboras
1392 390 1408 435 ,’

166 457 412 525 Tempora,
436 455 671 523 perfectis,
696 474 810 522 quos
833 467 958 504 terrae
983 454 1140 504 debuit
1157 492 1170 514 ‚
1196 454 1336 504 annis.

166 536 232 583 Ut
253 535 377 584 Deus
398 534 575 584 accedat
597 533 727 593 caelo,
749 533 1015 601 templisque
1036 532 1235 593 colatur,

165 613 237 661 Tu
259 609 391 661 facies
405 649 418 671 ,
442 625 663 679 natusque
686 631 822 671 snus3
847 612 925 680 qui
945 612 1140 661 nominis
1160 611 1323 669 haeres,

165 689 435 756 Impositum
458 689 570 739 feret
592 689 734 740 Urbis
757 708 895 749 onus,
917 689 1104 757 caesique
1128 688 1325 757 parentis

1533 702 1601 739 820

163 769 261 817 Nos
286 768 335 817 in
357 767 474 818 bella
499 788 606 818 suos
626 768 898 818 fortissimus
920 768 1042 818 ultor
1062 768 1259 818 habebit.

162 843 292 896 Illius
313 846 523 914 auspiciis
543 847 737 897 obsessae
757 847 922 897 moenia
941 866 1094 916 pacem

162 922 292 972 Victa
315 935 469 990 petent
490 924 679 973 Mutinae
698 944 709 973 :
729 923 958 973 Pharsalia
981 924 1143 974 sentiet
1165 923 1324 983 illum.‚‘

162 1001 478 1069 AEmathiaque
500 1002 662 1051 iterum
682 1002 916 1052 madefacti
937 1003 1052 1052 caede
1070 1001 1271 1070 Philippi
1291 1022 1303 1061 ;

161 1079 224 1127 Et
243 1098 454 1143 magnum
478 1080 641 1130 Siculis
661 1101 827 1131 nomen
850 1081 1136 1149 superabitur
1156 1081 1291 1130 undis
1306 1101 1322 1141 ;-

160 1155 444 1224 Romanique
466 1157 592 1209 ducis
614 1158 777 1224 conjux
798 1158 1014 1226 AEgyptia
1027 1196 1040 1218 ‚
1065 1158 1189 1208 taedae

161 1236 267 1284 Non
288 1236 403 1287 bene
423 1237 526 1298 fisa,
551 1237 704 1296 cadet;
726 1238 980 1305 frustraque
1003 1236 1088 1288 erit
1104 1236 1182 1286 illa
1202 1237 1389 1295 minat&

161 1313 387 1366 Servitura
411 1335 494 1378 suo
516 1315 738 1385 Capitolia
761 1329 916 1366 nostra
940 1317 1142 1384 Canopo.

161 1446 352 1484 claudian.
369 1449 466 1494 XV,
487 1462 553 1485 202
568 1475 578 1494 ,
606 1450 666 1486 ubi
692 1450 847 1496 Atropos

160 1514 263 1537 voces
276 1502 375 1538 Jovis
390 1504 575 1538 adamante
588 1511 695 1540 notat.
710 1523 755 1532 —
772 1505 848 1539 Re-

161 1555 238 1601 gius
253 1554 362 1592 codex
374 1555 408 1591 A
424 1555 531 1592 habet
545 1560 680 1600 1⁶11c11ra5
695 1557 805 1594 codex
815 1558 846 1593 B

157 1610 304 1642 inclusa.

204 1661 280 1708 819.
295 1661 386 1696 Saus
395 1687 404 1703 ,
426 1661 729 1707 eius—Nominis
743 1664 847 1699 boeres

161 1713 291 1757 (multi
307 1712 486 1760 numinis)
504 1728 514 1758 ς
542 1716 689 1759 διάδοχος
706 1717 848 1760 σ’νᾶματος

163 1764 311 1801 Caesaris
327 1773 474 1802 vocatur
499 1779 520 1801 a
540 1766 670 1802 Dione.
697 1767 846 1803 Sueton.

160 1818 254 1864 Aug.
266 1832 284 1865 7
296 1831 305 1853 ε
318 1832 336 1848 «ε
347 1819 475 1854 Postea
488 1816 638 1854 Caesaris
649 1846 658 1863 ,
670 1826 707 1854 et
717 1819 846 1854 deinde

162 1886 182 1902 2»
199 1871 349 1918 Augusti
369 1884 571 1918 cognomen
589 1873 748 1908 assumsit
766 1885 776 1908 ε
795 1873 847 1908 al-

162 1940 181 1956 »
198 1933 317 1961 terum
341 1933 556 1961 testamento
581 1926 754 1961 avunculi.
766 1941 784 1957 »
803 1946 846 1954 --

165 1979 262 2013 Onus
271 2005 281 2020 ,
299 1978 434 2014 molem
448 1978 599 2025 imperii.
608 1981 676 2015 Ed.
685 1980 840 2022 —Suos,

158 2029 329 2067 faventes.

205 2085 281 2120 822.
304 2086 407 2121 Illius
428 2088 594 2131 auspic-it]-
617 2092 682 2122 etc.
706 2086 847 2121 Mathe

163 2137 320 2173 obsessus
341 2137 389 2173 D.
411 2138 544 2175 Brutus
578 2139 620 2174 ab
652 2138 813 2174 Antonio
834 2166 845 2183 ‚

163 2203 272 2236 quem
293 2190 496 2237 Augustus,
528 2192 643 2238 jussus
662 2205 681 2227 a
698 2199 822 2227 senatu
835 2218 845 2236 ,

163 2254 236 2278 una
257 2256 338 2279 cum
363 2244 485 2279 Hirtio
500 2251 536 2280 et
554 2245 669 2280 Pansa
684 2258 768 2280 coss.
788 2245 850 2280 su-

163 2295 278 2341 gavit3
304 2295 429 2331 Florus
444 2323 455 2340 ,
473 2296 547 2341 lv,
565 2299 610 2341 4;
630 2293 823 2333 Suetonius
836 2325 846 2343 ,

163 2348 255 2395 Aug.
274 2361 325 2384 10.
341 2348 535 2395 Sequentia
549 2363 708 2396 expressa
724 2364 743 2386 e
758 2351 849 2386 Vir-

163 2399 245 2445 gilio
261 2425 272 2444 ,
299 2399 428 2447 Georg.
452 2401 469 2436 l
486 2427 497 2445 ,
517 2403 584 2450 490
603 2415 691 2448 sqq:
714 2417 732 2434 «
750 2402 848 2449 Ergo

165 2465 185 2483 t·
202 2451 296 2488 inter
309 2466 383 2489 sese
399 2453 539 2499 paribus
550 2466 760 2490 concurrere
772 2456 847 2491 telis

163 2516 184 2535 ²·
202 2505 379 2541 Romanas
393 2506 482 2541 acies
493 2506 623 2541 iterum
636 2506 754 2542 videre
768 2507 849 2543 Phi·

165 2570 185 2588 »
202 2556 286 2604 lippi
299 2571 308 2592 ε
319 2558 394 2593 Nec
402 2557 469 2593 suit
479 2558 667 2605 indignum
679 2560 826 2606 Superis
835 2586 846 2605 ‚

163 2622 184 2639 »ι
204 2608 256 2644 bis
284 2609 453 2655 sanguine
482 2617 604 2646 nostro
629 2610 850 2647 AEmathiam

164 2674 184 2692 >›
203 2668 240 2696 et
255 2660 342 2697 latos
361 2661 480 2697 Haemi
506 2662 732 2709 pinguescere
752 2677 850 2699 cam-

164 2727 186 2744 ⁷·
205 2726 280 2759 pos,
290 2730 307 2746 »
317 2713 376 2750 ubi
386 2716 549 2763 Heynius
557 2716 850 2760 observat,AEna-

162 2768 270 2802 thiam
285 2781 358 2803 esse
378 2767 523 2815 quidem
541 2768 762 2805 Macedoniae
773 2781 850 2816 par-

168 2824 260 2863 tem,
284 2819 327 2855 ad
351 2833 458 2866 quam
480 2833 547 2858 nec
570 2822 759 2857 Pharsalus
783 2835 850 2858 nec

913 1452 1070 1496 Philippi
1079 1449 1301 1497 pertineant3
1324 1446 1388 1484 sed
1402 1454 1521 1495 poetas
1538 1448 1597 1483 la-

913 1504 982 1539 tius
997 1516 1040 1538 eo
1055 1503 1202 1538 nomine
1219 1502 1271 1537 uti
1286 1501 1393 1537 etiam
1408 1513 1474 1548 pro
1483 1500 1598 1535 Thes-

912 1556 994 1594 salia
1010 1569 1019 1592 :
1036 1556 1170 1592 licuisse
1185 1568 1291 1602 porro
1307 1562 1420 1602 poetae
1432 1581 1444 1599 ,
1471 1568 1600 1600 quam-

913 1622 1020 1656 quam
1034 1609 1138 1655 paulo
1149 1609 1294 1644 crassius
1305 1634 1315 1652 ,
1331 1608 1369 1643 in
1380 1607 1508 1643 eodem
1522 1607 1598 1641 loco

912 1662 1074 1708 praelium
1083 1661 1217 1697 factum
1228 1661 1343 1697 dicere
1354 1687 1364 1705 ,
1377 1659 1471 1706 quod
1486 1659 1598 1694 inillis

912 1714 1115 1760 regionibus
1131 1741 1141 1757 ‚
1168 1714 1206 1748 in
1230 1727 1272 1748 eo
1294 1725 1407 1759 regno
1422 1718 1483 1747 aut
1500 1712 1599 1758 plaga

911 1767 1058 1801 factum.
1092 1767 1189 1802 Hinc
1215 1766 1405 1801 Pharsalt'ae
1435 1778 1532 1800 nunc
1558 1764 1600 1799 fit

912 1819 1048 1854 mentio
1066 1845 1076 1863 ,
1101 1819 1163 1854 ubi
1187 1819 1284 1865 prius
1307 1818 1468 1864 praelium
1489 1829 1599 1852 com-

912 1871 1058 1906 missum
1069 1898 1082 1916 ,
1097 1871 1180 1906 hinc
1192 1875 1307 1907 iterum
1318 1869 1598 1914 madefactini-

910 1928 1003 1970 lippi.
1019 1943 1062 1951 -
1073 1926 1201 1960 Sentiet
1208 1927 1303 1959 illum
1312 1951 1320 1965 ‚
1332 1937 1396 1959 usu
1412 1929 1600 1970 cognoscet

912 1979 988 2024 ejus
1003 1978 1253 2014 fortitudinem
1268 1985 1303 2013 et
1318 1977 1515 2013 eonsilium.

955 2031 1030 2067 826.
1038 2033 1192 2066 Romam·
1199 2033 1297 2065 ducis
1304 2057 1315 2073 ,
1333 2030 1483 2065 Antonii
1493 2057 1503 2074 ,
1516 2043 1600 2066 con-

902 2084 974 2129 jux
982 2086 1156 2132 AEgystia,
1174 2083 1363 2131 Cleopatra
1374 2110 1388 2128 ,
1397 2096 1503 2130 quam
1519 2083 1575 2117 ille
1589 2109 1599 2127 ‚

912 2137 1095 2183 repudiata
1105 2136 1267 2182 Octavia,
1279 2150 1426 2173 uxorem
1437 2137 1598 2181 duxerat,

911 2193 1006 2225 taedae
1013 2204 1080 2226 non
1091 2193 1171 2226 bene
1172 2193 1265 2237 fisa,
1284 2197 1418 2226 temere
1433 2203 1578 2236 sperans
1587 2215 1598 2233 ‚

911 2255 948 2277 se
967 2249 1116 2289 nuptam
1137 2242 1296 2278 Antonio
1315 2243 1507 2288 potituram
1525 2254 1599 2277 esse

912 2295 1062 2342 imperio
1076 2296 1241 2331 Romano
1253 2295 1344 2340 (Dio
1355 2321 1364 2339 ‚
1376 2295 1445 2339 lv,
1457 2308 1490 2341 p.
1500 2296 1598 2339 421),

912 2351 1022 2389 cadet,
1044 2348 1134 2384 victa
1149 2348 1192 2384 ad
1208 2349 1354 2384 Actium
1366 2348 1409 2383 ab
1422 2349 1596 2394 Augusto,

912 2402 1073 2448 aspidum
1090 2415 1231 2438 veneno
1245 2402 1601 2450 peribit.—-Frustra-

911 2468 974 2501 que
987 2462 1052 2491 etc.
1062 2455 1231 2492 invidiose
1242 2483 1254 2501 ‚
1266 2456 1398 2492 frustra
1409 2455 1600 2502 imperium

914 2508 1120 2543 Romanum
1143 2508 1507 2544 adfectaverit.—-Pro
1525 2514 1600 2543 toto

912 2560 1064 2606 imperio
1077 2562 1280 2604 Capitolium
1293 2560 1456 2595 nominat
1468 2586 1478 2603 ,
1494 2566 1536 2595 ut
1551 2573 1601 2594 vs.

916 2613 983 2660 589
993 2638 1003 2657 ,
1014 2619 1050 2647 et
1064 2612 1157 2658 apud
1169 2613 1295 2647 Horat.
1306 2612 1323 2647 Ι
1335 2638 1345 2656 ,
1362 2611 1434 2647 Od.
1446 2623 1596 2656 xxxvn,

916 2677 934 2710 7
946 2690 956 2708 ,
973 2663 1017 2699 de
1034 2664 1178 2709 eadem,
1191 2678 1210 2694 «ι
1226 2663 1312 2699 dum
1325 2663 1501 2710 Capitolio
1518 2664 1599 2699 Re-

914 2729 934 2746 »
953 2715 1033 2762 gina
1048 2715 1232 2752 dementes
1251 2716 1372 2752 ruinas
1384 2743 1395 2761 ‚
1421 2717 1545 2751 Funus
1563 2722 1599 2750 et

914 2783 934 2800 ι»
951 2768 1101 2815 imperio
1112 2769 1257 2815 parabat
1269 2775 1335 2804 etc.
1347 2783 1365 2800 ι»
1375 2770 1596 2812 —Canopus,

913 2834 1050 2858 numen
1062 2829 1098 2858 et
1113 2821 1283 2869 oppidum
1301 2821 1560 2869 AEgyptiorum.
