1820 3106
263 274 349 318 268

636 279 689 322 P.
723 279 960 331 OVIDII
989 280 1290 328 NASONIS

260 369 423 418 Omnia
446 369 630 419 servavit
650 391 658 418 :
679 371 840 438 lapidis
859 373 984 422 color
1006 374 1168 424 indicat
1191 376 1324 425 illum

1613 389 1678 435 405

259 446 359 494 Jam
384 466 476 495 non
501 466 594 497 esse
616 448 795 515 lupum,
816 451 903 515 jam
927 471 1018 499 non
1043 451 1198 502 debere
1224 453 1381 502 timeri.

259 523 352 572 Nec
377 536 520 573 tamen
540 526 622 574 hac
646 527 886 593 profugum
908 530 1145 579 consistere
1169 529 1296 579 Pelea
1320 542 1433 579 terra

260 599 366 649 Fata
389 602 539 651 sinunt
557 623 567 651 ε
589 604 818 666 Magnetas
840 605 932 655 adit
954 625 1090 670 vagus
1114 606 1265 666 exsul,
1291 618 1334 655 et
1356 606 1447 656 illic

262 677 407 726 Sumit
430 680 485 729 ab
513 682 746 730 Haemonio
771 684 1030 748 purgamina
1052 684 1181 732 caedis
1204 686 1382 733 Acasto.

326 756 450 805 VIII.
475 759 647 807 Interea
665 759 898 826 fratrisque
922 762 1014 818 sui,
1037 760 1301 828 fratremque
1325 761 1486 811 secutis

1613 774 1679 820 410

260 831 404 881 Anxia
427 835 642 900 prodigiis
669 837 873 886 turbatus
895 850 1073 904 pectora
1097 839 1214 905 Ceyx
1228 875 1240 896 ,

262 911 477 961 Consulat
501 926 551 962 ut
572 933 715 963 sacras
729 951 741 973 ‚
766 915 997 963 hominum
1023 914 1312 964 oblectamina
1326 951 1338 973 ,
1362 925 1503 963 sortes
1519 950 1531 973 ,

258 1047 387 1095 eyllum
397 1050 606 1085 Burmanno
617 1052 705 1097 quie
719 1052 829 1087 tribus
837 1052 934 1088 MSS

257 1099 358 1146 legit,
375 1104 562 1138 inho-tentis
572 1129 580 1137 .
591 1129 597 1136 .
609 1131 617 1138 .
629 1131 637 1139 .
648 1108 788 1138 mutavit
799 1117 933 1148 corpus,

259 1159 338 1196 aut,
357 1160 396 1187 ut
411 1166 597 1190 concursus
608 1155 843 1201 genitivorum
854 1156 936 1191 vite-

258 1210 335 1247 tur,
359 1207 552 1250 inhoerenti,
577 1214 617 1241 ut
636 1215 688 1241 est
710 1208 745 1241 in
770 1220 843 1242 uno
867 1207 936 1243 MS

259 1257 632 1293 Puteane0.·—Anton.
643 1259 807 1294 Liberalis
817 1259 859 1294 de
871 1259 938 1294 hoc

257 1320 358 1342 saxeo
372 1308 454 1354 lupo
467 1336 476 1353 ,
495 1316 547 1346 καὶ
563 1312 637 1357 ἄχρι
659 1316 798 1346 πλείστου
823 1313 938 1355 διέμενε

259 1365 374 1404 μεταξὺ
399 1366 545 1411 Λοκρίδος
564 1367 617 1397 καὶ
641 1370 695 1401 τῆς
716 1367 848 1401 omisa
871 1370 937 1407 γῆς.

262 1411 350 1446 Inde
367 1413 503 1458 colligas
516 1439 525 1456 ,
543 1426 663 1448 saxum
680 1412 858 1458 quoddam
869 1440 878 1456 ,
892 1414 941 1448 il—

256 1463 323 1498 lius
339 1464 404 1499 loci
424 1464 575 1498 sormam
590 1465 663 1510 lupi
681 1472 870 1510 utcumque
889 1478 941 1499 re-

258 1513 394 1558 serens,
411 1514 563 1550 fabulam
580 1516 762 1561 peperisse.

303 1569 378 1614 407.
397 1571 592 1604 Constlrlere.
610 1569 777 1605 Heinsius
789 1570 941 1605 malebat

258 1622 438 1656 considere.
464 1622 564 1667 Regii
590 1622 699 1656 nostri
726 1625 908 1656 consistere
925 1649 934 1662 ,

261 1678 295 1706 et
311 1672 401 1706 bene
420 1679 542 1707 contra
559 1673 702 1718 scriptos
718 1686 842 1707 omnes
855 1672 942 1707 nihil

260 1726 409 1760 mutavit
425 1726 662 1761 Burmannus.
680 1728 796 1760 Ed.—
807 1725 942 1761 Obser-

259 1786 317 1814 vat
326 1779 448 1814 Burm.
461 1787 641 1825 praeeunte
653 1778 777 1814 Servio
788 1778 830 1812 ad
843 1778 941 1824 Virg.

261 1831 345 1865 AEn.
357 1832 448 1867 VIII
461 1858 470 1876 ,
488 1846 526 1867 10
536 1858 545 1876 ,
557 1835 740 1866 consistere
751 1831 817 1866 dici
829 1830 871 1865 de
883 1831 922 1866 iis
931 1857 942 1874 ,

260 1883 321 1928 qui
337 1890 413 1929 post
428 1896 531 1930 vagos
541 1896 676 1918 errores
690 1883 726 1917 in
743 1883 845 1918 certis
858 1882 944 1917 sedi-

258 1936 323 1971 bus
339 1937 527 1981 quiescant.
544 1955 587 1963 —
599 1938 804 1981 purgamina
817 1938 937 1975 sumit,

259 1997 447 2035 purgatur,
464 1990 649 2032 lustratur,
668 1994 851 2039 καθαίρεται.
869 1988 944 2022 Ne-

262 2053 330 2086 que
348 2041 444 2075 enim
467 2041 521 2084 ei,
543 2040 602 2086 qui
623 2040 716 2074 caede
736 2065 745 2083 ,
772 2037 943 2073 adulterio

261 2092 434 2138 similique
452 2091 604 2127 facinore
624 2105 660 2126 se
683 2091 871 2137 polluerat,
892 2102 945 2124 sa-

262 2143 329 2179 cris
354 2143 521 2179 interesse
550 2143 673 2178 licebat
689 2168 698 2186 ,
729 2149 789 2177 aut
816 2140 946 2186 templa

263 2194 360 2230 adire
380 2221 389 2239 ,
419 2195 485 2229 nisi
512 2194 675 2229 lustratus
704 2201 806 2228 antea
834 2199 923 2227 esset
934 2218 943 2235 ,

263 2259 341 2293 quae
351 2247 510 2281 lustratio
527 2259 615 2292 aqua
630 2247 707 2280 viva
719 2252 777 2280 aut
788 2244 923 2279 marina
935 2270 944 2288 ‚

262 2300 444 2346 sulphure,
460 2300 602 2335 flamma
612 2300 727 2335 fiebat.
740 2299 947 2335 Secundum

267 2351 350 2387 alios
360 2352 411 2386 bis
424 2352 549 2387 Peleus
560 2352 721 2386 lustratus
733 2357 796 2392 est,
805 2356 947 2395 propter

265 2403 380 2438 fratris
390 2403 521 2438 caedem
533 2404 575 2438 ab
584 2402 780 2451 Eurytione
790 2428 799 2446 ,
811 2408 845 2436 et
856 2427 864 2444 ,
880 2401 948 2435 Eu-

265 2456 405 2503 rytione
417 2454 602 2490 interfecto
615 2482 624 2499 ,
642 2456 684 2490 ab
700 2455 847 2495 Acasto,
865 2452 948 2488 Iolci

265 2520 358 2553 rege.
375 2507 627 2553 Apollodorus,
642 2508 719 2551 111,
735 2517 825 2550 XIII,
847 2520 857 2540 ι
876 2519 926 2550 sq.

310 2560 476 2604 410-748.
494 2561 587 2606 Ceyx
599 2566 635 2594 et
647 2561 830 2606 Halcyone.
850 2557 949 2604 Ceyx

266 2609 311 2644 ad
330 2611 500 2656 Apollinis
517 2611 625 2646 Clarii
642 2612 814 2657 templum
832 2610 949 2656 profi—

264 2662 395 2697 ciscens
420 2664 511 2709 perit
538 2663 732 2710 naufragio.
757 2663 950 2711 Halcyonae

267 2713 311 2749 de
329 2714 439 2749 salute
455 2716 571 2750 mariti
590 2716 741 2751 sollicitae
755 2714 950 2761 Morpheus

266 2779 352 2812 appa
361 2774 415 2802 ret
430 2766 467 2802 in
483 2768 615 2803 somnis
630 2794 640 2813 ,
664 2767 861 2813 indicatque
882 2780 951 2813 pe·-

1002 1050 1096 1087 riisse
1117 1064 1211 1086 eum.
1232 1051 1295 1086 Illa
1315 1064 1424 1096 quum
1447 1049 1490 1085 ad
1510 1050 1591 1086 litus
1610 1049 1679 1085 de-

999 1103 1175 1147 currisset‚
1187 1103 1224 1137 in
1237 1102 1413 1138 volucrem
1423 1101 1582 1145 vertitur,
1592 1113 1682 1137 eam-

1002 1156 1154 1202 demque
1179 1155 1527 1194 transformationem
1553 1155 1683 1202 patitur

1002 1221 1128 1254 eorpus
1144 1208 1269 1257 Ceycis
1285 1208 1454 1244 exanime.
1471 1207 1575 1243 Conf.
1595 1207 1683 1255 Hya

1002 1261 1123 1307 ginus,
1145 1260 1213 1296 fab.
1230 1261 1274 1297 65
1289 1287 1299 1304 ,
1324 1267 1361 1295 et
1384 1260 1557 1295 Lucienus
1582 1259 1682 1294 Halc.

1003 1321 1088 1350 tom.
1106 1315 1148 1358 Ι,
1175 1327 1208 1360 p.
1232 1327 1318 1361 129,
1346 1313 1407 1358 qui
1433 1311 1576 1348 eosdem
1600 1324 1682 1347 cum

1003 1367 1132 1402 Nostro
1164 1373 1320 1400 auctores
1349 1365 1459 1400 secuti
1486 1364 1652 1400 videntur
1671 1390 1681 1408 ,

1003 1430 1206 1463 quanquam
1237 1416 1353 1462 paucis
1384 1428 1462 1451 rem
1494 1415 1683 1461 attingunt.

1005 1470 1074 1504 Alii
1085 1471 1123 1504 in
1135 1470 1252 1504 multis
1264 1469 1483 1504 dissentiunt.
1491 1467 1573 1502 Vid.
1582 1467 1686 1513 Apol-

1003 1521 1145 1555 lodorus
1157 1547 1167 1564 ,
1186 1522 1222 1563 1,
1240 1532 1296 1555 v11
1309 1546 1318 1564 ,
1335 1522 1378 1563 43
1400 1519 1515 1555 Schol.
1534 1517 1684 1553 Homeri

1004 1572 1048 1606 ad
1067 1572 1104 1606 ll.
1121 1573 1137 1606 I
1149 1598 1158 1614 ‚
1178 1574 1262 1612 558;
1281 1571 1396 1606 Schol.
1415 1570 1658 1615 Aristophanis
1673 1596 1684 1613 ,

1004 1637 1038 1669 p.
1051 1626 1112 1670 5⁶52
1126 1637 1135 1664 ;
1152 1623 1266 1657 Schol.
1279 1622 1460 1657 Theocriti
1469 1621 1511 1655 ad
1527 1621 1579 1656 ld.
1591 1621 1662 1656 VII
1673 1645 1683 1663 ,

1007 1677 1047 1719 57
1059 1688 1067 1716 ;
1077 1675 1222 1709 Tzetzes
1232 1673 1274 1708 ad
1283 1672 1552 1720 Lycophronem
1561 1698 1570 1713 ,
1582 1672 1684 1719 p.69;

1006 1725 1148 1760 Servius
1158 1725 1200 1760 ad
1211 1725 1408 1771 Virgilium,
1420 1723 1550 1769 Georg.
1562 1724 1592 1766 Ι,
1602 1723 1687 1769 399;

1007 1776 1165 1811 Lutatius
1178 1775 1220 1810 ad
1232 1775 1397 1819 Statium,
1411 1775 1474 1817 lx,
1487 1773 1600 1808 Theb.
1609 1773 1686 1806 361.

1008 1828 1126 1862 Etiam
1144 1827 1319 1863 Hesiodus
1335 1826 1408 1862 haec
1423 1825 1540 1860 forsan
1558 1829 1687 1859 tracta-

1010 1887 1106 1915 verat
1122 1893 1130 1915 :
1149 1887 1242 1915 certe
1262 1879 1453 1913 Athenaeus
1467 1903 1477 1921 ,
1494 1877 1532 1913 Π
1543 1902 1552 1920 ,
1570 1889 1603 1922 p.
1621 1877 1664 1922 49
1675 1901 1686 1919 ,

1008 1946 1151 1969 carmen
1169 1933 1245 1978 ejus
1259 1931 1377 1966 laudat
1392 1935 1508 1971 Κήῦκος
1522 1929 1619 1974 γάμος
1631 1927 1690 1962 in-

1010 1986 1188 2030 scriptum.
1204 1985 1334 2019 Noster
1345 1981 1524 2017 exornavit
1536 1980 1624 2015 hanc
1637 1978 1691 2014 fa—

1009 2038 1128 2071 bulam
1169 2034 1408 2080 copiosissimis
1445 2032 1659 2078 tempestatis
1677 2057 1687 2074 ,

1011 2089 1136 2124 Somni
1156 2114 1165 2131 ,
1194 2086 1361 2132 Morphei
1393 2083 1691 2130 descriptionibus.

1011 2143 1058 2178 Et
1075 2149 1125 2176 est
1141 2141 1177 2174 in
1197 2138 1474 2175 elaboratissimis
1489 2137 1592 2182 hujus
1607 2148 1691 2181 ope-

1010 2195 1057 2229 ris
1074 2194 1247 2239 partibus,
1272 2193 1308 2226 in
1330 2192 1456 2237 'quibus
1480 2189 1616 2226 Auctor
1635 2188 1691 2224 vel

1011 2247 1160 2281 maxime
1177 2244 1359 2291 ingenium
1371 2241 1567 2278 ostentavit.
1577 2239 1692 2286 Elegit

1010 2298 1238 2333 traditionem
1256 2309 1335 2330 eam
1349 2321 1359 2336 ‚
1385 2306 1461 2340 quae
1477 2294 1567 2338 ipsos
1585 2303 1691 2327 com-

1012 2349 1167 2385 mendat.
1177 2366 1221 2375 --
1233 2347 1430 2383 Consilium
1447 2344 1581 2391 Ceycis.
1594 2343 1692 2378 Mu·—

1013 2404 1098 2439 tatio
1112 2402 1226 2437 fratris
1242 2402 1278 2436 in
1292 2399 1489 2444 accipitrem
1504 2398 1615 2442 (vers.
1626 2410 1688 2443 29¹

1013 2469 1074 2501 sqq
1090 2457 1102 2499 )
1118 2481 1127 2498 ,
1143 2461 1178 2489 et
1191 2453 1292 2499 paulo
1304 2458 1380 2498 post
1397 2450 1500 2495 lupus
1517 2448 1612 2484 Pelei
1629 2457 1693 2482 ar-

1014 2514 1135 2542 menta
1160 2504 1336 2540 trucidans
1358 2503 1429 2537 vim
1454 2500 1694 2547 prodigiorum

1014 2558 1209 2600 habebant,
1228 2555 1350 2601 quibus
1366 2556 1536 2594 turbatus,
1558 2558 1693 2598 perter-

1014 2609 1162 2644 refactus
1189 2607 1288 2655 Ceyx
1319 2605 1518 2651 Apollinem
1544 2602 1693 2639 consul-

1016 2668 1092 2696 tum
1110 2659 1188 2694 abit.
1201 2677 1245 2684 —
1258 2659 1437 2692 Hominum
1453 2655 1694 2692 oblectamina.

1017 2712 1142 2758 quibus
1159 2711 1378 2744 oblectantur
1389 2707 1550 2742 homines
1565 2705 1601 2738 in
1618 2715 1696 2737 ma-

1016 2765 1081 2809 lis,
1106 2764 1230 2810 quibus
1254 2762 1389 2809 pellunt
1412 2759 1584 2795 malorum
1607 2768 1694 2790 mo-
