<?xml version="1.0" encoding="UTF-8"?>
<!DOCTYPE html PUBLIC "-//W3C//DTD XHTML 1.0 Transitional//EN"
    "http://www.w3.org/TR/xhtml1/DTD/xhtml1-transitional.dtd">
<html xmlns="http://www.w3.org/1999/xhtml" xml:lang="en" lang="en">
 <head>
  <title>
</title>
<meta http-equiv="Content-Type" content="text/html;charset=utf-8" />
  <meta name='ocr-system' content='tesseract 3.04.00' />
  <meta name='ocr-capabilities' content='ocr_page ocr_carea ocr_par ocr_line ocrx_word'/>
</head>
<body>
  <div class='ocr_page' id='page_1' title='image "./quaeextantomniao04oviduoft_0198.png"; bbox 0 0 1820 3106; ppageno 0'>
   <div class='ocr_carea' id='block_1_1' title="bbox 282 223 365 279">
    <p class='ocr_par' dir='ltr' id='par_1_1' title="bbox 282 223 365 279">
     <span class='ocr_line' id='line_1_1' title="bbox 282 223 365 279; baseline 0.012 -13"><span class='ocrx_word' id='word_1_1' title='bbox 282 223 365 279; x_wconf 70' lang='lat'><strong>184</strong></span> 
     </span>
    </p>
   </div>
   <div class='ocr_carea' id='block_1_2' title="bbox 643 224 1300 271">
    <p class='ocr_par' dir='ltr' id='par_1_2' title="bbox 643 224 1300 271">
     <span class='ocr_line' id='line_1_2' title="bbox 643 224 1300 271; baseline 0.005 -4"><span class='ocrx_word' id='word_1_2' title='bbox 643 224 692 268; x_wconf 90' lang='lat' dir='ltr'><strong>P.</strong></span> <span class='ocrx_word' id='word_1_3' title='bbox 736 225 971 271; x_wconf 87' lang='lat' dir='ltr'>OVIDII</span> <span class='ocrx_word' id='word_1_4' title='bbox 1005 225 1300 270; x_wconf 91' lang='lat' dir='ltr'><strong>NASONIS</strong></span> 
     </span>
    </p>
   </div>
   <div class='ocr_carea' id='block_1_3' title="bbox 273 317 1500 607">
    <p class='ocr_par' dir='ltr' id='par_1_3' title="bbox 273 317 1500 539">
     <span class='ocr_line' id='line_1_3' title="bbox 273 317 1447 376; baseline 0.003 -12"><span class='ocrx_word' id='word_1_5' title='bbox 273 317 388 374; x_wconf 85' lang='lat' dir='ltr'><strong>Aut,</strong></span> <span class='ocrx_word' id='word_1_6' title='bbox 413 334 512 365; x_wconf 86' lang='lat' dir='ltr'><strong>mea</strong></span> <span class='ocrx_word' id='word_1_7' title='bbox 535 317 571 365; x_wconf 89' lang='lat' dir='ltr'><strong>si</strong></span> <span class='ocrx_word' id='word_1_8' title='bbox 592 329 752 366; x_wconf 88' lang='lat' dir='ltr'><strong>vestras</strong></span> <span class='ocrx_word' id='word_1_9' title='bbox 775 317 1030 367; x_wconf 90' lang='lat' dir='ltr'><strong>mulcebunt</strong></span> <span class='ocrx_word' id='word_1_10' title='bbox 1052 318 1240 367; x_wconf 84' lang='lat' dir='ltr'><strong>carmina</strong></span> <span class='ocrx_word' id='word_1_11' title='bbox 1258 330 1447 376; x_wconf 85' lang='lat' dir='ltr'><strong>mentes,</strong></span> 
     </span>
     <span class='ocr_line' id='line_1_4' title="bbox 273 393 1500 461; baseline 0.002 -21"><span class='ocrx_word' id='word_1_12' title='bbox 273 393 399 441; x_wconf 87' lang='lat' dir='ltr'><strong>Desit</strong></span> <span class='ocrx_word' id='word_1_13' title='bbox 423 394 467 441; x_wconf 91' lang='lat' dir='ltr'><strong>in</strong></span> <span class='ocrx_word' id='word_1_14' title='bbox 489 395 571 443; x_wconf 86' lang='lat' dir='ltr'><strong>hac</strong></span> <span class='ocrx_word' id='word_1_15' title='bbox 595 395 703 442; x_wconf 86' lang='lat' dir='ltr'><strong>mihi</strong></span> <span class='ocrx_word' id='word_1_16' title='bbox 727 407 848 461; x_wconf 90' lang='lat' dir='ltr'><strong>parte</strong></span> <span class='ocrx_word' id='word_1_17' title='bbox 872 395 1004 452; x_wconf 78' lang='lat' dir='ltr'><strong>fides3</strong></span> <span class='ocrx_word' id='word_1_18' title='bbox 1028 415 1106 444; x_wconf 92' lang='lat' dir='ltr'><strong>nec</strong></span> <span class='ocrx_word' id='word_1_19' title='bbox 1130 395 1288 444; x_wconf 86' lang='lat' dir='ltr'><strong>credite</strong></span> <span class='ocrx_word' id='word_1_20' title='bbox 1309 395 1468 444; x_wconf 89' lang='lat' dir='ltr'><strong>factum</strong></span> <span class='ocrx_word' id='word_1_21' title='bbox 1488 414 1500 453; x_wconf 90' lang='lat'>;</span> 
     </span>
     <span class='ocr_line' id='line_1_5' title="bbox 275 469 1389 539; baseline 0.004 -25"><span class='ocrx_word' id='word_1_22' title='bbox 275 469 380 527; x_wconf 84' lang='lat' dir='ltr'><strong>Vel,</strong></span> <span class='ocrx_word' id='word_1_23' title='bbox 407 470 443 518; x_wconf 87' lang='lat' dir='ltr'><strong>si</strong></span> <span class='ocrx_word' id='word_1_24' title='bbox 468 472 673 530; x_wconf 87' lang='lat' dir='ltr'><strong>credetis,</strong></span> <span class='ocrx_word' id='word_1_25' title='bbox 699 472 802 521; x_wconf 88' lang='lat' dir='ltr'><strong>facti</strong></span> <span class='ocrx_word' id='word_1_26' title='bbox 826 492 998 539; x_wconf 84' lang='lat' dir='ltr'><strong>quoqne</strong></span> <span class='ocrx_word' id='word_1_27' title='bbox 1022 473 1182 521; x_wconf 83' lang='lat' dir='ltr'><strong>credite</strong></span> <span class='ocrx_word' id='word_1_28' title='bbox 1205 492 1389 539; x_wconf 87' lang='lat' dir='ltr'><strong>poenam.</strong></span> 
     </span>
    </p>

    <p class='ocr_par' dir='ltr' id='par_1_4' title="bbox 276 547 1356 607">
     <span class='ocr_line' id='line_1_6' title="bbox 276 547 1356 607; baseline 0.003 -13"><span class='ocrx_word' id='word_1_29' title='bbox 276 547 323 594; x_wconf 90' lang='lat' dir='ltr'><strong>Si</strong></span> <span class='ocrx_word' id='word_1_30' title='bbox 348 559 490 596; x_wconf 81' lang='lat' dir='ltr'><strong>tamen</strong></span> <span class='ocrx_word' id='word_1_31' title='bbox 511 550 746 598; x_wconf 87' lang='lat' dir='ltr'><strong>admissum</strong></span> <span class='ocrx_word' id='word_1_32' title='bbox 771 550 875 599; x_wconf 87' lang='lat' dir='ltr'><strong>sinit</strong></span> <span class='ocrx_word' id='word_1_33' title='bbox 895 551 981 598; x_wconf 88' lang='lat' dir='ltr'><strong>hoc</strong></span> <span class='ocrx_word' id='word_1_34' title='bbox 1004 552 1169 599; x_wconf 86' lang='lat' dir='ltr'><strong>Natura</strong></span> <span class='ocrx_word' id='word_1_35' title='bbox 1192 551 1356 607; x_wconf 83' lang='lat' dir='ltr'><strong>videri,</strong></span> 
     </span>
    </p>
   </div>
   <div class='ocr_carea' id='block_1_4' title="bbox 280 623 1345 690">
    <p class='ocr_par' dir='ltr' id='par_1_5' title="bbox 280 623 1345 690">
     <span class='ocr_line' id='line_1_7' title="bbox 280 623 1345 690; baseline 0.003 -20"><span class='ocrx_word' id='word_1_36' title='bbox 280 623 498 672; x_wconf 83' lang='lat' dir='ltr'><strong>Gentibus</strong></span> <span class='ocrx_word' id='word_1_37' title='bbox 521 626 736 684; x_wconf 85' lang='lat' dir='ltr'><strong>Ismariis,</strong></span> <span class='ocrx_word' id='word_1_38' title='bbox 765 639 809 675; x_wconf 89' lang='lat' dir='ltr'><strong>et</strong></span> <span class='ocrx_word' id='word_1_39' title='bbox 829 632 980 675; x_wconf 89' lang='lat' dir='ltr'><strong>nostro</strong></span> <span class='ocrx_word' id='word_1_40' title='bbox 1006 627 1199 690; x_wconf 86' lang='lat' dir='ltr'><strong>gratulor</strong></span> <span class='ocrx_word' id='word_1_41' title='bbox 1222 627 1345 683; x_wconf 86' lang='lat' dir='ltr'><strong>orbi;</strong></span> 
     </span>
    </p>
   </div>
   <div class='ocr_carea' id='block_1_5' title="bbox 1610 637 1676 672">
    <p class='ocr_par' dir='ltr' id='par_1_6' title="bbox 1610 637 1676 672">
     <span class='ocr_line' id='line_1_8' title="bbox 1610 637 1676 672; baseline 0 0"><span class='ocrx_word' id='word_1_42' title='bbox 1610 637 1676 672; x_wconf 80' lang='lat'><strong>305</strong></span> 
     </span>
    </p>
   </div>
   <div class='ocr_carea' id='block_1_6' title="bbox 268 700 1470 1005">
    <p class='ocr_par' dir='ltr' id='par_1_7' title="bbox 268 700 1470 1005">
     <span class='ocr_line' id='line_1_9' title="bbox 278 700 1470 769; baseline 0.003 -22"><span class='ocrx_word' id='word_1_43' title='bbox 278 700 485 749; x_wconf 84' lang='lat' dir='ltr'><strong>Gratulor</strong></span> <span class='ocrx_word' id='word_1_44' title='bbox 502 702 605 751; x_wconf 89' lang='lat' dir='ltr'><strong>huic</strong></span> <span class='ocrx_word' id='word_1_45' title='bbox 629 715 750 751; x_wconf 87' lang='lat' dir='ltr'><strong>terrae</strong></span> <span class='ocrx_word' id='word_1_46' title='bbox 764 740 775 760; x_wconf 89' lang='lat'><strong>‚</strong></span> <span class='ocrx_word' id='word_1_47' title='bbox 804 704 924 769; x_wconf 90' lang='lat' dir='ltr'><strong>quod</strong></span> <span class='ocrx_word' id='word_1_48' title='bbox 948 705 1071 752; x_wconf 87' lang='lat' dir='ltr'><strong>abest</strong></span> <span class='ocrx_word' id='word_1_49' title='bbox 1093 704 1345 767; x_wconf 81' lang='lat' dir='ltr'><strong>regionibus</strong></span> <span class='ocrx_word' id='word_1_50' title='bbox 1360 700 1470 760; x_wconf 85' lang='lat' dir='ltr'><strong>illis,</strong></span> 
     </span>
     <span class='ocr_line' id='line_1_10' title="bbox 274 778 1387 842; baseline 0.001 -17"><span class='ocrx_word' id='word_1_51' title='bbox 274 778 385 840; x_wconf 82' lang='lat' dir='ltr'><strong>Quae</strong></span> <span class='ocrx_word' id='word_1_52' title='bbox 407 790 574 827; x_wconf 88' lang='lat' dir='ltr'><strong>tantum</strong></span> <span class='ocrx_word' id='word_1_53' title='bbox 597 799 781 842; x_wconf 86' lang='lat' dir='ltr'><strong>genuere</strong></span> <span class='ocrx_word' id='word_1_54' title='bbox 799 781 918 829; x_wconf 85' lang='lat' dir='ltr'><strong>nefas</strong></span> <span class='ocrx_word' id='word_1_55' title='bbox 943 801 953 829; x_wconf 78' lang='grc' dir='ltr'><strong><em>ε</em></strong></span> <span class='ocrx_word' id='word_1_56' title='bbox 973 781 1031 829; x_wconf 86' lang='lat' dir='ltr'><strong>sit</strong></span> <span class='ocrx_word' id='word_1_57' title='bbox 1053 781 1171 829; x_wconf 89' lang='lat' dir='ltr'><strong>dives</strong></span> <span class='ocrx_word' id='word_1_58' title='bbox 1190 797 1387 835; x_wconf 78' lang='lat' dir='ltr'><strong>amom03</strong></span> 
     </span>
     <span class='ocr_line' id='line_1_11' title="bbox 273 853 1458 922; baseline 0.001 -22"><span class='ocrx_word' id='word_1_59' title='bbox 273 853 571 921; x_wconf 85' lang='lat' dir='ltr'><strong>Cinnamaque</strong></span> <span class='ocrx_word' id='word_1_60' title='bbox 586 892 597 912; x_wconf 88' lang='lat'>‚</span> <span class='ocrx_word' id='word_1_61' title='bbox 623 868 878 922; x_wconf 88' lang='lat' dir='ltr'><strong>costumque</strong></span> <span class='ocrx_word' id='word_1_62' title='bbox 902 876 1021 904; x_wconf 86' lang='lat' dir='ltr'><strong>suam</strong></span> <span class='ocrx_word' id='word_1_63' title='bbox 1037 894 1048 913; x_wconf 85' lang='lat'><strong>‚</strong></span> <span class='ocrx_word' id='word_1_64' title='bbox 1073 856 1313 920; x_wconf 85' lang='lat' dir='ltr'><strong>sudataque</strong></span> <span class='ocrx_word' id='word_1_65' title='bbox 1336 854 1458 916; x_wconf 84' lang='lat' dir='ltr'><strong>ligno</strong></span> 
     </span>
     <span class='ocr_line' id='line_1_12' title="bbox 268 931 1336 1005; baseline 0.002 -27"><span class='ocrx_word' id='word_1_66' title='bbox 268 931 387 980; x_wconf 89' lang='lat' dir='ltr'><strong>Tura</strong></span> <span class='ocrx_word' id='word_1_67' title='bbox 407 932 538 990; x_wconf 82' lang='lat' dir='ltr'><strong>ferat,</strong></span> <span class='ocrx_word' id='word_1_68' title='bbox 565 933 784 1000; x_wconf 87' lang='lat' dir='ltr'><strong>floresque</strong></span> <span class='ocrx_word' id='word_1_69' title='bbox 806 933 916 982; x_wconf 87' lang='lat' dir='ltr'><strong>alios</strong></span> <span class='ocrx_word' id='word_1_70' title='bbox 940 934 1157 1005; x_wconf 64' lang='lat' dir='ltr'><strong>Panchaia</strong></span> <span class='ocrx_word' id='word_1_71' title='bbox 1181 931 1307 980; x_wconf 87' lang='lat' dir='ltr'><strong>tellus</strong></span> <span class='ocrx_word' id='word_1_72' title='bbox 1325 968 1336 989; x_wconf 93' lang='lat'>,</span> 
     </span>
    </p>
   </div>
   <div class='ocr_carea' id='block_1_7' title="bbox 270 1064 949 2761">
    <p class='ocr_par' dir='ltr' id='par_1_8' title="bbox 270 1064 948 1886">
     <span class='ocr_line' id='line_1_13' title="bbox 272 1064 942 1109; baseline 0.004 -12"><span class='ocrx_word' id='word_1_73' title='bbox 272 1071 435 1098; x_wconf 87' lang='lat' dir='ltr'><strong>arcentur</strong></span> <span class='ocrx_word' id='word_1_74' title='bbox 453 1064 554 1099; x_wconf 86' lang='lat' dir='ltr'><strong>sacris</strong></span> <span class='ocrx_word' id='word_1_75' title='bbox 566 1091 576 1109; x_wconf 88' lang='lat'>,</span> <span class='ocrx_word' id='word_1_76' title='bbox 594 1065 655 1100; x_wconf 89' lang='lat' dir='ltr'><strong>sed</strong></span> <span class='ocrx_word' id='word_1_77' title='bbox 673 1065 739 1099; x_wconf 89' lang='lat' dir='ltr'><strong>hoc</strong></span> <span class='ocrx_word' id='word_1_78' title='bbox 754 1065 829 1100; x_wconf 88' lang='lat' dir='ltr'><strong>loco</strong></span> <span class='ocrx_word' id='word_1_79' title='bbox 843 1073 942 1101; x_wconf 77' lang='lat' dir='ltr'><strong>castae</strong></span> 
     </span>
     <span class='ocr_line' id='line_1_14' title="bbox 275 1115 944 1162; baseline 0.006 -14"><span class='ocrx_word' id='word_1_80' title='bbox 275 1115 399 1150; x_wconf 78' lang='lat' dir='ltr'><strong>animae</strong></span> <span class='ocrx_word' id='word_1_81' title='bbox 409 1116 559 1162; x_wconf 83' lang='lat' dir='ltr'><strong>filiarum</strong></span> <span class='ocrx_word' id='word_1_82' title='bbox 574 1124 675 1162; x_wconf 88' lang='lat' dir='ltr'><strong>atque</strong></span> <span class='ocrx_word' id='word_1_83' title='bbox 692 1123 830 1162; x_wconf 90' lang='lat' dir='ltr'><strong>patrum</strong></span> <span class='ocrx_word' id='word_1_84' title='bbox 845 1131 944 1152; x_wconf 88' lang='lat' dir='ltr'><strong>asce-</strong></span> 
     </span>
     <span class='ocr_line' id='line_1_15' title="bbox 271 1166 948 1203; baseline 0.004 -4"><span class='ocrx_word' id='word_1_85' title='bbox 271 1166 350 1200; x_wconf 85' lang='lat' dir='ltr'><strong>leris</strong></span> <span class='ocrx_word' id='word_1_86' title='bbox 366 1167 534 1202; x_wconf 87' lang='lat' dir='ltr'><strong>horrendi</strong></span> <span class='ocrx_word' id='word_1_87' title='bbox 557 1168 743 1203; x_wconf 83' lang='lat' dir='ltr'><strong>auditione.</strong></span> <span class='ocrx_word' id='word_1_88' title='bbox 759 1187 802 1194; x_wconf 88' lang='lat'>—</span> <span class='ocrx_word' id='word_1_89' title='bbox 823 1171 948 1203; x_wconf 87' lang='lat' dir='ltr'><strong>Procul</strong></span> 
     </span>
     <span class='ocr_line' id='line_1_16' title="bbox 270 1220 945 1265; baseline 0.006 -13"><span class='ocrx_word' id='word_1_90' title='bbox 270 1224 340 1253; x_wconf 77' lang='lat' dir='ltr'><strong>este</strong></span> <span class='ocrx_word' id='word_1_91' title='bbox 349 1226 514 1263; x_wconf 80' lang='lat' dir='ltr'><strong>parentes.</strong></span> <span class='ocrx_word' id='word_1_92' title='bbox 540 1220 622 1254; x_wconf 89' lang='lat' dir='ltr'><strong>Duo</strong></span> <span class='ocrx_word' id='word_1_93' title='bbox 635 1247 644 1264; x_wconf 89' lang='lat'>‚</span> <span class='ocrx_word' id='word_1_94' title='bbox 671 1224 793 1265; x_wconf 84' lang='lat' dir='ltr'><strong>procul</strong></span> <span class='ocrx_word' id='word_1_95' title='bbox 802 1227 871 1255; x_wconf 84' lang='lat' dir='ltr'><strong>este</strong></span> <span class='ocrx_word' id='word_1_96' title='bbox 886 1235 945 1256; x_wconf 90' lang='lat' dir='ltr'><strong>so-</strong></span> 
     </span>
     <span class='ocr_line' id='line_1_17' title="bbox 271 1273 944 1318; baseline 0.006 -14"><span class='ocrx_word' id='word_1_97' title='bbox 271 1284 367 1312; x_wconf 78' lang='lat' dir='ltr'><strong>mres.</strong></span> <span class='ocrx_word' id='word_1_98' title='bbox 382 1290 426 1298; x_wconf 91' lang='lat'><em>-</em></span> <span class='ocrx_word' id='word_1_99' title='bbox 447 1273 546 1318; x_wconf 82' lang='lat' dir='ltr'><strong>Regii</strong></span> <span class='ocrx_word' id='word_1_100' title='bbox 571 1274 681 1308; x_wconf 83' lang='lat' dir='ltr'><strong>nostri</strong></span> <span class='ocrx_word' id='word_1_101' title='bbox 696 1299 705 1316; x_wconf 86' lang='lat'>,</span> <span class='ocrx_word' id='word_1_102' title='bbox 720 1279 889 1317; x_wconf 49' lang='lat' dir='ltr'><strong>parentem*</strong></span> <span class='ocrx_word' id='word_1_103' title='bbox 901 1292 944 1301; x_wconf 87' lang='lat'><strong>—-</strong></span> 
     </span>
     <span class='ocr_line' id='line_1_18' title="bbox 273 1322 945 1360; baseline 0.006 -4"><span class='ocrx_word' id='word_1_104' title='bbox 273 1322 403 1357; x_wconf 86' lang='lat' dir='ltr'><strong>Versus</strong></span> <span class='ocrx_word' id='word_1_105' title='bbox 427 1324 486 1358; x_wconf 78' lang='lat'><strong>301</strong></span> <span class='ocrx_word' id='word_1_106' title='bbox 519 1324 615 1359; x_wconf 90' lang='lat' dir='ltr'><strong>deest</strong></span> <span class='ocrx_word' id='word_1_107' title='bbox 639 1325 675 1359; x_wconf 91' lang='lat' dir='ltr'><strong>in</strong></span> <span class='ocrx_word' id='word_1_108' title='bbox 699 1324 828 1360; x_wconf 86' lang='lat' dir='ltr'><strong>Codice</strong></span> <span class='ocrx_word' id='word_1_109' title='bbox 854 1325 885 1359; x_wconf 87' lang='lat' dir='ltr'>A</span> <span class='ocrx_word' id='word_1_110' title='bbox 909 1332 945 1360; x_wconf 86' lang='lat' dir='ltr'><strong>et</strong></span> 
     </span>
     <span class='ocr_line' id='line_1_19' title="bbox 274 1376 944 1423; baseline 0.006 -15"><span class='ocrx_word' id='word_1_111' title='bbox 274 1376 420 1420; x_wconf 87' lang='lat' dir='ltr'><strong>margini</strong></span> <span class='ocrx_word' id='word_1_112' title='bbox 431 1377 472 1410; x_wconf 91' lang='lat' dir='ltr'><strong>ab</strong></span> <span class='ocrx_word' id='word_1_113' title='bbox 484 1376 546 1410; x_wconf 89' lang='lat' dir='ltr'><strong>alia</strong></span> <span class='ocrx_word' id='word_1_114' title='bbox 557 1378 735 1412; x_wconf 85' lang='lat' dir='ltr'><strong>manusuit</strong></span> <span class='ocrx_word' id='word_1_115' title='bbox 745 1378 944 1423; x_wconf 87' lang='lat' dir='ltr'><strong>inscriptus:</strong></span> 
     </span>
     <span class='ocr_line' id='line_1_20' title="bbox 275 1428 945 1473; baseline 0.004 -13"><span class='ocrx_word' id='word_1_116' title='bbox 275 1438 378 1471; x_wconf 88' lang='lat' dir='ltr'><strong>quem</strong></span> <span class='ocrx_word' id='word_1_117' title='bbox 395 1428 532 1462; x_wconf 87' lang='lat' dir='ltr'><strong>Nasone</strong></span> <span class='ocrx_word' id='word_1_118' title='bbox 549 1428 695 1473; x_wconf 87' lang='lat' dir='ltr'><strong>dignum</strong></span> <span class='ocrx_word' id='word_1_119' title='bbox 712 1430 869 1463; x_wconf 84' lang='lat' dir='ltr'><strong>arbitror.</strong></span> <span class='ocrx_word' id='word_1_120' title='bbox 879 1431 945 1463; x_wconf 88' lang='lat' dir='ltr'><strong>Ed.</strong></span> 
     </span>
     <span class='ocr_line' id='line_1_21' title="bbox 274 1480 945 1525; baseline 0.006 -14"><span class='ocrx_word' id='word_1_121' title='bbox 274 1496 317 1504; x_wconf 92' lang='lat'><strong>—-</strong></span> <span class='ocrx_word' id='word_1_122' title='bbox 336 1480 537 1513; x_wconf 81' lang='lat' dir='ltr'><strong>Mulcebunt.</strong></span> <span class='ocrx_word' id='word_1_123' title='bbox 554 1480 755 1514; x_wconf 87' lang='lat' dir='ltr'><strong>Verborum</strong></span> <span class='ocrx_word' id='word_1_124' title='bbox 775 1481 945 1525; x_wconf 82' lang='lat' dir='ltr'><strong>elegantia</strong></span> 
     </span>
     <span class='ocr_line' id='line_1_22' title="bbox 274 1530 944 1575; baseline 0.001 -10"><span class='ocrx_word' id='word_1_125' title='bbox 274 1537 309 1565; x_wconf 82' lang='lat' dir='ltr'><strong>et</strong></span> <span class='ocrx_word' id='word_1_126' title='bbox 327 1530 513 1564; x_wconf 80' lang='lat' dir='ltr'><strong>affectuum</strong></span> <span class='ocrx_word' id='word_1_127' title='bbox 527 1531 723 1575; x_wconf 88' lang='lat' dir='ltr'><strong>notatione,</strong></span> <span class='ocrx_word' id='word_1_128' title='bbox 736 1544 803 1575; x_wconf 91' lang='lat' dir='ltr'><strong>qua</strong></span> <span class='ocrx_word' id='word_1_129' title='bbox 814 1532 944 1566; x_wconf 90' lang='lat' dir='ltr'><strong>mirum</strong></span> 
     </span>
     <span class='ocr_line' id='line_1_23' title="bbox 275 1581 944 1618; baseline 0.001 -2"><span class='ocrx_word' id='word_1_130' title='bbox 275 1581 310 1616; x_wconf 82' lang='lat' dir='ltr'><strong>in</strong></span> <span class='ocrx_word' id='word_1_131' title='bbox 329 1583 474 1617; x_wconf 89' lang='lat' dir='ltr'><strong>modum</strong></span> <span class='ocrx_word' id='word_1_132' title='bbox 493 1596 528 1617; x_wconf 91' lang='lat' dir='ltr'><strong>se</strong></span> <span class='ocrx_word' id='word_1_133' title='bbox 553 1583 776 1618; x_wconf 83' lang='lat' dir='ltr'><strong>commendat</strong></span> <span class='ocrx_word' id='word_1_134' title='bbox 798 1584 870 1618; x_wconf 75' lang='lat' dir='ltr'><strong>haec,</strong></span> <span class='ocrx_word' id='word_1_135' title='bbox 886 1585 944 1617; x_wconf 85' lang='lat' dir='ltr'><strong>fa—</strong></span> 
     </span>
     <span class='ocr_line' id='line_1_24' title="bbox 275 1634 946 1677; baseline 0 -10"><span class='ocrx_word' id='word_1_136' title='bbox 275 1634 374 1677; x_wconf 90' lang='lat' dir='ltr'><strong>bula,</strong></span> <span class='ocrx_word' id='word_1_137' title='bbox 403 1635 574 1668; x_wconf 84' lang='lat' dir='ltr'><strong>tenebunt</strong></span> <span class='ocrx_word' id='word_1_138' title='bbox 597 1642 631 1669; x_wconf 85' lang='lat' dir='ltr'><strong>et</strong></span> <span class='ocrx_word' id='word_1_139' title='bbox 657 1635 886 1669; x_wconf 87' lang='lat' dir='ltr'><strong>delectabunt.</strong></span> <span class='ocrx_word' id='word_1_140' title='bbox 902 1646 946 1660; x_wconf 64' lang='lat'><strong>-‘-</strong></span> 
     </span>
     <span class='ocr_line' id='line_1_25' title="bbox 278 1685 945 1730; baseline 0 -12"><span class='ocrx_word' id='word_1_141' title='bbox 278 1687 345 1721; x_wconf 79' lang='lat' dir='ltr'><strong>Nec</strong></span> <span class='ocrx_word' id='word_1_142' title='bbox 360 1688 491 1720; x_wconf 76' lang='lat' dir='ltr'><strong>credite.</strong></span> <span class='ocrx_word' id='word_1_143' title='bbox 506 1686 598 1721; x_wconf 92' lang='lat' dir='ltr'><strong>Octo</strong></span> <span class='ocrx_word' id='word_1_144' title='bbox 615 1687 672 1730; x_wconf 93' lang='lat' dir='ltr'><strong>(et</strong></span> <span class='ocrx_word' id='word_1_145' title='bbox 684 1693 800 1720; x_wconf 82' lang='lat' dir='ltr'><strong>noster</strong></span> <span class='ocrx_word' id='word_1_146' title='bbox 816 1685 945 1729; x_wconf 86' lang='lat' dir='ltr'><strong>Regius</strong></span> 
     </span>
     <span class='ocr_line' id='line_1_26' title="bbox 274 1736 946 1782; baseline -0.001 -11"><span class='ocrx_word' id='word_1_147' title='bbox 274 1738 304 1771; x_wconf 94' lang='lat' dir='ltr'>B</span> <span class='ocrx_word' id='word_1_148' title='bbox 317 1737 332 1782; x_wconf 96' lang='lat'>)</span> <span class='ocrx_word' id='word_1_149' title='bbox 348 1751 389 1771; x_wconf 86' lang='lat' dir='ltr'><strong>ne</strong></span> <span class='ocrx_word' id='word_1_150' title='bbox 398 1739 679 1772; x_wconf 60' lang='lat' dir='ltr'><strong>credita—Facti.</strong></span> <span class='ocrx_word' id='word_1_151' title='bbox 693 1737 856 1772; x_wconf 91' lang='lat' dir='ltr'><strong>Cantabr.</strong></span> <span class='ocrx_word' id='word_1_152' title='bbox 861 1736 946 1780; x_wconf 85' lang='lat' dir='ltr'><strong>sac-</strong></span> 
     </span>
     <span class='ocr_line' id='line_1_27' title="bbox 273 1787 945 1833; baseline -0.001 -11"><span class='ocrx_word' id='word_1_153' title='bbox 273 1793 319 1823; x_wconf 82' lang='lat' dir='ltr'><strong>tis</strong></span> <span class='ocrx_word' id='word_1_154' title='bbox 328 1801 339 1830; x_wconf 92' lang='lat'><strong>,·</strong></span> <span class='ocrx_word' id='word_1_155' title='bbox 352 1789 516 1823; x_wconf 88' lang='lat' dir='ltr'><strong>Heinsius</strong></span> <span class='ocrx_word' id='word_1_156' title='bbox 524 1789 673 1823; x_wconf 83' lang='lat' dir='ltr'><strong>malebat</strong></span> <span class='ocrx_word' id='word_1_157' title='bbox 673 1787 945 1833; x_wconf 68' lang='lat' dir='ltr'><strong>sacta—Ambo</strong></span> 
     </span>
     <span class='ocr_line' id='line_1_28' title="bbox 277 1839 743 1886; baseline 0 -11"><span class='ocrx_word' id='word_1_158' title='bbox 277 1841 386 1875; x_wconf 85' lang='lat' dir='ltr'><strong>nostri</strong></span> <span class='ocrx_word' id='word_1_159' title='bbox 404 1841 502 1886; x_wconf 84' lang='lat' dir='ltr'><strong>Regii</strong></span> <span class='ocrx_word' id='word_1_160' title='bbox 515 1840 633 1884; x_wconf 63' lang='lat' dir='ltr'><strong>,facttl</strong></span> <span class='ocrx_word' id='word_1_161' title='bbox 738 1839 743 1846; x_wconf 50' lang='lat'><em>³</em></span> 
     </span>
    </p>

    <p class='ocr_par' dir='ltr' id='par_1_9' title="bbox 274 1891 949 2761">
     <span class='ocr_line' id='line_1_29' title="bbox 319 1891 946 1928; baseline 0.003 -3"><span class='ocrx_word' id='word_1_162' title='bbox 319 1893 394 1926; x_wconf 87' lang='lat'>305.</span> <span class='ocrx_word' id='word_1_163' title='bbox 422 1894 594 1927; x_wconf 80' lang='lat' dir='ltr'><strong>Gentibus.</strong></span> <span class='ocrx_word' id='word_1_164' title='bbox 621 1892 690 1928; x_wconf 88' lang='lat' dir='ltr'><strong>Hic</strong></span> <span class='ocrx_word' id='word_1_165' title='bbox 712 1905 829 1928; x_wconf 84' lang='lat' dir='ltr'><strong>versus</strong></span> <span class='ocrx_word' id='word_1_166' title='bbox 851 1891 946 1927; x_wconf 77' lang='lat' dir='ltr'><strong>deest</strong></span> 
     </span>
     <span class='ocr_line' id='line_1_30' title="bbox 276 1943 945 1989; baseline 0 -12"><span class='ocrx_word' id='word_1_167' title='bbox 276 1944 312 1977; x_wconf 89' lang='lat' dir='ltr'><strong>in</strong></span> <span class='ocrx_word' id='word_1_168' title='bbox 330 1943 535 1978; x_wconf 82' lang='lat' dir='ltr'><strong>Florentino</strong></span> <span class='ocrx_word' id='word_1_169' title='bbox 559 1944 595 1978; x_wconf 93' lang='lat' dir='ltr'><strong>S.</strong></span> <span class='ocrx_word' id='word_1_170' title='bbox 617 1944 751 1987; x_wconf 88' lang='lat' dir='ltr'><strong>Marci,</strong></span> <span class='ocrx_word' id='word_1_171' title='bbox 777 1944 945 1989; x_wconf 82' lang='lat' dir='ltr'><strong>probante</strong></span> 
     </span>
     <span class='ocr_line' id='line_1_31' title="bbox 276 1995 947 2041; baseline 0.001 -13"><span class='ocrx_word' id='word_1_172' title='bbox 276 1996 493 2030; x_wconf 84' lang='lat' dir='ltr'><strong>Burmanno.</strong></span> <span class='ocrx_word' id='word_1_173' title='bbox 504 1995 626 2030; x_wconf 88' lang='lat' dir='ltr'><strong>—Sed</strong></span> <span class='ocrx_word' id='word_1_174' title='bbox 637 1996 763 2041; x_wconf 85' lang='lat' dir='ltr'><strong>legitur</strong></span> <span class='ocrx_word' id='word_1_175' title='bbox 774 1996 809 2030; x_wconf 89' lang='lat' dir='ltr'><strong>in</strong></span> <span class='ocrx_word' id='word_1_176' title='bbox 822 1995 947 2029; x_wconf 87' lang='lat' dir='ltr'><strong>nostris</strong></span> 
     </span>
     <span class='ocr_line' id='line_1_32' title="bbox 276 2046 947 2092; baseline -0.001 -11"><span class='ocrx_word' id='word_1_177' title='bbox 276 2046 403 2092; x_wconf 80' lang='lat' dir='ltr'><strong>Regiis.</strong></span> <span class='ocrx_word' id='word_1_178' title='bbox 419 2064 463 2073; x_wconf 85' lang='lat'><strong>--</strong></span> <span class='ocrx_word' id='word_1_179' title='bbox 479 2049 632 2082; x_wconf 74' lang='lat' dir='ltr'><strong>Ismariis</strong></span> <span class='ocrx_word' id='word_1_180' title='bbox 644 2074 652 2088; x_wconf 93' lang='lat'>‚</span> <span class='ocrx_word' id='word_1_181' title='bbox 676 2046 868 2081; x_wconf 82' lang='lat' dir='ltr'><strong>Thracibus</strong></span> <span class='ocrx_word' id='word_1_182' title='bbox 879 2072 888 2089; x_wconf 86' lang='lat'>‚</span> <span class='ocrx_word' id='word_1_183' title='bbox 905 2047 947 2080; x_wconf 89' lang='lat' dir='ltr'><strong>ab</strong></span> 
     </span>
     <span class='ocr_line' id='line_1_33' title="bbox 274 2099 945 2141; baseline -0.001 -8"><span class='ocrx_word' id='word_1_184' title='bbox 274 2100 414 2138; x_wconf 80' lang='lat' dir='ltr'><strong>Ismaro,</strong></span> <span class='ocrx_word' id='word_1_185' title='bbox 423 2099 716 2133; x_wconf 86' lang='lat' dir='ltr'><strong>monteThraciae.</strong></span> <span class='ocrx_word' id='word_1_186' title='bbox 726 2100 945 2141; x_wconf 87' lang='lat' dir='ltr'><strong>Burmanno,</strong></span> 
     </span>
     <span class='ocr_line' id='line_1_34' title="bbox 277 2150 946 2195; baseline 0.001 -11"><span class='ocrx_word' id='word_1_187' title='bbox 277 2151 336 2195; x_wconf 88' lang='lat' dir='ltr'><strong>qui</strong></span> <span class='ocrx_word' id='word_1_188' title='bbox 345 2157 443 2195; x_wconf 85' lang='lat' dir='ltr'><strong>putat</strong></span> <span class='ocrx_word' id='word_1_189' title='bbox 452 2176 461 2194; x_wconf 90' lang='lat'>,</span> <span class='ocrx_word' id='word_1_190' title='bbox 470 2150 542 2185; x_wconf 82' lang='lat' dir='ltr'><strong>haec</strong></span> <span class='ocrx_word' id='word_1_191' title='bbox 553 2164 593 2185; x_wconf 90' lang='lat' dir='ltr'><strong>ex</strong></span> <span class='ocrx_word' id='word_1_192' title='bbox 601 2164 660 2185; x_wconf 88' lang='lat' dir='ltr'><strong>sua</strong></span> <span class='ocrx_word' id='word_1_193' title='bbox 671 2164 817 2195; x_wconf 88' lang='lat' dir='ltr'><strong>persona</strong></span> <span class='ocrx_word' id='word_1_194' title='bbox 828 2150 946 2185; x_wconf 85' lang='lat' dir='ltr'><strong>dixisse</strong></span> 
     </span>
     <span class='ocr_line' id='line_1_35' title="bbox 279 2202 949 2247; baseline -0.001 -11"><span class='ocrx_word' id='word_1_195' title='bbox 279 2202 446 2237; x_wconf 87' lang='lat' dir='ltr'><strong>Ovidium</strong></span> <span class='ocrx_word' id='word_1_196' title='bbox 461 2228 470 2245; x_wconf 91' lang='lat'>,</span> <span class='ocrx_word' id='word_1_197' title='bbox 486 2202 616 2235; x_wconf 86' lang='lat' dir='ltr'><strong>mirum</strong></span> <span class='ocrx_word' id='word_1_198' title='bbox 632 2202 769 2236; x_wconf 85' lang='lat' dir='ltr'><strong>videtur</strong></span> <span class='ocrx_word' id='word_1_199' title='bbox 780 2228 789 2244; x_wconf 86' lang='lat'>,</span> <span class='ocrx_word' id='word_1_200' title='bbox 807 2202 853 2236; x_wconf 83' lang='lat' dir='ltr'><strong>ita</strong></span> <span class='ocrx_word' id='word_1_201' title='bbox 869 2214 949 2247; x_wconf 61' lang='lat' dir='ltr'><strong>gra*-</strong></span> 
     </span>
     <span class='ocr_line' id='line_1_36' title="bbox 278 2251 946 2298; baseline -0.003 -10"><span class='ocrx_word' id='word_1_202' title='bbox 278 2253 377 2288; x_wconf 84' lang='lat' dir='ltr'><strong>tulari</strong></span> <span class='ocrx_word' id='word_1_203' title='bbox 393 2260 531 2298; x_wconf 82' lang='lat' dir='ltr'><strong>poetam</strong></span> <span class='ocrx_word' id='word_1_204' title='bbox 547 2253 704 2287; x_wconf 84' lang='lat' dir='ltr'><strong>Thraciae</strong></span> <span class='ocrx_word' id='word_1_205' title='bbox 723 2279 731 2295; x_wconf 86' lang='lat'>,</span> <span class='ocrx_word' id='word_1_206' title='bbox 757 2253 816 2287; x_wconf 93' lang='lat' dir='ltr'><strong>ubi</strong></span> <span class='ocrx_word' id='word_1_207' title='bbox 841 2251 946 2286; x_wconf 87' lang='lat' dir='ltr'><strong>modo</strong></span> 
     </span>
     <span class='ocr_line' id='line_1_37' title="bbox 275 2305 946 2351; baseline -0.001 -11"><span class='ocrx_word' id='word_1_208' title='bbox 275 2320 361 2341; x_wconf 85' lang='lat' dir='ltr'><strong>vers.</strong></span> <span class='ocrx_word' id='word_1_209' title='bbox 378 2307 419 2340; x_wconf 79' lang='lat'><strong>83</strong></span> <span class='ocrx_word' id='word_1_210' title='bbox 432 2332 442 2350; x_wconf 93' lang='lat'><strong><em>‚</em></strong></span> <span class='ocrx_word' id='word_1_211' title='bbox 462 2306 625 2351; x_wconf 84' lang='lat' dir='ltr'><strong>Orpheus</strong></span> <span class='ocrx_word' id='word_1_212' title='bbox 642 2305 826 2348; x_wconf 80' lang='lat' dir='ltr'><strong>docuerat,</strong></span> <span class='ocrx_word' id='word_1_213' title='bbox 843 2318 946 2339; x_wconf 89' lang='lat' dir='ltr'><strong>amo-</strong></span> 
     </span>
     <span class='ocr_line' id='line_1_38' title="bbox 278 2358 944 2400; baseline -0.003 -8"><span class='ocrx_word' id='word_1_214' title='bbox 278 2371 354 2392; x_wconf 86' lang='lat' dir='ltr'><strong>rem</strong></span> <span class='ocrx_word' id='word_1_215' title='bbox 375 2358 411 2392; x_wconf 88' lang='lat' dir='ltr'><strong>in</strong></span> <span class='ocrx_word' id='word_1_216' title='bbox 435 2365 574 2393; x_wconf 87' lang='lat' dir='ltr'><strong>teneros</strong></span> <span class='ocrx_word' id='word_1_217' title='bbox 596 2358 781 2392; x_wconf 83' lang='lat' dir='ltr'><strong>transferre</strong></span> <span class='ocrx_word' id='word_1_218' title='bbox 807 2370 919 2391; x_wconf 89' lang='lat' dir='ltr'><strong>mares</strong></span> <span class='ocrx_word' id='word_1_219' title='bbox 935 2383 944 2400; x_wconf 89' lang='lat'>‚</span> 
     </span>
     <span class='ocr_line' id='line_1_39' title="bbox 278 2409 946 2454; baseline 0.001 -11"><span class='ocrx_word' id='word_1_220' title='bbox 278 2410 373 2453; x_wconf 81' lang='lat' dir='ltr'><strong>quasi</strong></span> <span class='ocrx_word' id='word_1_221' title='bbox 397 2410 597 2454; x_wconf 80' lang='lat' dir='ltr'><strong>paederastia</strong></span> <span class='ocrx_word' id='word_1_222' title='bbox 623 2409 738 2443; x_wconf 87' lang='lat' dir='ltr'><strong>minus</strong></span> <span class='ocrx_word' id='word_1_223' title='bbox 761 2409 867 2444; x_wconf 88' lang='lat' dir='ltr'><strong>scelus</strong></span> <span class='ocrx_word' id='word_1_224' title='bbox 883 2410 946 2444; x_wconf 88' lang='lat' dir='ltr'><strong>in·-</strong></span> 
     </span>
     <span class='ocr_line' id='line_1_40' title="bbox 279 2460 946 2494; baseline 0 0"><span class='ocrx_word' id='word_1_225' title='bbox 279 2467 370 2494; x_wconf 68' lang='lat' dir='ltr'><strong>cesto</strong></span> <span class='ocrx_word' id='word_1_226' title='bbox 388 2468 485 2494; x_wconf 87' lang='lat' dir='ltr'><strong>esset.</strong></span> <span class='ocrx_word' id='word_1_227' title='bbox 512 2460 594 2494; x_wconf 83' lang='lat' dir='ltr'><strong>Fuit</strong></span> <span class='ocrx_word' id='word_1_228' title='bbox 611 2473 692 2494; x_wconf 87' lang='lat' dir='ltr'><strong>sane</strong></span> <span class='ocrx_word' id='word_1_229' title='bbox 710 2460 825 2494; x_wconf 89' lang='lat' dir='ltr'><strong>minus</strong></span> <span class='ocrx_word' id='word_1_230' title='bbox 839 2460 946 2494; x_wconf 85' lang='lat' dir='ltr'><strong>scelus</strong></span> 
     </span>
     <span class='ocr_line' id='line_1_41' title="bbox 279 2509 944 2556; baseline 0.002 -12"><span class='ocrx_word' id='word_1_231' title='bbox 279 2524 319 2544; x_wconf 82' lang='lat' dir='ltr'><strong>ex</strong></span> <span class='ocrx_word' id='word_1_232' title='bbox 334 2509 497 2556; x_wconf 81' lang='lat' dir='ltr'><strong>opinione</strong></span> <span class='ocrx_word' id='word_1_233' title='bbox 510 2511 778 2556; x_wconf 84' lang='lat' dir='ltr'><strong>paederastarum</strong></span> <span class='ocrx_word' id='word_1_234' title='bbox 788 2537 797 2554; x_wconf 93' lang='lat'>,</span> <span class='ocrx_word' id='word_1_235' title='bbox 816 2518 850 2545; x_wconf 82' lang='lat' dir='ltr'><strong>et</strong></span> <span class='ocrx_word' id='word_1_236' title='bbox 866 2523 944 2545; x_wconf 88' lang='lat' dir='ltr'><strong>om-</strong></span> 
     </span>
     <span class='ocr_line' id='line_1_42' title="bbox 277 2563 946 2609; baseline 0.003 -13"><span class='ocrx_word' id='word_1_237' title='bbox 277 2564 362 2597; x_wconf 87' lang='lat' dir='ltr'><strong>nino</strong></span> <span class='ocrx_word' id='word_1_238' title='bbox 379 2563 582 2598; x_wconf 76' lang='lat' dir='ltr'><strong>Graecorum</strong></span> <span class='ocrx_word' id='word_1_239' title='bbox 601 2578 609 2605; x_wconf 91' lang='lat'>;</span> <span class='ocrx_word' id='word_1_240' title='bbox 634 2577 695 2599; x_wconf 90' lang='lat' dir='ltr'><strong>sua</strong></span> <span class='ocrx_word' id='word_1_241' title='bbox 710 2565 805 2598; x_wconf 89' lang='lat' dir='ltr'><strong>enim</strong></span> <span class='ocrx_word' id='word_1_242' title='bbox 822 2564 946 2609; x_wconf 85' lang='lat' dir='ltr'><strong>cuique</strong></span> 
     </span>
     <span class='ocr_line' id='line_1_43' title="bbox 276 2614 948 2660; baseline 0.003 -13"><span class='ocrx_word' id='word_1_243' title='bbox 276 2614 403 2660; x_wconf 83' lang='lat' dir='ltr'><strong>flagitia</strong></span> <span class='ocrx_word' id='word_1_244' title='bbox 423 2615 518 2660; x_wconf 86' lang='lat' dir='ltr'><strong>parvi</strong></span> <span class='ocrx_word' id='word_1_245' title='bbox 542 2615 714 2649; x_wconf 83' lang='lat' dir='ltr'><strong>momenti</strong></span> <span class='ocrx_word' id='word_1_246' title='bbox 738 2629 808 2650; x_wconf 83' lang='lat' dir='ltr'><strong>esse</strong></span> <span class='ocrx_word' id='word_1_247' title='bbox 825 2615 948 2649; x_wconf 82' lang='lat' dir='ltr'><strong>viden-</strong></span> 
     </span>
     <span class='ocr_line' id='line_1_44' title="bbox 276 2667 945 2711; baseline 0.001 -12"><span class='ocrx_word' id='word_1_248' title='bbox 276 2672 342 2699; x_wconf 80' lang='lat' dir='ltr'><strong>tur.</strong></span> <span class='ocrx_word' id='word_1_249' title='bbox 354 2684 396 2692; x_wconf 85' lang='lat'><strong>-—</strong></span> <span class='ocrx_word' id='word_1_250' title='bbox 411 2668 532 2701; x_wconf 84' lang='lat' dir='ltr'><strong>Nostro</strong></span> <span class='ocrx_word' id='word_1_251' title='bbox 543 2670 622 2707; x_wconf 81' lang='lat' dir='ltr'><strong>orbi,</strong></span> <span class='ocrx_word' id='word_1_252' title='bbox 637 2667 724 2711; x_wconf 84' lang='lat' dir='ltr'><strong>parti</strong></span> <span class='ocrx_word' id='word_1_253' title='bbox 736 2667 826 2700; x_wconf 84' lang='lat' dir='ltr'><strong>orbis</strong></span> <span class='ocrx_word' id='word_1_254' title='bbox 840 2674 945 2702; x_wconf 83' lang='lat' dir='ltr'><strong>terra-</strong></span> 
     </span>
     <span class='ocr_line' id='line_1_45' title="bbox 277 2717 944 2761; baseline 0.004 -12"><span class='ocrx_word' id='word_1_255' title='bbox 277 2729 355 2750; x_wconf 81' lang='lat' dir='ltr'><strong>rum</strong></span> <span class='ocrx_word' id='word_1_256' title='bbox 369 2742 378 2759; x_wconf 95' lang='lat'><em>,</em></span> <span class='ocrx_word' id='word_1_257' title='bbox 408 2730 511 2761; x_wconf 88' lang='lat' dir='ltr'><strong>quam</strong></span> <span class='ocrx_word' id='word_1_258' title='bbox 540 2730 604 2752; x_wconf 88' lang='lat' dir='ltr'><strong>nos</strong></span> <span class='ocrx_word' id='word_1_259' title='bbox 631 2718 823 2752; x_wconf 87' lang='lat' dir='ltr'><strong>incolimus.</strong></span> <span class='ocrx_word' id='word_1_260' title='bbox 849 2717 944 2753; x_wconf 84' lang='lat' dir='ltr'><strong>Male</strong></span> 
     </span>
    </p>
   </div>
   <div class='ocr_carea' id='block_1_8' title="bbox 998 1065 1682 2762">
    <p class='ocr_par' dir='ltr' id='par_1_10' title="bbox 998 1065 1682 2762">
     <span class='ocr_line' id='line_1_46' title="bbox 1009 1065 1678 1110; baseline -0.001 -9"><span class='ocrx_word' id='word_1_261' title='bbox 1009 1067 1098 1102; x_wconf 84' lang='lat' dir='ltr'><strong>Rod.</strong></span> <span class='ocrx_word' id='word_1_262' title='bbox 1111 1093 1120 1110; x_wconf 90' lang='lat'>,</span> <span class='ocrx_word' id='word_1_263' title='bbox 1133 1080 1249 1101; x_wconf 84' lang='lat' dir='ltr'><strong>unsrer</strong></span> <span class='ocrx_word' id='word_1_264' title='bbox 1263 1065 1678 1100; x_wconf 69' lang='lat' dir='ltr'><strong>Hun-Gratulan&#39;nune</strong></span> 
     </span>
     <span class='ocr_line' id='line_1_47' title="bbox 1007 1117 1676 1164; baseline -0.003 -10"><span class='ocrx_word' id='word_1_265' title='bbox 1007 1120 1142 1154; x_wconf 79' lang='lat' dir='ltr'><strong>felicem</strong></span> <span class='ocrx_word' id='word_1_266' title='bbox 1151 1119 1355 1164; x_wconf 66' lang='lat' dir='ltr'><strong>praedicare,</strong></span> <span class='ocrx_word' id='word_1_267' title='bbox 1371 1125 1409 1153; x_wconf 84' lang='lat' dir='ltr'><strong>ut</strong></span> <span class='ocrx_word' id='word_1_268' title='bbox 1420 1118 1493 1161; x_wconf 68' lang='grc' dir='ltr'><strong>ΠΙ,</strong></span> <span class='ocrx_word' id='word_1_269' title='bbox 1507 1118 1583 1158; x_wconf 54' lang='lat' dir='ltr'><strong>Ar&amp;</strong></span> <span class='ocrx_word' id='word_1_270' title='bbox 1596 1117 1676 1152; x_wconf 79' lang='lat' dir='ltr'><strong>Am.</strong></span> 
     </span>
     <span class='ocr_line' id='line_1_48' title="bbox 1012 1168 1678 1213; baseline -0.002 -10"><span class='ocrx_word' id='word_1_271' title='bbox 1012 1183 1082 1203; x_wconf 74' lang='lat'><strong>121.</strong></span> <span class='ocrx_word' id='word_1_272' title='bbox 1095 1188 1139 1196; x_wconf 90' lang='lat'><strong>—-</strong></span> <span class='ocrx_word' id='word_1_273' title='bbox 1160 1172 1299 1204; x_wconf 82' lang='lat' dir='ltr'><strong>Tantum</strong></span> <span class='ocrx_word' id='word_1_274' title='bbox 1326 1169 1424 1213; x_wconf 72' lang='lat' dir='ltr'><strong>nefas</strong></span> <span class='ocrx_word' id='word_1_275' title='bbox 1444 1196 1452 1210; x_wconf 85' lang='lat'>,</span> <span class='ocrx_word' id='word_1_276' title='bbox 1476 1176 1550 1203; x_wconf 89' lang='lat' dir='ltr'><strong>tam</strong></span> <span class='ocrx_word' id='word_1_277' title='bbox 1570 1168 1678 1203; x_wconf 78' lang='lat' dir='ltr'><strong>nesa-</strong></span> 
     </span>
     <span class='ocr_line' id='line_1_49' title="bbox 1010 1219 1678 1266; baseline 0 -12"><span class='ocrx_word' id='word_1_278' title='bbox 1010 1221 1099 1254; x_wconf 85' lang='lat' dir='ltr'><strong>riam</strong></span> <span class='ocrx_word' id='word_1_279' title='bbox 1114 1221 1309 1256; x_wconf 88' lang='lat' dir='ltr'><strong>mulierem.</strong></span> <span class='ocrx_word' id='word_1_280' title='bbox 1327 1222 1382 1256; x_wconf 84' lang='lat' dir='ltr'><strong>Ab</strong></span> <span class='ocrx_word' id='word_1_281' title='bbox 1397 1221 1513 1266; x_wconf 75' lang='lat' dir='ltr'><strong>impiis</strong></span> <span class='ocrx_word' id='word_1_282' title='bbox 1525 1219 1678 1254; x_wconf 84' lang='lat' dir='ltr'><strong>homini-</strong></span> 
     </span>
     <span class='ocr_line' id='line_1_50' title="bbox 1007 1271 1678 1317; baseline -0.001 -12"><span class='ocrx_word' id='word_1_283' title='bbox 1007 1271 1070 1306; x_wconf 88' lang='lat' dir='ltr'><strong>bus</strong></span> <span class='ocrx_word' id='word_1_284' title='bbox 1082 1285 1185 1316; x_wconf 88' lang='lat' dir='ltr'><strong>quam</strong></span> <span class='ocrx_word' id='word_1_285' title='bbox 1194 1273 1414 1308; x_wconf 84' lang='lat' dir='ltr'><strong>remotissimi</strong></span> <span class='ocrx_word' id='word_1_286' title='bbox 1427 1284 1499 1307; x_wconf 81' lang='lat' dir='ltr'><strong>esse</strong></span> <span class='ocrx_word' id='word_1_287' title='bbox 1512 1271 1678 1317; x_wconf 78' lang='lat' dir='ltr'><strong>cupimus.</strong></span> 
     </span>
     <span class='ocr_line' id='line_1_51' title="bbox 1052 1323 1675 1371; baseline -0.002 -13"><span class='ocrx_word' id='word_1_288' title='bbox 1052 1325 1125 1360; x_wconf 82' lang='lat'><strong>308.</strong></span> <span class='ocrx_word' id='word_1_289' title='bbox 1139 1328 1362 1371; x_wconf 78' lang='lat' dir='ltr'><strong>Ct&#39;nnamaque</strong></span> <span class='ocrx_word' id='word_1_290' title='bbox 1368 1331 1558 1369; x_wconf 57' lang='lat' dir='ltr'><strong>costumque</strong></span> <span class='ocrx_word' id='word_1_291' title='bbox 1564 1323 1675 1364; x_wconf 55' lang='lat' dir='ltr'><strong>suam?</strong></span> 
     </span>
     <span class='ocr_line' id='line_1_52' title="bbox 1011 1375 1680 1422; baseline -0.004 -12"><span class='ocrx_word' id='word_1_292' title='bbox 1011 1375 1131 1410; x_wconf 85' lang='lat' dir='ltr'><strong>Codex</strong></span> <span class='ocrx_word' id='word_1_293' title='bbox 1154 1377 1282 1422; x_wconf 84' lang='lat' dir='ltr'><strong>Regius</strong></span> <span class='ocrx_word' id='word_1_294' title='bbox 1310 1377 1342 1412; x_wconf 89' lang='lat' dir='ltr'><strong>A</strong></span> <span class='ocrx_word' id='word_1_295' title='bbox 1355 1403 1365 1419; x_wconf 91' lang='lat'>‚</span> <span class='ocrx_word' id='word_1_296' title='bbox 1402 1378 1624 1419; x_wconf 46' lang='lat' dir='ltr'><strong>Genuamque,</strong></span> <span class='ocrx_word' id='word_1_297' title='bbox 1639 1379 1680 1407; x_wconf 65' lang='grc' dir='ltr'><strong>,αἱ</strong></span> 
     </span>
     <span class='ocr_line' id='line_1_53' title="bbox 1009 1429 1679 1474; baseline -0.001 -12"><span class='ocrx_word' id='word_1_298' title='bbox 1009 1435 1198 1474; x_wconf 82' lang='lat' dir='ltr'><strong>costumque</strong></span> <span class='ocrx_word' id='word_1_299' title='bbox 1204 1443 1309 1470; x_wconf 83' lang='lat' dir='ltr'><strong>suam,</strong></span> <span class='ocrx_word' id='word_1_300' title='bbox 1317 1429 1563 1465; x_wconf 83' lang='lat' dir='ltr'><strong>eodemerrore</strong></span> <span class='ocrx_word' id='word_1_301' title='bbox 1573 1431 1679 1472; x_wconf 82' lang='lat' dir='ltr'><strong>quem</strong></span> 
     </span>
     <span class='ocr_line' id='line_1_54' title="bbox 1009 1480 1677 1526; baseline 0 -12"><span class='ocrx_word' id='word_1_302' title='bbox 1009 1484 1203 1517; x_wconf 86' lang='lat' dir='ltr'><strong>notavimus</strong></span> <span class='ocrx_word' id='word_1_303' title='bbox 1213 1483 1255 1517; x_wconf 89' lang='lat' dir='ltr'><strong>ad</strong></span> <span class='ocrx_word' id='word_1_304' title='bbox 1267 1495 1405 1518; x_wconf 85' lang='lat' dir='ltr'><strong>versum</strong></span> <span class='ocrx_word' id='word_1_305' title='bbox 1418 1483 1491 1517; x_wconf 74' lang='lat'><strong>26².</strong></span> <span class='ocrx_word' id='word_1_306' title='bbox 1507 1480 1677 1526; x_wconf 63' lang='lat' dir='ltr'><strong>Regius-B</strong></span> 
     </span>
     <span class='ocr_line' id='line_1_55' title="bbox 1008 1534 1680 1577; baseline -0.001 -10"><span class='ocrx_word' id='word_1_307' title='bbox 1008 1534 1094 1568; x_wconf 84' lang='lat' dir='ltr'><strong>nihil</strong></span> <span class='ocrx_word' id='word_1_308' title='bbox 1113 1542 1235 1569; x_wconf 77' lang='lat' dir='ltr'><strong>mutat.</strong></span> <span class='ocrx_word' id='word_1_309' title='bbox 1250 1537 1315 1568; x_wconf 89' lang='lat' dir='ltr'><strong>Ed.</strong></span> <span class='ocrx_word' id='word_1_310' title='bbox 1331 1554 1374 1560; x_wconf 94' lang='lat'><strong>—</strong></span> <span class='ocrx_word' id='word_1_311' title='bbox 1390 1534 1459 1568; x_wconf 79' lang='lat' dir='ltr'><strong>Alii</strong></span> <span class='ocrx_word' id='word_1_312' title='bbox 1469 1559 1478 1576; x_wconf 94' lang='lat'>,</span> <span class='ocrx_word' id='word_1_313' title='bbox 1490 1539 1680 1577; x_wconf 70' lang='lat' dir='ltr'><strong>costumque</strong></span> 
     </span>
     <span class='ocr_line' id='line_1_56' title="bbox 1008 1583 1678 1620; baseline -0.001 -2"><span class='ocrx_word' id='word_1_314' title='bbox 1008 1585 1205 1620; x_wconf 69' lang='lat' dir='ltr'><strong>suu&#39;mNide</strong></span> <span class='ocrx_word' id='word_1_315' title='bbox 1219 1586 1415 1620; x_wconf 87' lang='lat' dir='ltr'><strong>Heinsium.</strong></span> <span class='ocrx_word' id='word_1_316' title='bbox 1428 1585 1483 1619; x_wconf 93' lang='lat' dir='ltr'><strong>De</strong></span> <span class='ocrx_word' id='word_1_317' title='bbox 1496 1589 1587 1619; x_wconf 78' lang='lat' dir='ltr'><em>costo</em></span> <span class='ocrx_word' id='word_1_318' title='bbox 1599 1583 1678 1617; x_wconf 84' lang='lat' dir='ltr'><strong>vide</strong></span> 
     </span>
     <span class='ocr_line' id='line_1_57' title="bbox 1008 1635 1679 1680; baseline -0.001 -10"><span class='ocrx_word' id='word_1_319' title='bbox 1008 1636 1108 1670; x_wconf 83' lang='lat' dir='ltr'><strong>insra.</strong></span> <span class='ocrx_word' id='word_1_320' title='bbox 1132 1655 1176 1662; x_wconf 89' lang='lat'><strong>—-</strong></span> <span class='ocrx_word' id='word_1_321' title='bbox 1198 1639 1373 1680; x_wconf 77' lang='lat' dir='ltr'><strong>Floresque</strong></span> <span class='ocrx_word' id='word_1_322' title='bbox 1398 1639 1497 1670; x_wconf 82' lang='lat' dir='ltr'><strong>alios.</strong></span> <span class='ocrx_word' id='word_1_323' title='bbox 1521 1635 1679 1680; x_wconf 83' lang='lat' dir='ltr'><strong>Quidam</strong></span> 
     </span>
     <span class='ocr_line' id='line_1_58' title="bbox 998 1686 1678 1730; baseline 0.001 -11"><span class='ocrx_word' id='word_1_324' title='bbox 998 1688 1165 1730; x_wconf 76' lang='lat' dir='ltr'><strong>floresque</strong></span> <span class='ocrx_word' id='word_1_325' title='bbox 1178 1690 1297 1722; x_wconf 74' lang='lat' dir='ltr'><strong>varios.</strong></span> <span class='ocrx_word' id='word_1_326' title='bbox 1311 1687 1456 1730; x_wconf 86' lang='lat' dir='ltr'><strong>Petitus,</strong></span> <span class='ocrx_word' id='word_1_327' title='bbox 1473 1686 1678 1721; x_wconf 78' lang='lat' dir='ltr'><strong>Comment-</strong></span> 
     </span>
     <span class='ocr_line' id='line_1_59' title="bbox 1010 1737 1680 1784; baseline 0 -13"><span class='ocrx_word' id='word_1_328' title='bbox 1010 1737 1046 1772; x_wconf 75' lang='lat' dir='ltr'><strong>in</strong></span> <span class='ocrx_word' id='word_1_329' title='bbox 1063 1737 1153 1782; x_wconf 76' lang='lat' dir='ltr'><strong>leges</strong></span> <span class='ocrx_word' id='word_1_330' title='bbox 1171 1738 1241 1772; x_wconf 84' lang='lat' dir='ltr'><strong>Att.</strong></span> <span class='ocrx_word' id='word_1_331' title='bbox 1265 1751 1297 1783; x_wconf 90' lang='lat' dir='ltr'><strong>p.</strong></span> <span class='ocrx_word' id='word_1_332' title='bbox 1317 1739 1378 1782; x_wconf 82' lang='lat'><strong>248</strong></span> <span class='ocrx_word' id='word_1_333' title='bbox 1395 1764 1405 1781; x_wconf 91' lang='lat'>,</span> <span class='ocrx_word' id='word_1_334' title='bbox 1430 1738 1570 1784; x_wconf 74' lang='lat' dir='ltr'><strong>corrigit</strong></span> <span class='ocrx_word' id='word_1_335' title='bbox 1589 1739 1680 1772; x_wconf 67' lang='lat' dir='ltr'><strong>Tum</strong></span> 
     </span>
     <span class='ocr_line' id='line_1_60' title="bbox 1001 1788 1682 1834; baseline 0 -12"><span class='ocrx_word' id='word_1_336' title='bbox 1001 1788 1099 1832; x_wconf 82' lang='lat' dir='ltr'><strong>serat</strong></span> <span class='ocrx_word' id='word_1_337' title='bbox 1109 1791 1283 1834; x_wconf 77' lang='lat' dir='ltr'><strong>(floresque</strong></span> <span class='ocrx_word' id='word_1_338' title='bbox 1290 1789 1398 1831; x_wconf 76' lang='lat' dir='ltr'><strong>alios)</strong></span> <span class='ocrx_word' id='word_1_339' title='bbox 1416 1791 1609 1824; x_wconf 76' lang='lat' dir='ltr'><strong>Panchaica</strong></span> <span class='ocrx_word' id='word_1_340' title='bbox 1621 1790 1682 1823; x_wconf 79' lang='lat' dir='ltr'><strong>tel-</strong></span> 
     </span>
     <span class='ocr_line' id='line_1_61' title="bbox 1011 1837 1679 1881; baseline 0.001 -7"><span class='ocrx_word' id='word_1_341' title='bbox 1011 1843 1081 1881; x_wconf 88' lang='lat' dir='ltr'><strong>lus,</strong></span> <span class='ocrx_word' id='word_1_342' title='bbox 1099 1842 1190 1874; x_wconf 80' lang='lat' dir='ltr'><strong>Dum</strong></span> <span class='ocrx_word' id='word_1_343' title='bbox 1209 1847 1272 1876; x_wconf 83' lang='lat' dir='ltr'><strong>etc.</strong></span> <span class='ocrx_word' id='word_1_344' title='bbox 1297 1840 1410 1875; x_wconf 88' lang='lat' dir='ltr'><strong>Causa</strong></span> <span class='ocrx_word' id='word_1_345' title='bbox 1426 1837 1679 1879; x_wconf 51' lang='lat' dir='ltr'><strong>emendatior&amp;</strong></span> 
     </span>
     <span class='ocr_line' id='line_1_62' title="bbox 1011 1890 1680 1936; baseline 0 -11"><span class='ocrx_word' id='word_1_346' title='bbox 1011 1891 1213 1936; x_wconf 85' lang='lat' dir='ltr'><strong>intelligitur</strong></span> <span class='ocrx_word' id='word_1_347' title='bbox 1227 1904 1245 1925; x_wconf 90' lang='lat' dir='ltr'><strong>e</strong></span> <span class='ocrx_word' id='word_1_348' title='bbox 1260 1898 1341 1926; x_wconf 89' lang='lat' dir='ltr'><strong>nota</strong></span> <span class='ocrx_word' id='word_1_349' title='bbox 1353 1898 1469 1925; x_wconf 83' lang='lat' dir='ltr'><strong>nostra</strong></span> <span class='ocrx_word' id='word_1_350' title='bbox 1483 1890 1526 1925; x_wconf 87' lang='lat' dir='ltr'><strong>ad</strong></span> <span class='ocrx_word' id='word_1_351' title='bbox 1539 1897 1680 1927; x_wconf 58' lang='lat' dir='ltr'><strong>versum</strong></span> 
     </span>
     <span class='ocr_line' id='line_1_63' title="bbox 1012 1942 1679 1987; baseline 0.003 -12"><span class='ocrx_word' id='word_1_352' title='bbox 1012 1943 1087 1987; x_wconf 78' lang='lat'>478:</span> <span class='ocrx_word' id='word_1_353' title='bbox 1094 1943 1153 1977; x_wconf 87' lang='lat' dir='ltr'><strong>sed</strong></span> <span class='ocrx_word' id='word_1_354' title='bbox 1162 1942 1565 1985; x_wconf 66' lang='lat' dir='ltr'><strong>incommode,moneuoe</strong></span> <span class='ocrx_word' id='word_1_355' title='bbox 1573 1942 1679 1978; x_wconf 81' lang='lat' dir='ltr'><strong>etiam</strong></span> 
     </span>
     <span class='ocr_line' id='line_1_64' title="bbox 1012 1995 1679 2038; baseline -0.003 -9"><span class='ocrx_word' id='word_1_356' title='bbox 1012 1996 1217 2030; x_wconf 89' lang='lat' dir='ltr'><strong>Burmanno</strong></span> <span class='ocrx_word' id='word_1_357' title='bbox 1226 2022 1234 2038; x_wconf 93' lang='lat'>,</span> <span class='ocrx_word' id='word_1_358' title='bbox 1248 1996 1341 2030; x_wconf 84' lang='lat' dir='ltr'><strong>inter</strong></span> <span class='ocrx_word' id='word_1_359' title='bbox 1355 2002 1431 2029; x_wconf 81' lang='lat' dir='ltr'><strong>tura&#39;</strong></span> <span class='ocrx_word' id='word_1_360' title='bbox 1441 2002 1475 2029; x_wconf 90' lang='lat' dir='ltr'><strong>et</strong></span> <span class='ocrx_word' id='word_1_361' title='bbox 1483 1995 1679 2029; x_wconf 70' lang='lat' dir='ltr'><strong>Panchaica</strong></span> 
     </span>
     <span class='ocr_line' id='line_1_65' title="bbox 1010 2046 1680 2091; baseline 0 -11"><span class='ocrx_word' id='word_1_362' title='bbox 1010 2047 1284 2091; x_wconf 82' lang='lat' dir='ltr'><strong>interjiceretur,</strong></span> <span class='ocrx_word' id='word_1_363' title='bbox 1291 2049 1456 2091; x_wconf 76' lang='lat' dir='ltr'><strong>floresque</strong></span> <span class='ocrx_word' id='word_1_364' title='bbox 1465 2049 1563 2080; x_wconf 78' lang='lat' dir='ltr'><strong>alios.</strong></span> <span class='ocrx_word' id='word_1_365' title='bbox 1578 2046 1680 2091; x_wconf 77' lang='lat' dir='ltr'><strong>Regii</strong></span> 
     </span>
     <span class='ocr_line' id='line_1_66' title="bbox 1012 2097 1678 2137; baseline 0.005 -5"><span class='ocrx_word' id='word_1_366' title='bbox 1012 2099 1120 2133; x_wconf 79' lang='lat' dir='ltr'><strong>nostri</strong></span> <span class='ocrx_word' id='word_1_367' title='bbox 1138 2098 1284 2137; x_wconf 81' lang='lat' dir='ltr'><strong>Codices</strong></span> <span class='ocrx_word' id='word_1_368' title='bbox 1302 2098 1405 2136; x_wconf 68' lang='lat' dir='ltr'><strong>petiti</strong></span> <span class='ocrx_word' id='word_1_369' title='bbox 1416 2097 1678 2136; x_wconf 75' lang='lat' dir='ltr'><strong>distinctionem</strong></span> 
     </span>
     <span class='ocr_line' id='line_1_67' title="bbox 1012 2151 1680 2196; baseline 0.001 -12"><span class='ocrx_word' id='word_1_370' title='bbox 1012 2163 1084 2184; x_wconf 92' lang='lat' dir='ltr'><strong>non</strong></span> <span class='ocrx_word' id='word_1_371' title='bbox 1097 2151 1302 2186; x_wconf 83' lang='lat' dir='ltr'><strong>admittunt:</strong></span> <span class='ocrx_word' id='word_1_372' title='bbox 1316 2158 1407 2186; x_wconf 84' lang='lat' dir='ltr'><strong>recte</strong></span> <span class='ocrx_word' id='word_1_373' title='bbox 1418 2151 1581 2196; x_wconf 70' lang='lat' dir='ltr'><strong>judicavit</strong></span> <span class='ocrx_word' id='word_1_374' title='bbox 1593 2151 1680 2185; x_wconf 87' lang='lat' dir='ltr'><strong>Bur-</strong></span> 
     </span>
     <span class='ocr_line' id='line_1_68' title="bbox 1011 2204 1679 2250; baseline 0.001 -15"><span class='ocrx_word' id='word_1_375' title='bbox 1011 2214 1170 2238; x_wconf 86' lang='lat' dir='ltr'><strong>mannus.</strong></span> <span class='ocrx_word' id='word_1_376' title='bbox 1186 2204 1252 2236; x_wconf 83' lang='lat' dir='ltr'><strong>Ed.</strong></span> <span class='ocrx_word' id='word_1_377' title='bbox 1266 2221 1310 2227; x_wconf 98' lang='lat'><strong>—</strong></span> <span class='ocrx_word' id='word_1_378' title='bbox 1319 2204 1371 2250; x_wconf 61' lang='lat' dir='ltr'><strong>Srt</strong></span> <span class='ocrx_word' id='word_1_379' title='bbox 1378 2205 1468 2238; x_wconf 73' lang='lat' dir='ltr'><strong>dives</strong></span> <span class='ocrx_word' id='word_1_380' title='bbox 1476 2214 1606 2240; x_wconf 80' lang='lat' dir='ltr'><strong>amomo</strong></span> <span class='ocrx_word' id='word_1_381' title='bbox 1614 2208 1679 2236; x_wconf 82' lang='lat' dir='ltr'><strong>etc.</strong></span> 
     </span>
     <span class='ocr_line' id='line_1_69' title="bbox 1014 2253 1679 2299; baseline 0.005 -13"><span class='ocrx_word' id='word_1_382' title='bbox 1014 2253 1098 2288; x_wconf 87' lang='lat' dir='ltr'><strong>Vale</strong></span> <span class='ocrx_word' id='word_1_383' title='bbox 1103 2261 1162 2288; x_wconf 84' lang='lat' dir='ltr'><strong>ant</strong></span> <span class='ocrx_word' id='word_1_384' title='bbox 1171 2267 1252 2299; x_wconf 89' lang='lat' dir='ltr'><strong>opes</strong></span> <span class='ocrx_word' id='word_1_385' title='bbox 1265 2254 1401 2292; x_wconf 80' lang='lat' dir='ltr'><strong>Arabioe</strong></span> <span class='ocrx_word' id='word_1_386' title='bbox 1411 2262 1421 2298; x_wconf 73' lang='lat'><strong>‘,</strong></span> <span class='ocrx_word' id='word_1_387' title='bbox 1435 2267 1491 2290; x_wconf 77' lang='lat' dir='ltr'><strong>eas</strong></span> <span class='ocrx_word' id='word_1_388' title='bbox 1501 2267 1577 2290; x_wconf 78' lang='lat' dir='ltr'><strong>non</strong></span> <span class='ocrx_word' id='word_1_389' title='bbox 1584 2262 1679 2290; x_wconf 80' lang='lat' dir='ltr'><strong>cura-</strong></span> 
     </span>
     <span class='ocr_line' id='line_1_70' title="bbox 1011 2306 1679 2352; baseline 0.001 -13"><span class='ocrx_word' id='word_1_390' title='bbox 1011 2318 1089 2340; x_wconf 86' lang='lat' dir='ltr'><strong>mus</strong></span> <span class='ocrx_word' id='word_1_391' title='bbox 1104 2319 1170 2340; x_wconf 89' lang='lat' dir='ltr'><strong>nec</strong></span> <span class='ocrx_word' id='word_1_392' title='bbox 1185 2306 1406 2350; x_wconf 50' lang='lat' dir='ltr'><strong>invidemus),</strong></span> <span class='ocrx_word' id='word_1_393' title='bbox 1424 2319 1532 2352; x_wconf 89' lang='lat' dir='ltr'><strong>quum</strong></span> <span class='ocrx_word' id='word_1_394' title='bbox 1544 2306 1604 2341; x_wconf 73' lang='lat' dir='ltr'><strong>&#39;illa</strong></span> <span class='ocrx_word' id='word_1_395' title='bbox 1619 2318 1679 2340; x_wconf 76' lang='lat' dir='ltr'><strong>re·-</strong></span> 
     </span>
     <span class='ocr_line' id='line_1_71' title="bbox 1013 2357 1679 2404; baseline -0.002 -13"><span class='ocrx_word' id='word_1_396' title='bbox 1013 2358 1067 2402; x_wconf 87' lang='lat' dir='ltr'><strong>gio</strong></span> <span class='ocrx_word' id='word_1_397' title='bbox 1076 2358 1235 2392; x_wconf 86' lang='lat' dir='ltr'><strong>arborem</strong></span> <span class='ocrx_word' id='word_1_398' title='bbox 1246 2358 1333 2392; x_wconf 82' lang='lat' dir='ltr'><strong>serat</strong></span> <span class='ocrx_word' id='word_1_399' title='bbox 1344 2371 1362 2393; x_wconf 86' lang='lat' dir='ltr'><strong>e</strong></span> <span class='ocrx_word' id='word_1_400' title='bbox 1375 2365 1445 2404; x_wconf 84' lang='lat' dir='ltr'><strong>tam</strong></span> <span class='ocrx_word' id='word_1_401' title='bbox 1453 2357 1592 2392; x_wconf 73' lang='lat' dir='ltr'><strong>scelesta</strong></span> <span class='ocrx_word' id='word_1_402' title='bbox 1605 2369 1679 2391; x_wconf 88' lang='lat' dir='ltr'><strong>mu-</strong></span> 
     </span>
     <span class='ocr_line' id='line_1_72' title="bbox 1011 2408 1680 2448; baseline -0.001 -5"><span class='ocrx_word' id='word_1_403' title='bbox 1011 2409 1093 2443; x_wconf 90' lang='lat' dir='ltr'><strong>liere</strong></span> <span class='ocrx_word' id='word_1_404' title='bbox 1109 2415 1232 2443; x_wconf 85' lang='lat' dir='ltr'><strong>ortam.</strong></span> <span class='ocrx_word' id='word_1_405' title='bbox 1243 2411 1528 2448; x_wconf 60' lang='lat' dir='ltr'><strong>Eae—Panchaea,</strong></span> <span class='ocrx_word' id='word_1_406' title='bbox 1543 2408 1680 2443; x_wconf 79' lang='lat' dir='ltr'><strong>Arabiae</strong></span> 
     </span>
     <span class='ocr_line' id='line_1_73' title="bbox 1011 2459 1677 2506; baseline -0.002 -12"><span class='ocrx_word' id='word_1_407' title='bbox 1011 2461 1117 2506; x_wconf 82' lang='lat' dir='ltr'><strong>regio.</strong></span> <span class='ocrx_word' id='word_1_408' title='bbox 1133 2461 1274 2495; x_wconf 86' lang='lat' dir='ltr'><strong>Vossius</strong></span> <span class='ocrx_word' id='word_1_409' title='bbox 1289 2459 1330 2494; x_wconf 91' lang='lat' dir='ltr'><strong>ad</strong></span> <span class='ocrx_word' id='word_1_410' title='bbox 1349 2460 1469 2505; x_wconf 83' lang='lat' dir='ltr'><strong>Virgil.</strong></span> <span class='ocrx_word' id='word_1_411' title='bbox 1481 2459 1607 2505; x_wconf 84' lang='lat' dir='ltr'><strong>Georg.</strong></span> <span class='ocrx_word' id='word_1_412' title='bbox 1620 2459 1677 2502; x_wconf 87' lang='grc' dir='ltr'><strong>ΙΙ,</strong></span> 
     </span>
     <span class='ocr_line' id='line_1_74' title="bbox 1015 2511 1679 2559; baseline 0 -13"><span class='ocrx_word' id='word_1_413' title='bbox 1015 2514 1077 2559; x_wconf 85' lang='lat'><strong>139</strong></span> <span class='ocrx_word' id='word_1_414' title='bbox 1088 2539 1097 2555; x_wconf 93' lang='lat'><em>‚</em></span> <span class='ocrx_word' id='word_1_415' title='bbox 1113 2512 1258 2546; x_wconf 87' lang='lat' dir='ltr'><strong>insulam</strong></span> <span class='ocrx_word' id='word_1_416' title='bbox 1271 2518 1368 2557; x_wconf 85' lang='lat' dir='ltr'><strong>putat</strong></span> <span class='ocrx_word' id='word_1_417' title='bbox 1379 2524 1450 2546; x_wconf 85' lang='lat' dir='ltr'><strong>esse</strong></span> <span class='ocrx_word' id='word_1_418' title='bbox 1459 2523 1590 2546; x_wconf 80' lang='lat' dir='ltr'><strong>sacram</strong></span> <span class='ocrx_word' id='word_1_419' title='bbox 1603 2511 1679 2546; x_wconf 83' lang='lat' dir='ltr'><strong>Eu-</strong></span> 
     </span>
     <span class='ocr_line' id='line_1_75' title="bbox 1012 2563 1674 2608; baseline 0 -11"><span class='ocrx_word' id='word_1_420' title='bbox 1012 2563 1145 2598; x_wconf 84' lang='lat' dir='ltr'><strong>hemeri</strong></span> <span class='ocrx_word' id='word_1_421' title='bbox 1162 2570 1289 2608; x_wconf 85' lang='lat' dir='ltr'><strong>poetae,</strong></span> <span class='ocrx_word' id='word_1_422' title='bbox 1306 2575 1452 2607; x_wconf 85' lang='lat' dir='ltr'><strong>eamque</strong></span> <span class='ocrx_word' id='word_1_423' title='bbox 1467 2563 1674 2606; x_wconf 80' lang='lat' dir='ltr'><strong>fabulosam,</strong></span> 
     </span>
     <span class='ocr_line' id='line_1_76' title="bbox 1010 2613 1676 2659; baseline -0.002 -11"><span class='ocrx_word' id='word_1_424' title='bbox 1010 2614 1045 2647; x_wconf 90' lang='lat' dir='ltr'><strong>in</strong></span> <span class='ocrx_word' id='word_1_425' title='bbox 1059 2621 1155 2659; x_wconf 86' lang='lat' dir='ltr'><strong>parte</strong></span> <span class='ocrx_word' id='word_1_426' title='bbox 1170 2613 1303 2648; x_wconf 83' lang='lat' dir='ltr'><strong>Arabiae</strong></span> <span class='ocrx_word' id='word_1_427' title='bbox 1318 2613 1494 2657; x_wconf 89' lang='lat' dir='ltr'><strong>orientali,</strong></span> <span class='ocrx_word' id='word_1_428' title='bbox 1510 2626 1587 2658; x_wconf 81' lang='lat' dir='ltr'><strong>quae</strong></span> <span class='ocrx_word' id='word_1_429' title='bbox 1597 2626 1676 2647; x_wconf 90' lang='lat' dir='ltr'><strong>om-</strong></span> 
     </span>
     <span class='ocr_line' id='line_1_77' title="bbox 1011 2664 1677 2711; baseline -0.002 -12"><span class='ocrx_word' id='word_1_430' title='bbox 1011 2665 1064 2699; x_wconf 90' lang='lat' dir='ltr'><strong>nis</strong></span> <span class='ocrx_word' id='word_1_431' title='bbox 1076 2666 1209 2711; x_wconf 86' lang='lat' dir='ltr'><strong>generis</strong></span> <span class='ocrx_word' id='word_1_432' title='bbox 1225 2672 1377 2700; x_wconf 87' lang='lat' dir='ltr'><strong>aromata</strong></span> <span class='ocrx_word' id='word_1_433' title='bbox 1392 2665 1530 2700; x_wconf 82' lang='lat' dir='ltr'><strong>mittere</strong></span> <span class='ocrx_word' id='word_1_434' title='bbox 1546 2664 1677 2699; x_wconf 86' lang='lat' dir='ltr'><strong>credita</strong></span> 
     </span>
     <span class='ocr_line' id='line_1_78' title="bbox 1011 2717 1677 2762; baseline -0.006 -9"><span class='ocrx_word' id='word_1_435' title='bbox 1011 2719 1064 2753; x_wconf 87' lang='lat' dir='ltr'><strong>sit.</strong></span> <span class='ocrx_word' id='word_1_436' title='bbox 1082 2717 1138 2753; x_wconf 85' lang='lat' dir='ltr'><strong>Cs.</strong></span> <span class='ocrx_word' id='word_1_437' title='bbox 1153 2718 1241 2753; x_wconf 88' lang='lat' dir='ltr'><strong>infra</strong></span> <span class='ocrx_word' id='word_1_438' title='bbox 1258 2717 1301 2752; x_wconf 90' lang='lat' dir='ltr'><strong>ad</strong></span> <span class='ocrx_word' id='word_1_439' title='bbox 1319 2730 1458 2753; x_wconf 86' lang='lat' dir='ltr'><strong>versum</strong></span> <span class='ocrx_word' id='word_1_440' title='bbox 1473 2717 1547 2762; x_wconf 83' lang='grc'><strong>476.</strong></span> <span class='ocrx_word' id='word_1_441' title='bbox 1571 2718 1677 2751; x_wconf 67' lang='lat' dir='ltr'><strong>Dives</strong></span> 
     </span>
    </p>
   </div>
  </div>
 </body>
</html>
