1820 3106
309 198 1000 247 METAMORPHOSEON
1038 199 1169 244 LIB.
1204 201 1363 246 XIII.

1470 200 1559 258 415

53 361 57 366 .
123 295 324 361 Virginis
346 313 423 344 ora
446 312 632 358 gerens:
658 303 725 351 et,
752 292 791 342 si
812 311 909 342 non
935 292 1083 342 omnia
1105 304 1228 342 vates

125 377 250 426 Ficta
270 374 571 442 reliquerunt,
596 371 750 439 aliquo
773 391 954 439 quoque
978 384 1178 441 tempore
1202 372 1343 436 virgea

126 458 257 508 Hane
271 453 400 504 multi
422 453 590 521 petiere
614 452 764 520 proci3
791 450 959 519 quibus
980 451 1056 500 illa
1076 449 1266 519 repulsis

125 533 198 582 Ad
218 530 363 600 pelagi
383 530 614 598 Nymphas
627 567 640 588 ,
665 527 812 597 pelagi
836 528 1083 592 gratissima
1103 527 1345 595 Nymphis,

123 610 251 668 Ibat,
277 620 322 658 et
344 606 491 657 elusos
512 607 722 673 juvenum
747 607 959 655 narrabat
980 626 1166 656 amores.

124 686 295 752 Quam,
319 685 427 735 dum
447 685 691 754 pectendos
716 685 888 753 praebet
912 683 1096 733 Galatea
1119 682 1332 750 capillos,

122 763 310 814 Talibus
333 761 614 832 adloquitur,
639 775 844 831 repetens
867 762 1057 830 suspiria
1075 799 1086 818 ‚
1116 760 1246 811 dictis
1265 780 1276 808 :

125 866 150 893 ιε
175 845 242 892 Te
265 855 413 893 tamen
427 882 440 903 ,
463 863 490 892 o
514 844 665 907 virgo,
693 862 832 908 genus
854 839 975 892 haud
997 841 1168 892 immite
1191 841 1386 890 virorum

1493 855 1563 903 740

120 922 306 990 Expetit
329 942 339 971 :
364 934 504 990 utque
529 922 663 981 facis,
690 934 822 989 potes
843 920 915 970 his
940 921 1123 987 impune
1145 937 1320 983 negare.

121 1001 186 1050 At
206 1001 342 1060 mihi,
367 1001 441 1051 cui
460 1013 587 1069 pater
614 1013 682 1051 est
701 1003 895 1058 Nereus,
917 1018 1051 1068 quam
1076 997 1233 1047 caerula
1255 998 1403 1047 Doris

122 1079 266 1128 Enixa
289 1091 380 1139 est,
411 1099 511 1148 quae
535 1099 632 1130 sum
658 1080 792 1129 turba
814 1093 994 1146 quoque
1013 1089 1111 1126 tuta
1132 1096 1365 1135 sororum,

121 1157 229 1205 Non
244 1156 331 1206 nisi
356 1176 438 1225 per
457 1157 620 1207 fluctus
640 1156 768 1207 licuit
790 1155 997 1223 Cyclopis
1019 1173 1213 1204 amorem

125 1234 366 1299 Effugere:
392 1258 416 1280 »
442 1248 488 1286 et
509 1236 711 1303 lacrymae
734 1253 887 1284 vocem
909 1231 1150 1300 impediere
1173 1231 1412 1299 loquentis.

1501 1244 1567 1292 745

126 1312 252 1376 Quas
269 1313 351 1362 uhi
374 1333 622 1363 marmoreo
649 1313 832 1362 detersit
854 1310 1018 1380 pollice
1040 1310 1167 1374 virgo
1185 1328 1196 1367 ;

125 1391 188 1440 Et
209 1390 352 1441 solata
372 1391 512 1440 Deam
535 1404 627 1450 est3
658 1414 681 1435 «
708 1391 866 1449 Refer,
891 1409 918 1437 o
942 1388 1163 1438 carissima
1179 1425 1192 1446 ‚
1218 1386 1355 1446 dixit,

131 1490 154 1512 »τ
180 1470 301 1518 Neve
325 1471 393 1519 tui
417 1488 592 1519 causam
618 1481 738 1532 tege,
765 1487 864 1517 sum
889 1467 974 1516 tibi
994 1466 1109 1526 fida,
1134 1464 1316 1514 doloris.
1348 1488 1371 1509 n

125 1547 281 1596 Nereis
301 1547 373 1598 his
395 1560 549 1608 contra
572 1558 772 1597 resecuta
799 1544 1014 1596 Crataeide
1039 1555 1188 1593 natam
1209 1562 1218 1590 :

121 1682 175 1719 hit
185 1695 195 1724 ;
206 1682 286 1718 vide
296 1681 340 1717 ad
352 1680 458 1725 XIV,
469 1681 526 1717 60.
538 1698 582 1707 -
590 1683 719 1726 Aliquo
729 1694 810 1726 quo—

123 1751 186 1783 que
205 1749 331 1784 parum
351 1737 464 1783 placet
487 1736 638 1772 auribus.
658 1755 702 1763 —·-
724 1738 809 1771 Vir-

112 1793 212 1835 'ginis
235 1789 342 1834 huius
359 1789 596 1824 m'utationem
621 1789 727 1823 habet
751 1787 810 1824 lib.

125 1842 217 1878 XIV
233 1841 310 1876 init.
326 1841 447 1876 Mater
464 1841 540 1886 ejus
554 1852 638 1875 mox
650 1866 659 1883 ,
679 1853 728 1875 vs.
748 1842 812 1886 749

127 1900 357 1929 memoratur.

172 1947 247 1992 740.
275 1947 323 1981 Te
338 1953 449 1981 tamen
463 1972 471 1986 ,
500 1952 542 1980 ut
564 1943 618 1980 lx
632 1971 643 1988 ,
670 1943 748 1979 326.
767 1961 812 1969 —

129 2001 239 2034 Haud
247 2002 389 2038 ιἰηιηίίε,
409 1998 491 2044 quia
501 2011 582 2034 mox
593 2024 603 2042 ,
618 2010 706 2032 vers.
724 1999 789 2044 759
799 2023 810 2040 ‚

131 2051 369 2099 Polyphemus
379 2054 520 2086 immitis
532 2057 732 2085 vocatur.—
739 2050 812 2085 Pro

128 2117 250 2149 negare
258 2131 267 2144 ‚
284 2103 447 2139 nonnulli
466 2104 526 2147 (et
536 2102 645 2138 codex
655 2102 742 2148 Reg.
754 2102 784 2136 A
796 2101 811 2145 )

130 2156 217 2192 dant
232 2160 370 2202 meari,-
393 2155 453 2191 sed
471 2167 592 2200 negare
613 2154 705 2200 apud
728 2154 813 2189 No-

130 2217 243 2245 strum
260 2212 351 2255 s'oepe
367 2208 522 2244 absolute
540 2221 549 2242 t
573 2219 702 2254 negare
724 2220 814 2242 con-

130 2263 369 2307 suetudinem,
381 2262 606 2298 concubitum
617 2275 626 2303 3
638 2261 717 2296 vide
724 2261 814 2296 Bur·

135 2331 256 2356 mann.
266 2336 310 2344 —
329 2318 502 2361 cuipam
514 2323 568 2350 est
576 2343 584 2355 ‚
598 2328 814 2361 quamquam

136 2373 223 2411 mihi
250 2370 510 2416 antiquissimus
536 2367 634 2403 Deus
657 2369 815 2403 marinus

137 2432 236 2472 pater
250 2424 479 2460 est—Turba
493 2434 640 2456 sororum
651 2447 660 2459 ‚
686 2432 814 2466 nempe

137 2477 389 2524 quinquaginta
398 2501 408 2519 ,
420 2482 458 2509 ut
470 2473 691 2509 admonitum
704 2472 747 2507 ad
759 2473 814 2515 11,

143 2545 156 2566 1
165 2544 179 2565 ι
191 2543 200 2566 t
211 2530 359 2565 nomina
369 2540 492 2563 earum
507 2526 636 2574 Hygin.
652 2526 687 2576 i·n
700 2524 818 2570 praesa-

138 2583 233 2618 tione
246 2582 368 2623 habet,
380 2581 417 2615 iu
430 2580 556 2626 quibus
564 2585 600 2613 et
614 2580 818 2613 Galatea.-

139 2635 265 2680 Quum
280 2633 399 2679 sugam
407 2646 471 2677 per
472 2634 617 2678 fluctus,
637 2638 818 2675 tamquam

137 2700 214 2722 rem
232 2685 558 2733 periculosissimam
569 2711 579 2727 ‚
597 2695 819 2718 commemo-

137 2747 210 2783 rat,
234 2752 308 2775 non
330 2739 517 2779 meminit,
543 2737 726 2775 Galateam
745 2748 817 2770 esse

876 1679 1079 1727 Nympham
1095 1677 1208 1724 pelagi
1223 1688 1361 1722 :neque
1377 1688 1462 1711 vero
1474 1676 1566 1711 arbi-

876 1738 953 1766 tror
966 1757 975 1775 ,
995 1730 1166 1766 Ovidium
1185 1730 1233 1766 ita
1247 1728 1441 1773 scripsisse3
1460 1740 1566 1763 nam.

877 1798 945 1830 que
968 1784 1066 1820 MSS
1083 1796 1209 1819 omnes
1226 1781 1243 1828 (
1259 1789 1294 1817 et
1311 1781 1412 1827 Regii
1429 1781 1534 1817 ambo
1549 1783 1565 1826 )

877 1836 1009 1872 habent
1033 1849 1098 1880 per
1121 1838 1234 1870 luctus
1256 1862 1265 1875 ‚
1295 1841 1423 1880 praeter
1450 1847 1565 1869 unum

877 1888 1065 1923 Basileens.
1083 1887 1142 1932 qui
1153 1887 1283 1931 fluctus
1299 1884 1404 1919 habet
1419 1897 1482 1930 pro
1502 1884 1564 1919 di—

877 1953 976 1975 versa
992 1941 1141 1976 lectione
1153 1965 1164 1983 ,
1189 1937 1284 1973 unde
1301 1938 1434 1983 recepit
1450 1938 1566 1973 Hein-

878 1994 957 2028 sius.
978 1994 1046 2027 Per
1064 1991 1343 2041 luctusfffugere
1364 1997 1480 2035 posset
1499 2004 1565 2026 ac·-

878 2046 966 2091 cipi,
985 2052 1024 2080 ut
1044 2045 1119 2079 Liv.
1142 2044 1159 2079 I
1172 2069 1183 2088 ‚
1204 2046 1244 2087 5,
1261 2056 1327 2087 per
1337 2045 1448 2077 lasum
1467 2050 1565 2088 atque

877 2102 1054 2134 lasciviam
1069 2111 1208 2133 currere.
1218 2116 1262 2122 —
1275 2097 1442 2132 Heinsius
1453 2097 1566 2131 male-

878 2151 937 2187 bat
952 2155 1108 2198 loquenti.
1128 2151 1248 2196 Hujus
1266 2149 1440 2184 varietatis
1451 2161 1564 2184 exem-

879 2208 934 2253 pla
950 2209 1021 2252 jam
1040 2207 1139 2253 plura
1160 2206 1322 2240 vidimus.

925 2261 998 2307 746.
1015 2261 1205 2294 Marmorea
1220 2285 1230 2299 ,
1258 2256 1420 2292 candido.
1440 2255 1565 2303 Vin-gil.

880 2313 1010 2358 Geor-g.
1032 2313 1105 2355 lV,
1134 2313 1197 2347 523
1211 2338 1221 2355 ,
1247 2324 1431 2346 marmorea
1453 2314 1566 2345 cervix

881 2366 1039 2412 Orphei,
1058 2365 1118 2400 ubi
1134 2365 1202 2399 vid.
1220 2362 1564 2407 Cerda.·-Resequi,

877 2419 1095 2465 respondere
1109 2443 1119 2461 ‚
1132 2424 1173 2454 ut
1189 2417 1261 2460 Vl,
1280 2416 1344 2455 36;
1360 2415 1453 2450 VIII
1466 2442 1475 2459 ,
1490 2416 1566 2451 862.

880 2474 1067 2507 —Crataeis
1084 2477 1198 2505 mater
1209 2468 1333 2515 Scyllae
1349 2467 1457 2502 etiam
1473 2467 1565 2513 apud

882 2524 1032 2558 Homer.
1045 2521 1116 2557 Od.
1130 2529 1161 2557 M
1172 2547 1181 2564 ,
1196 2521 1254 2566 733
1268 2519 1420 2566 Hesych.
1434 2519 1470 2553 in
1483 2526 1566 2565 Κρα-

881 2579 963 2613 ταιῖς
972 2582 1008 2609 et
1020 2574 1110 2609 Ptin.
1122 2573 1213 2607 Hist.
1226 2572 1306 2606 Nat.
1317 2571 1373 2606 Ill
1384 2597 1393 2615 ,
1406 2573 1436 2606 5.
1450 2570 1566 2606 Multa

883 2628 927 2662 de
943 2628 1065 2675 Scyllae
1078 2625 1279 2672 parentibus
1291 2624 1443 2670 disputat
1452 2624 1567 2659 Mun-

881 2681 985 2715 kerus
1000 2680 1042 2714 ad
1061 2680 1244 2727 Hyginum
1257 2705 1267 2722 ,
1301 2677 1368 2713 sab.
1391 2691 1463 2726 199.
1483 2678 1567 2712 Ste-

884 2733 1020 2768 sichnro
1043 2731 1158 2767 suerat
1179 2731 1310 2767 Lamioe
1338 2731 1427 2773 fitia;
1448 2730 1565 2766 Schol-
