1820 3106
275 246 361 291 508

648 250 701 294 P.
736 251 972 297 OVIDII
1002 254 1304 302 NASONIS

273 339 385 389 Sede
399 378 411 399 ‚
436 342 564 391 novis
585 343 793 394 habitant
811 347 1016 398 domibus
1039 350 1278 418 vivuntque
1300 349 1509 420 receptae(

271 415 373 482 Ipse
396 436 502 479 ego,
528 437 629 467 nam
649 422 854 480 memini,
881 424 1059 489 Trojani
1082 437 1278 492 tempore
1299 428 1402 477 belli

1623 445 1686 480 160

272 493 544 545 Panthoides
566 499 839 564 Euphorbus
864 520 1002 561 eram,
1029 504 1099 552 cui
1122 517 1299 570 pectore
1324 507 1552 572 quondam

272 571 399 620 Sedit
420 573 467 621 in
492 574 674 625 adverso
699 579 838 641 gravis
859 580 983 629 hasta
1006 582 1191 631 minoris
1216 584 1395 633 Atridae.

270 691 410 730 ceptum
421 686 553 732 primus
562 688 691 725 Graecis
697 690 838 726 tradidit
847 705 856 734 ς
867 691 946 727 vide

270 737 451 774 Schaeffer.
465 740 507 774 de
524 740 645 786 philos.
657 743 734 778 Ital.
748 757 780 789 p.
794 746 835 787 ²4
845 752 880 779 et
894 746 946 780 32.

272 789 455 834 Quaeritur
464 800 580 829 autem
593 821 601 838 ,
613 802 732 830 utrum
745 796 881 842 proprie
893 797 949 832 illa

270 840 443 878 intellecta
455 845 603 881 voluerit
613 873 622 890 ,
635 861 705 892 quo
714 848 840 883 fortius
849 862 867 883 a
879 862 949 884 car-

269 894 371 928 nium
381 909 441 930 esu
449 896 642 934 deterreret
652 899 812 935 homines
825 927 833 944 ‚
844 914 949 946 quem

269 945 306 979 in
325 946 433 982 finem
445 956 536 984 certe
548 951 675 985 Noster
690 951 725 986 h.
742 952 761 986 l.
774 951 813 987 iis
824 952 948 997 utitur,

272 1010 316 1038 an
330 998 490 1045 allegoria
501 1001 614 1046 potius
625 1002 775 1047 quadam
790 1004 950 1038 ostende-

269 1061 308 1083 re
323 1075 331 1092 ,
349 1056 477 1086 statum
497 1051 622 1088 animae
639 1061 714 1099 post
725 1062 877 1090 mortem
892 1068 951 1090 re-

268 1113 480 1145 sponsurum
488 1103 565 1139 vitae
573 1111 749 1150 anteactae,
762 1114 819 1141 aut
827 1114 948 1142 notare

271 1152 433 1190 homines
448 1156 690 1202 cupiditatibus
705 1159 925 1206 indulgentes
938 1187 947 1205 ‚

271 1218 422 1250 quorum
434 1209 558 1245 animae
576 1211 698 1246 melius
715 1212 950 1249 inhabitarent

270 1270 457 1302 porcorum
470 1268 505 1296 et
517 1261 681 1308 luporum
692 1277 847 1310 corpora.
858 1266 950 1301 Sunt

271 1309 378 1344 etiam
396 1313 454 1356 qui
470 1321 614 1358 putent,
632 1316 866 1363 Pythagoram
878 1318 949 1363 jam

270 1361 414 1397 obscure
437 1364 559 1400 vidisse
578 1392 588 1409 ,
618 1368 711 1412 quod
738 1370 949 1405 recentiores

269 1412 464 1459 philosophi
475 1418 625 1461 apertius
636 1419 780 1463 docent,
794 1421 949 1455 animam

270 1477 408 1509 semper
424 1479 503 1500 cum
515 1469 689 1504 schemate
703 1471 853 1515 quodam
865 1485 949 1507 con-

270 1516 428 1560 junctam
443 1531 514 1553 esse
528 1519 695 1555 futuram.
707 1523 800 1556 —In
816 1523 872 1557 illa
890 1537 949 1558 ea-

269 1567 352 1602 dem
366 1582 469 1613 prava
482 1578 584 1616 atque
602 1572 718 1617 inepta
732 1573 851 1608 haeresi
867 1564 961 1610 fue-⁸

269 1626 353 1654 runt
369 1620 513 1657 Druidae
525 1649 534 1667 ,
553 1624 642 1668 apud
660 1624 775 1659 Gallos
796 1638 804 1660 :
823 1638 891 1670 qua
905 1626 948 1661 de

270 1683 308 1704 re
322 1670 457 1716 Caesar‚
471 1674 558 1709 Bell.
575 1674 663 1711 Gall.
676 1677 729 1711 VI
740 1702 749 1720 ,
764 1691 781 1707 «ε
791 1677 949 1723 inprimis

271 1736 291 1752 >›
309 1722 375 1758 hoc
392 1725 515 1761 volunt
531 1728 738 1772 persuadere
752 1755 761 1772 ,
775 1741 846 1764 non
861 1730 951 1765 inte·

270 1787 290 1804 ³»
310 1775 379 1810 rire
393 1778 523 1814 animas
535 1805 545 1823 ‚
560 1780 620 1814 sed
633 1781 674 1815 ab
685 1782 756 1816 aliis
769 1790 847 1828 post
859 1796 950 1817 mor-

272 1841 291 1858 »
309 1835 380 1863 tem
406 1832 551 1867 transire
568 1833 611 1867 ad
630 1834 734 1877 alios3
759 1843 862 1880 atque
883 1836 950 1872 hoc

272 1894 291 1910 >i
309 1879 458 1917 maxime
479 1884 520 1918 ad
541 1886 706 1920 virtutem
723 1888 861 1922 excitari
876 1901 950 1932 pu-

272 1946 291 1962 »
311 1940 385 1968 tant
397 1961 406 1978 ,
423 1942 521 1970 metu
532 1938 655 1972 mortis
667 1938 837 1983 neglecto.
851 1953 869 1969 »
879 1939 949 1974 Sed

271 1983 365 2018 inter
380 1986 586 2033 Pythagorae
597 1995 632 2023 et
644 1988 861 2024 Druidarum
872 1990 950 2035 opi—

271 2035 417 2071 nionem
444 2037 511 2073 hoc
542 2039 709 2075 intererat
728 2066 737 2084 ‚
773 2041 865 2086 quod
893 2041 949 2075 ille

272 2088 384 2124 aiebat
398 2090 529 2125 animas
546 2091 731 2126 hominum
744 2092 950 2138 ad'pecudes

272 2141 377 2175 etiam
394 2143 538 2178 transire
553 2158 562 2184 ;
581 2144 615 2178 hi
634 2158 716 2180 vero
732 2145 774 2179 ad
791 2145 950 2181 homines

273 2191 355 2227 alios
368 2200 515 2228 tantum.
525 2197 591 2229 Ed.
603 2214 646 2222 —
656 2197 755 2231 Sedes
766 2204 801 2231 et
813 2200 929 2232 domus
938 2224 947 2239 ‚

272 2257 395 2290 corpus
408 2261 416 2287 3
431 2247 508 2282 vide
523 2248 564 2283 ad
577 2249 629 2283 XI
638 2274 648 2292 ‚
670 2250 742 2294 788.
754 2250 857 2285 Unus
868 2251 950 2284 Mo-

270 2297 337 2331 reti
348 2297 452 2333 habet
461 2301 543 2343 Sepe
553 2328 561 2341 ,
580 2301 673 2346 quod
685 2314 749 2346 pro
761 2309 858 2346 septo
867 2328 876 2345 ,
890 2308 949 2336 aut

271 2348 420 2384 claustro
430 2351 637 2396 capiendum
648 2361 735 2388 esset
747 2368 755 2394 ;
768 2361 807 2388 ut
818 2353 864 2388 ita
874 2367 950 2388 cor-

270 2412 334 2444 pus
353 2413 469 2436 carcer
486 2403 609 2439 animae
621 2405 950 2440 vocaretur.—Bur-

273 2464 423 2487 mannus
439 2461 475 2488 et
490 2455 628 2490 Mitseh.
649 2456 772 2491 ordine
791 2457 947 2500 inverso,

274 2500 448 2539 dederunt
462 2508 612 2541 domibus
625 2509 788 2542 habitant.
795 2526 839 2534 -
846 2508 950 2543 Errat

275 2554 332 2589 hic
342 2569 478 2602 quoque
494 2557 668 2604 Gierigius
683 2559 787 2593 nimis
799 2585 808 2603 ‚
827 2560 948 2604 utiam

275 2607 520 2643 admonuimus
529 2636 539 2653 ,
557 2610 592 2644 in
605 2611 707 2646 rebus
721 2611 874 2647 minimis
884 2625 950 2646 ne-

275 2660 403 2705 gligens
417 2675 424 2700 ;
436 2662 660 2698 Burmannus
668 2664 763 2698 enim
774 2664 859 2698 nihil
874 2677 949 2698 mu-

275 2711 360 2745 tavit
380 2724 387 2746 :
410 2713 699 2750 Mitscherlichius
719 2722 836 2750 autem
855 2715 949 2761 quod

275 2763 421 2800 ediderit
434 2777 504 2800 non
521 2765 652 2812 habe03
666 2766 817 2812 suspicor
830 2775 948 2803 tamen

1678 665 1689 683 ἱ

1010 685 1125 720 virum
1136 687 1294 723 maximae
1305 688 1341 723 in
1352 690 1578 725 vetustiorum
1592 692 1683 727 codi-

1012 751 1092 773 cum
1113 738 1276 774 lectiones
1292 740 1467 786 religionis
1483 741 1616 778 dedisse
1631 746 1687 779 do·

1012 792 1118 825 mibus
1133 794 1247 825 vivunt
1259 793 1492 837 habitantque,
1514 801 1554 829 ut
1577 801 1628 830 est
1650 795 1687 830 in

1013 842 1180 877 ambobus
1190 843 1315 878 nostris
1324 837 1455 890 Regiis:
1465 844 1571 880 ethoc
1581 846 1688 882 modo

1014 900 1168 928 metrum
1181 901 1278 930 vacat
1293 894 1440 930 licentia.
1457 898 1523 930 Ed.
1534 899 1689 933 -Beci-

1009 958 1089 990 pere
1103 945 1146 980 de
1158 946 1365 992 migratione
1377 947 1573 983 animarum
1585 949 1689 985 etiam

1015 997 1106 1042 apud
1123 998 1302 1033 Tibullum
1315 1025 1324 1043 ,
1343 999 1410 1043 lv,
1427 1011 1442 1035 1
1455 1027 1465 1044 ,
1485 1013 1560 1035 210.

1062 1050 1133 1085 160.
1143 1052 1220 1094 Ipse
1233 1064 1293 1096 ego
1303 1065 1380 1086 nam
1392 1056 1598 1088 meminietc.
1611 1053 1690 1089 Hoc

1014 1110 1215 1138 commento
1241 1104 1296 1138 vel
1317 1105 1359 1142 ab
1381 1105 1454 1150 ipso
1471 1105 1689 1152 Pythagora,

1013 1155 1068 1190 vel
1085 1168 1103 1189 a
1118 1155 1288 1201 discipulis
1300 1157 1374 1202 ejus
1384 1156 1544 1202 migratio
1555 1157 1692 1192 anima-

1013 1221 1095 1243 rum
1110 1208 1310 1244 confirmari
1326 1209 1466 1244 solebat.
1480 1210 1688 1256 Reperitur,

1012 1262 1071 1297 sed
1083 1274 1162 1296 cum
1172 1262 1283 1307 aliqua
1292 1262 1454 1297 varietate
1464 1288 1473 1306 ‚
1484 1262 1589 1297 etiam
1598 1259 1689 1308 apud

1013 1314 1203 1348 Horatium
1215 1339 1224 1357 ,
1239 1314 1255 1348 I
1269 1339 1279 1357 ‚
1293 1313 1363 1349 od.
1378 1324 1517 1357 xxvm,
1535 1327 1594 1355 ως
1607 1314 1689 1349 Dio-

1014 1378 1140 1410 genem
1159 1365 1273 1400 Laert.
1290 1366 1382 1401 VIII
1395 1391 1404 1409 ,
1429 1367 1451 1409 4
1465 1379 1491 1400 s.
1510 1363 1663 1401 Gellium
1676 1391 1688 1410 ,

1014 1417 1081 1460 IV,
1095 1431 1152 1458 113
1170 1417 1388 1452 Lactantium
1399 1444 1409 1461 ,
1430 1418 1514 1453 Inst.
1530 1418 1608 1462 111,
1625 1419 1664 1453 18
1676 1443 1687 1463 ‚

1014 1469 1073 1513 qui
1086 1469 1121 1502 id
1135 1495 1144 1511 ,
1162 1482 1261 1504 more
1277 1482 1340 1504 suo
1353 1495 1362 1512 ‚
1381 1470 1501 1504 acerbe
1520 1469 1688 1515 exagitat;

1014 1527 1049 1554 ct
1065 1520 1179 1554 Schol.
1198 1520 1375 1565 Apollonii
1390 1521 1432 1555 ad
1450 1521 1507 1555 lib.
1525 1521 1542 1556 I
1554 1546 1564 1564 ,
1589 1533 1621 1566 p.
1634 1520 1689 1555 30.

1012 1573 1259 1615 —Euphorbus
1269 1599 1278 1612 ‚
1298 1572 1425 1607 Panthi
1435 1571 1525 1606 filius
1538 1597 1547 1614 ,
1560 1571 1690 1616 Troja-

1012 1634 1079 1655 nus
1089 1621 1296 1657 fortissimus
1312 1623 1326 1666 (
1342 1623 1490 1656 Homer.
1507 1622 1546 1656 ΙΙ.
1563 1628 1605 1664 11,
1623 1622 1690 1657 808

1012 1675 1099 1718 sqq)
1115 1700 1124 1717 ,
1142 1675 1240 1718 cuius
1257 1680 1376 1719 pectus
1393 1674 1576 1709 Menelaus
1594 1672 1691 1708 hasta

1013 1725 1203 1770 perforavit
1217 1728 1229 1769 (
1245 1727 1285 1762 ΙΙ.
1300 1734 1336 1769 P,
1350 1728 1388 1772 47
1400 1726 1413 1768 )
1427 1752 1436 1770 ,
1457 1727 1616 1773 clypeum
1627 1738 1692 1760 au-

1013 1783 1087 1812 tem
1110 1777 1144 1812 in
1169 1779 1288 1827 προνάῳ
1307 1777 1426 1825 templi
1450 1777 1602 1812 Junonis
1619 1777 1692 1812 Ar-

1015 1828 1100 1874 givae
1116 1829 1295 1875 suspendit
1315 1843 1324 1870 ;
1353 1830 1503 1865 Pausan.
1530 1828 1692 1864 Corinth.

1013 1895 1046 1928 p.
1061 1884 1131 1926 148.
1142 1883 1269 1917 Anima
1279 1883 1353 1928 ejus
1365 1883 1401 1917 in
1410 1883 1690 1926 Hermotimum,

1013 1941 1090 1969 tum
1103 1936 1138 1970 in
1151 1936 1329 1982 Pyrrhum
1342 1962 1352 1979 ,
1365 1935 1508 1970 tandem
1518 1936 1555 1970 in
1565 1935 1692 1981 Pytha·

1014 2000 1134 2032 goram
1160 1988 1342 2022 transierat
1358 2013 1368 2030 ‚
1393 1987 1451 2032 qui
1470 1987 1551 2022 inde
1569 1994 1604 2022 et
1618 1987 1691 2032 ipse

1014 2039 1055 2073 ab
1072 2039 1232 2082 Horatio,
1248 2038 1312 2072 d.l.
1323 2040 1529 2073 Panthoides
1537 2045 1689 2074 vocatur.

1014 2091 1060 2126 lis
1085 2098 1200 2126 autem
1224 2090 1385 2125 omnibus
1406 2090 1570 2135 singulari
1588 2089 1690 2124 Mer-

1012 2142 1099 2178 curii
1125 2155 1272 2177 munere
1298 2141 1420 2176 datum
1443 2148 1517 2176 erat
1531 2168 1541 2184 ,
1567 2148 1606 2176 ut
1626 2140 1689 2175 soli

1012 2195 1252 2230 meminissent
1262 2221 1271 2239 ,
1286 2196 1345 2240 qui
1356 2202 1458 2230 antea
1467 2194 1610 2229 fuerint.
1623 2195 1689 2242 Py-

1011 2245 1170 2291 thagoras
1194 2247 1297 2292 igitur
1318 2259 1427 2292 quum
1449 2245 1627 2291 quondam
1649 2246 1690 2280 in

1012 2299 1142 2344 templo
1160 2299 1311 2334 Junonis
1330 2299 1427 2343 plura
1443 2298 1586 2332 donaria
1605 2309 1688 2332 sus-

1011 2363 1118 2395 pensa
1133 2350 1287 2394 videret,
1305 2351 1470 2397 clypeum
1481 2363 1521 2384 ex
1534 2349 1573 2384 iis
1589 2361 1688 2383 mon·

1011 2402 1130 2437 stravit
1147 2429 1156 2446 ‚
1183 2415 1287 2447 quem
1305 2428 1314 2446 ,
1343 2413 1462 2446 quun»
1478 2400 1689 2446 Euphorbus

1012 2461 1100 2489 esset
1112 2480 1122 2497 ,
1143 2460 1324 2499 gestasset.;
1343 2451 1688 2499 clypeusque-detra-

1011 2514 1086 2541 ctus
1100 2519 1230 2541 nomen
1244 2505 1422 2551 Euphorbi
1435 2504 1593 2549 praetulit.
1607 2503 1688 2551 Cly·

1012 2559 1068 2603 pei
1087 2559 1183 2593 enim
1201 2571 1242 2592 ex
1256 2570 1354 2591 more
1372 2562 1532 2590 veterum
1547 2567 1626 2589 cum
1640 2562 1689 2589 tn-

1011 2610 1086 2644 tulo
1107 2609 1270 2654 inscripto
1292 2607 1484 2642 consecrari
1509 2606 1686 2647 solebant³3

1012 2662 1133 2708 Virgil.
1153 2662 1236 2696 AEm
1254 2662 1326 2703 111,
1350 2660 1413 2694 286
1430 2673 1502 2705 sqq.
1516 2678 1560 2685 —
1573 2660 1699 2694 Sedere

1011 2713 1167 2749 solemne
1184 2712 1227 2747 de
1244 2712 1338 2747 hasta
1350 2737 1360 2755 ‚
1386 2711 1455 2746 telo
1471 2718 1506 2746 et
1520 2709 1683 2748 vulnere;

1013 2766 1091 2802 vide
1110 2765 1296 2802 Heinsium
1310 2791 1319 2809 ‚
1339 2764 1399 2810 qui
1416 2765 1506 2800 sedit
1517 2775 1558 2798 ex
1573 2760 1686 2797 veteri
