1820 3106
264 264 349 322 273

622 264 673 307 Ρ.
710 265 947 309 ovmn
982 265 1278 331 NASONIS

260 354 360 403 Ibat
381 355 425 402 in
449 374 564 403 arma
585 357 714 412 ratis,
738 356 964 422 multoque
987 370 1077 406 erat
1102 357 1231 407 altior
1248 358 1349 407 illis.

260 433 445 498 Jamque
469 432 619 481 labant
640 433 786 490 cunei,
812 434 1081 501 spoliataque
1102 437 1288 499 tegmine
1312 456 1418 485 cerae

258 511 385 559 Rima
411 523 552 577 patet,
578 512 831 578 praebetque
854 513 964 562 viam
987 513 1192 562 letalibus
1214 515 1359 562 undis.

1605 530 1670 566 515

256 590 368 636 Ecce
394 588 554 636 cadunt
576 587 686 651 largi
711 589 916 638 resolutis
937 591 1134 639 nubibus
1158 592 1321 640 imbres
1336 611 1353 648 ;-

255 665 397 730 Inque
420 666 580 714 fretum
604 666 751 715 credas
775 679 916 716 totum
938 668 1197 716 descendere
1213 668 1368 716 'caelum
1387 688 1396 725 ;

253 748 393 812 Inque
415 747 566 813 plagas
591 748 680 796 caeli
706 749 986 798 tumefactum
1009 750 1266 799 adscendere
1289 761 1492 816 pontum.

255 823 365 871 Vela
388 825 565 873 madent
588 826 776 884 nimbis;
801 839 844 875 et
868 847 966 875 cum
989 827 1233 875 caelestibus
1257 827 1389 875 undis

255 901 491 966 AEquoreae
513 902 751 952 miscentur
775 923 896 970 aquae
922 925 931 951 z
958 916 1074 953 caret
1097 904 1276 967 ignibus
1299 903 1454 961 aether;

1604 919 1668 952 520

260 978 468 1044 Caecaque
489 998 578 1027 nox
601 981 817 1045 premitur
842 982 1035 1029 tenebris
1056 982 1300 1047 hiemisque
1323 981 1514 1047 suisque.

257 1054 516 1103 Discutiunt
541 1069 684 1105 tamen
707 1058 805 1113 has,
830 1059 1113 1124 praebentque
1132 1059 1336 1106 micantia
1362 1058 1510 1106 lumen

216 1175 219 1179 .
255 1131 459 1180 Fulmina
484 1153 493 1180 :
519 1133 741 1182 fulmineis
765 1135 998 1184 ardescunt
1019 1136 1197 1199 ignibus
1217 1135 1357 1183 undae.

253 1258 436 1293 Lucretius
452 1266 487 1293 et
508 1259 560 1294 alii
582 1259 624 1294 de
647 1261 759 1295 ventis
778 1287 786 1304 ,
810 1268 929 1295 tamen

254 1310 335 1344 huic.
348 1310 423 1344 loco
441 1324 562 1355 parum
579 1311 765 1346 convenire
780 1312 865 1346 mihi
878 1312 931 1346 vi-

255 1363 367 1397 detur.
386 1365 476 1398 Nam
490 1364 696 1409 jamdudum
714 1369 930 1399 coortierant

253 1416 348 1449 venti
363 1431 370 1454 ;
390 1430 496 1462 quare
514 1430 594 1451 cum
609 1417 762 1452 secundo
773 1418 930 1452 Palatino

256 1474 291 1501 et
305 1467 467 1502 Francos.
485 1468 684 1514 praeferrem
701 1472 850 1510 mactis,-
873 1469 931 1502 in·-

255 1527 401 1564 gruente
426 1520 520 1554 enim
542 1521 710 1565 procella,
733 1528 770 1554 ut
793 1521 829 1553 in
854 1527 931 1554 tur-

253 1573 335 1607 bine
346 1573 421 1607 fieri
434 1574 521 1608 solet
532 1600 541 1617 ,
559 1575 703 1608 coibant
712 1575 806 1608 venti
816 1601 826 1617 ,
842 1581 877 1609 et
888 1575 930 1609 ab

255 1626 350 1659 omni
368 1633 464 1670 parte
484 1627 735 1672 impugnabant
755 1639 891 1661 navem.
911 1641 928 1656 »

253 1697 297 1704 -—
308 1679 406 1723 Regii
421 1679 532 1713 nostri
549 1683 681 1714 coortis.
697 1698 740 1705 -
755 1681 796 1713 In
814 1693 910 1713 arma
920 1707 928 1720 ‚

254 1743 289 1763 m
306 1737 532 1763 armamenta.

300 1783 373 1825 514.
391 1783 508 1821 Cunei,
526 1785 721 1826 χελύσματα,
738 1781 830 1826 ligna
842 1793 932 1826 quae-

254 1833 335 1866 dam
346 1833 523 1874 crassiora,
535 1845 611 1877 quae
621 1831 864 1866 inferebantur
873 1845 931 1865 na-

253 1887 369 1928 vibus,
387 1898 457 1929 quo
473 1884 588 1918 minus
600 1910 610 1927 ,
627 1884 654 1918 si
672 1884 706 1917 in
723 1897 800 1918 saxa
813 1884 932 1919 incur-

254 1945 373 1972 rerent
392 1964 401 1980 ,
423 1943 658 1972 attererentur
675 1937 820 1970 rimasve
837 1950 931 1970 con-

256 1990 434 2025 traherent
455 2004 462 2028 ;
486 1988 553 2022 vid.
575 1987 741 2022 Scheffer.
764 1987 806 2022 de
829 1988 931 2022 Milit.

255 2042 340 2077 Nav.
360 2041 600 2084 I,6.—Cerurn
617 2053 680 2084 pro
696 2040 769 2084 pice
785 2039 930 2084 positam

254 2101 378 2140 putant
398 2093 525 2137 Regius
546 2099 579 2125 et
596 2091 799 2125 Glareanus.
823 2091 930 2125 Certe

253 2147 328 2191 pice
343 2145 449 2179 oblini
463 2156 566 2178 naves
577 2144 732 2177 solebant
741 2169 750 2185 ‚
769 2150 807 2176 ut
817 2151 931 2177 essent

255 2197 401 2232 munitae
415 2203 534 2230 contra
551 2195 619 2228 vim
637 2207 815 2239 aquarum.
837 2195 930 2228 Hinc

254 2253 397 2294 με’)κινοιι
417 2255 586 2282 vorantur
607 2247 649 2280 ab
669 2248 837 2281 Homero.
858 2246 928 2280 Sed

254 2302 336 2348 picis
354 2302 428 2335 loco
445 2312 522 2334 cera
538 2298 715 2333 interdum
735 2298 929 2332 adhibeba-

253 2360 330 2391 tur:
354 2350 499 2386 Heroid.
521 2351 563 2393 V,
583 2351 623 2394 42
637 2363 647 2393 ,·
662 2352 783 2383 coerula
800 2356 930 2383 cerutus

252 2407 380 2447 acctjoit
391 2404 483 2437 unda
499 2409 597 2436 rates.
617 2402 773 2446 Utraque
786 2400 929 2434 materia

254 2457 478 2501 conjungitur
492 2454 579 2489 infra
594 2455 695 2497 XIV,
710 2455 930 2489 532.—H1·ma

240 2514 346 2551 'patet
358 2514 422 2541 etc.
441 2506 557 2552 Virgil.
576 2506 659 2540 AEn.
679 2506 717 2550 I,
740 2520 798 2540 12⁴1.
812 2532 821 2548 ‚
838 2508 930 2538 lua-125

253 2562 392 2593 laterum
404 2561 616 2602 compagibus
627 2570 738 2592 omncs
750 2558 932 2601 Accipiunt

254 2614 422 2643 inimicum
432 2612 564 2643 imbrem
573 2637 580 2648 ‚
595 2609 929 2653 rirntquuefutiscunl.

255 2681 298 2690 «-
319 2665 435 2697 Tolum
461 2665 655 2697 descendere
682 2665 805 2696 caelum.
832 2661 929 2706 Virg.

253 2713 335 2748 ibid.
350 2728 409 2761 129
419 2740 428 2757 ‚
446 2717 657 2748 coeliruinam
671 2721 786 2753 vocam
801 2713 928 2758 Georg.

255 2765 272 2801 I
291 2791 300 2810 ,
323 2766 386 2802 318
399 2791 409 2809 ‚
426 2769 494 2801 ruit
506 2767 614 2801 aelher.
631 2785 675 2794 --
693 2767 826 2802 Cadunt
845 2768 935 2811 largi

994 1265 1123 1297 imbres.
1153 1261 1274 1296 Codex
1306 1261 1434 1307 Regius
1458 1261 1490 1295 A
1510 1287 1519 1303 ,
1547 1262 1672 1295 cadunt

993 1317 1133 1348 laleetc.
1146 1326 1222 1359 quae
1234 1314 1334 1348 lectio
1345 1326 1417 1347 non
1429 1312 1592 1358 displicet.
1604 1313 1669 1346 Ed.

993 1368 1256 1401 —Descenderc
1279 1368 1403 1400 coelum.
1430 1365 1512 1399 Duo
1537 1371 1670 1398 veteres

994 1420 1161 1452 discedere
1178 1445 1186 1458 ‚
1217 1417 1311 1451 unde
1337 1416 1503 1451 Heinsius
1531 1415 1671 1458 conjicit

995 1471 1158 1508 desidere,
1186 1475 1225 1502 ut
1239 1468 1401 1513 Virgilius
1413 1494 1422 1511 ,
1441 1466 1580 1501 AEneid.
1594 1465 1648 1500 ΙΙΙ
1659 1491 1668 1507 ,

997 1521 1059 1554 565
1071 1546 1080 1563 ,
1094 1523 1265 1553 admones
1275 1523 1359 1553 imos
1375 1521 1557 1553 desidimus
1570 1519 1668 1551 unda.

993 1571 1139 1616 —Regii
1155 1571 1264 1604 nostri
1281 1571 1369 1604 bene
1386 1570 1515 1604 habent
1531 1571 1671 1602 descen-

993 1625 1078 1656 dere.
1093 1641 1136 1648 -
1149 1625 1263 1666 Plagae
1277 1625 1370 1661 caeli,
1394 1621 1491 1666 regio
1508 1620 1648 1655 caelestis
1658 1645 1667 1662 ,

993 1674 1124 1709 caelum.
1142 1693 1184 1699 --
1202 1675 1422 1708 Adscendere.
1442 1672 1592 1707 Plurimi
1608 1673 1669 1715 (et

993 1726 1103 1759 nostri
1117 1725 1237 1770 Regii)
1250 1727 1427 1765 scandere;
1441 1723 1583 1768 quidam
1593 1735 1670 1756 sur—

992 1789 1090 1821 gere‚·
1110 1776 1286 1811 Gebhard.
1306 1776 1410 1821 Crep.
1426 1776 1501 1819 111,
1519 1775 1579 1819 23,
1596 1774 1670 1808 vult

993 1832 1173 1863 escendere.

1041 1885 1059 1916 5
1067 1896 1075 1915 ι
1083 1895 1114 1929 9.
1132 1884 1214 1929 Veia
1223 1883 1357 1915 madent
1363 1883 1493 1914 nimbis.
1502 1880 1586 1914 Post
1597 1885 1668 1912 tam

994 1933 1171 1968 horribilia
1197 1933 1427 1978 pbaenomena
1451 1931 1538 1965 male
1565 1929 1670 1965 addi-

995 1992 1064 2027 tur,
1078 1989 1152 2019 vela
1160 1985 1263 2019 etiam
1274 1987 1450 2022 maduisse,
1465 1983 1554 2017 male
1564 1982 1670 2017 etiam

994 2046 1070 2084 post
1082 2038 1259 2083 superiora
1272 2064 1281 2081 ,
1292 2050 1366 2071 cum
1376 2039 1561 2071 caelestibus
1571 2037 1671 2070 undis

994 2093 1162 2134 AEyuoreoe
1171 2091 1535 2133 mineatum—Ignibus,
1552 2088 1668 2131 stellis,

994 2155 1070 2187 quae
1092 2142 1162 2187 jam
1188 2142 1337 2175 nubibus
1361 2141 1529 2175 obductae.
1550 2142 1670 2174 Ed.—

996 2195 1101 2227 Coeca.
1114 2192 1506 2230 Obscum—premitur,
1521 2192 1669 2236 (τωθ-

993 2245 1110 2279 nebrae
1132 2258 1220 2278 onus
1239 2245 1356 2289 quasi,
1383 2244 1549 2278 incubans
1568 2249 1668 2277 terrae

993 2306 1027 2332 et
1041 2305 1148 2343 ponto
1160 2299 1380 2332 —Micantim
1393 2297 1497 2331 Multi
1511 2296 1573 2341 (et
1586 2308 1669 2330 nos-

994 2351 1036 2384 tri
1058 2351 1156 2395 Regii
1173 2354 1358 2391 minantia;
1385 2348 1522 2383 Primus
1541 2347 1668 2381 Palati-

993 2415 1076 2446 nus,
1094 2402 1266 2437 secundus
1284 2401 1459 2436 Mediceus
1470 2424 1480 2441 ,
1494 2399 1665 2441 Urbinas,

993 2455 1294 2500 Berneggerianus
1316 2481 1324 2497 ‚
1357 2452 1530 2498 Spirensis
1552 2458 1588 2485 et
1613 2451 1669 2485 alii

991 2511 1157 2548 minacia‚·
1177 2507 1256 2541 hinc
1273 2506 1438 2540 Heinsius
1454 2503 1594 2548 conjicit
1603 2506 1669 2537 mi·-

992 2562 1151 2593 cace'a.-
1162 2560 1356 2592 Ardescunt.
1375 2556 1512 2590 Primus
1531 2553 1667 2588 Erford.

991 2613 1212 2647 candescunt,
1231 2608 1323 2654 quod
1336 2607 1526 2652 impensius
1538 2604 1667 2639 arridet

994 2662 1150 2696 Heinsio.
1177 2661 1367 2694 Ardescunt
1390 2659 1402 2701 (
1422 2657 1666 2703 quodhahent

991 2714 1100 2747 nostri
1120 2713 1218 2758 Regii
1236 2713 1248 2755 )
1263 2738 1272 2755 ,
1294 2711 1396 2756 igneo
1415 2710 1528 2745 colore
1545 2720 1616 2742 esse
1631 2713 1666 2741 et

990 2765 1071 2812 ipsae
1086 2765 1259 2801 videntur.
1273 2763 1454 2809 Ingeniose
1473 2759 1613 2806 quidem
1630 2765 1665 2792 et
