1820 3106
395 261 840 308 METAMORPH
857 262 1079 309 O‘SEON
1109 264 1239 309 LIB.
1275 265 1368 308 XI.

186 356 532 422 Distinctamque
555 354 686 405 fidem
709 355 916 419 gemmis,
941 367 984 405 et
1005 355 1212 409 dentibus
1231 357 1357 408 Indis

1500 265 1585 321 243

185 434 379 484 Sustinet
402 453 427 482 a
447 432 553 482 laeva
575 453 585 482 :
610 433 752 482 tenuit
770 453 926 483 manus
948 434 1081 483 altera
1099 433 1327 501 plectrum.

185 509 377 561 Artificis
398 521 539 559 status
560 510 654 577 ipse
674 510 760 559 fuit
782 530 792 558 :
813 522 906 560 tum
929 511 1115 560 stamina
1138 511 1269 563 docto

186 587 349 639 Pollice
371 587 579 636 sollicitat
598 607 608 636 z
631 604 817 654 quorum
843 587 1073 636 dulcedine
1097 601 1253 655 captus

1538 615 1600 650 170

186 666 304 715 Pana
323 665 449 731 jubet
468 664 654 713 Tmolus
672 664 849 713 citharae
872 664 1128 714 submittere
1153 684 1325 714 cannas.

184 743 409 800 Iudicium
429 743 655 809 sanctique
669 742 820 809 ‘placet
843 742 1056 791 sementia
1074 742 1240 791 montis

188 822 413 871 Omnibus
434 842 444 869 :
465 821 664 884 arguitur
687 833 829 871 tamen
843 858 855 878 ‚
883 832 1013 886 atque
1037 821 1201 886 injusta
1221 832 1401 870 vocatur

188 900 331 949 Unius
354 918 554 949 sermone
577 899 712 949 Midae
732 919 742 947 :
765 919 845 948 nec
868 898 1022 947 Delius
1047 918 1172 947 aures

187 977 437 1026 Humanam
460 975 644 1025 stolidas
667 975 837 1042 patitur
856 976 1043 1025 retinere
1067 976 1278 1039 figuram;
1403 1004 1405 1007 ·
1512 1030 1515 1033 ,
1546 991 1607 1038 175

189 1107 359 1143 Horatius
373 1134 383 1150 ,
402 1106 445 1141 A.
464 1106 505 1141 P.
523 1109 587 1140 215
603 1132 612 1148 ,
637 1109 746 1141 traxit
758 1119 864 1151 vagus

181 1162 380 1205 perpulpim
389 1166 527 1200 venem,-
538 1158 710 1202 Tibullus,
719 1158 752 1192 d.
760 1158 782 1192 l.
793 1160 867 1192 Ima

190 1214 366 1247 videbatur
373 1214 455 1246 talis
462 1212 601 1245 illudere
601 1213 710 1254 palla.
720 1210 791 1245 Sed
804 1223 866 1256 pro

189 1268 293 1300 unit
306 1263 374 1299 hoc
391 1263 468 1298 loco
476 1289 487 1306 ‚
505 1275 594 1298 unus
606 1262 676 1298 MS
686 1262 868 1310 B'asileen-

187 1318 235 1353 sis
253 1320 383 1355 sulcat,
401 1317 484 1352 satis
495 1316 681 1362 eleganter.
700 1315 870 1359 Claudia-

190 1382 277 1413 nna,
288 1369 327 1404 in
344 1368 491 1414 Eutrop.
509 1368 559 1412 11,
573 1369 658 1411 300,
674 1381 788 1403 currus
799 1371 869 1402 sul-

190 1423 357 1467 caetjuga.
372 1440 417 1448 —
431 1422 592 1457 Salutata
610 1422 711 1467 Tyrio
725 1424 865 1462 murice,

190 1474 272 1511 satis
287 1473 421 1509 imbuta
437 1473 553 1508 colore
569 1485 755 1518 purpureo.
769 1473 873 1507 Satur

189 1529 284 1561 miae
295 1538 314 1560 e
331 1524 448 1563 Plinio
461 1530 577 1560 notus.
601 1542 647 1550 —
667 1525 788 1566 Fides,
817 1523 869 1559 ci—

191 1577 309 1619 thara5
325 1576 512 1619 Horatius,
533 1576 550 1611 1
564 1602 574 1619 ,
592 1575 663 1611 Od.
681 1586 760 1609 xvu
772 1601 782 1618 ‚
804 1577 843 1610 18
856 1602 866 1619 ‚

176 1632 274 1676 fides
296 1630 399 1671 reaia,
426 1629 501 1676 lyra
525 1628 757 1664 Anacreontis
780 1628 870 1663 Teii.

189 1682 404 1719 Glossarium
415 1682 637 1718 Graeco-Lat.
652 1684 758 1722 Fidis.
772 1685 847 1731 λύρα
856 1707 867 1725 ,

187 1737 304 1786 κιθάρα.
319 1735 405 1771 Erat
414 1738 595 1774 thuna-ta,
610 1734 702 1770 culta
711 1761 722 1777 ‚
733 1740 867 1770 ornata.

189 1787 282 1823 Vide
305 1787 502 1823 Heinsium.
517 1786 561 1821 ad
578 1787 670 1821 Fast.
698 1786 757 1829 11„
781 1786 868 1826 3183

191 1839 359 1886 Apuleius
373 1865 382 1883 ,
397 1837 530 1874 Florid.
546 1838 562 1873 Ι
577 1864 586 1881 ,
614 1837 658 1872 de
683 1836 869 1882 Apolline:

191 1906 210 1922 «
229 1891 330 1936 Quid
349 1890 442 1936 quod
459 1897 495 1925 et
509 1890 583 1937 lyra
599 1889 675 1934 ejus
690 1894 776 1923 auro
792 1887 870 1922 sul-

193 1959 212 1975 n
227 1951 343 1991 gunt,
358 1944 463 1979 ebore
473 1942 644 1986 candicat,
658 1942 870 1988 gemmisva-

195 2011 214 2027 n
229 1996 394 2042 riegatur.
413 2010 431 2026 u
455 1995 487 2029 Δ
505 1994 647 2029 Tibullo
661 1993 695 2028 d.
712 1994 734 2028 l.
751 1994 782 2028 ei
799 1993 871 2028 tri-

193 2049 327 2092 buitur,
326 2049 469 2093 fulgens
477 2049 642 2083 testudine
649 2053 685 2081 et
690 2060 773 2081 auro
782 2049 872 2093 lyra,-

194 2107 232 2135 εἰ
257 2101 329 2143 IV,
351 2110 398 2134 ιιι
411 2124 421 2143 ,
452 2113 492 2134 22
507 2125 517 2143 ,
534 2100 724 2134 testudinea
747 2100 873 2133 Phoebe

196 2153 335 2196 superbe
345 2153 431 2198 lyra.
445 2150 517 2186 Sed
535 2150 601 2186 hoe
619 2151 694 2185 loco
705 2150 871 2196 plurimi,

195 2202 562 2248 ffinhctauqumuod
571 2202 702 2237 nouem
712 2203 754 2237 ab
763 2202 873 2237 Hein-

196 2256 248 2291 sio
264 2261 415 2300 quatuor
430 2253 546 2291 codd.
563 2255 765 2290 auctoritate
784 2267 873 2289 mu-

197 2315 322 2344 tatum.
343 2307 423 2342 Non
442 2319 534 2352 nego
548 2332 558 2350 ,
586 2310 782 2342 astructum
805 2307 874 2342 dici

197 2374 263 2408 pro
273 2387 283 2405 ‚
301 2363 465 2395 ornatum
478 2386 488 2403 ,
504 2359 565 2395 sed
581 2361 774 2394 dtlctlnctum
794 2360 874 2395 ele—-

197 2416 334 2462 gantius
358 2415 472 2450 multo
496 2414 645 2449 verbum
675 2421 727 2450 est
742 2440 752 2458 ‚
780 2414 875 2460 quod

196 2473 386 2513 ustarpatur
400 2466 443 2501 de
466 2466 570 2500 rebus
585 2492 595 2510 ,
623 2477 700 2511 quae
717 2465 876 2510 dispersis

198 2520 416 2556 ornamentis
424 2519 597 2565 variegata
604 2526 695 2554 sunt.
706 2518 764 2554 sie
774 2531 876 2564 pocu-

198 2570 232 2605 la
244 2573 405 2606 distincta
421 2571 567 2616 gemmis
578 2597 589 2614 ‚
607 2577 705 2616 prata
718 2573 878 2606 d1zrtincta

200 2619 346 2656 floribus
357 2646 368 2664 ,
393 2622 516 2656 caelum
537 2625 730 2657 distinctum
743 2621 848 2657 stellis
866 2648 877 2666 ,

202 2673 329 2720 passim
346 2681 382 2709 et
397 2674 586 2720 eleganter.
599 2693 643 2700 —-
654 2675 755 2721 Regii
768 2675 879 2710 nostri

202 2725 542 2767 habentdezrtmctam‚
561 2726 654 2771 quod
665 2727 802 2772 reposui
815 2739 879 2771 pro

202 2781 400 2814 instructam
411 2779 507 2825 quod
518 2781 635 2824 Gierig
642 2779 680 2814 in
691 2779 880 2819 Heinsium

929 1107 1032 1153 paulo
1043 1106 1277 1143 verecundior
1287 1107 1431 1152 rejicere
1449 1121 1522 1143 non
1535 1116 1609 1144 erat

931 1173 1052 1195 ausus:
1074 1174 1140 1196 nec
1167 1161 1278 1195 aberit
1303 1174 1321 1196 a
1342 1174 1400 1196 me
1424 1163 1609 1198 auctoritas

930 1213 1134 1258 sagacissimi
1153 1213 1359 1248 Burmanni.
1377 1215 1442 1248 Ed.

981 1265 1051 1313 169.
1078 1267 1175 1310 Ipse,
1202 1266 1410 1302 verissimus.
1432 1285 1475 1292 —
1497 1268 1613 1302 Status

932 1318 1072 1362 amficis·
1084 1342 1092 1356 ,
1131 1319 1185 1350 die
1201 1317 1355 1361 Stellung
1367 1321 1457 1371 eines
1479 1319 1617 1353 Virtuo-

930 1380 1000 1402 sen.
1028 1368 1090 1402 Est
1104 1368 1210 1402 etiam
1226 1368 1421 1403 oratoribus
1439 1381 1521 1404 suus
1537 1377 1613 1404 sta-

930 1426 1003 1462 tus,
1022 1420 1096 1456 Cic.
1111 1421 1177 1457 Or.
1190 1422 1227 1465 1,
1246 1424 1308 1470 59,
1325 1435 1432 1468 quem
1450 1422 1614 1459 describit

933 1474 1175 1519 Quintilianus
1193 1501 1202 1518 ,
1231 1475 1315 1511 inst.
1331 1475 1398 1511 Or.
1411 1477 1428 1511 Ι
1442 1502 1452 1520 ,
1478 1488 1516 1512 xi
1529 1503 1538 1519 ,
1561 1478 1612 1512 16.

930 1544 975 1552 -—·
995 1527 1078 1561 Tum
1092 1530 1250 1563 stamina.
1272 1528 1376 1564 Unus
1391 1532 1553 1563 carmina.
1569 1547 1614 1555 —

933 1577 1034 1623 Regii
1049 1578 1185 1614 codices
1196 1583 1364 1622 stamina‚·
1376 1584 1528 1615 carmina
1541 1594 1617 1615 me-

930 1643 970 1665 ra
980 1631 1088 1676 glossa
1098 1638 1160 1666 est.
1171 1633 1445 1674 Ed.—.5'tam1·na‚
1461 1634 1612 1670 chordae.

933 1682 1048 1728 Supra
1061 1685 1133 1729 fila
1153 1688 1323 1720 sonantia.
1352 1685 1488 1721 Laudat
1512 1687 1612 1722 Bur-

933 1747 1087 1769 mannus
1101 1748 1119 1769 e
1133 1734 1299 1772 Catalect.
1311 1737 1404 1773 Pith.
1415 1738 1481 1781 IV,
1491 1751 1524 1783 p.
1538 1741 1612 1783 157,

932 1787 1071 1821 Musica
1100 1791 1296 1832 contingens
1326 1792 1446 1824 subtili
1465 1793 1616 1825 stamina

929 1839 1257 1882 pulsu.—Sollicitat
1265 1866 1273 1880 ,
1292 1841 1443 1885 percutit
1454 1867 1464 1884 ‚
1483 1842 1594 1886 pulsat
1607 1857 1616 1881 z

936 1901 1019 1923 nam
1034 1892 1221 1925 sollicitare
1237 1891 1386 1926 omnino
1402 1899 1453 1927 est
1467 1918 1476 1936 ,
1493 1894 1618 1939 saepius

936 1952 1078 1975 movere
1089 1967 1099 1984 ,
1115 1947 1155 1975 ut
1163 1944 1349 1979 sollicitare
1360 1956 1462 1985 mate,
1473 1946 1617 1980 humum.

933 1995 1116 2029 —Pollica
1126 1994 1238 2029 Paulo
1250 2007 1293 2029 an
1298 2002 1330 2030 te
1341 1998 1506 2039 plectrum
1519 2010 1620 2034 corn-

936 2052 1165 2081 memoratur.
1186 2047 1324 2093 Nempe
1349 2047 1489 2085 chordae
1514 2051 1620 2096 pulpa

937 2097 1128 2143 digitorum
1141 2099 1386 2144 pulsabantur,
1401 2101 1460 2136 sed
1475 2103 1511 2136 in
1523 2103 1622 2138 clau-

936 2149 1018 2185 sulis
1028 2150 1070 2184 ad
1084 2151 1277 2196 pleniorem
1291 2153 1514 2189 harmoniam
1528 2156 1617 2200 plec-

938 2210 994 2237 tro
1016 2204 1132 2249 plures
1148 2205 1288 2241 chorda
1307 2219 1380 2242 uno
1401 2208 1472 2243 ictu
1495 2215 1621 2254 tange-

937 2257 1078 2292 bantur.
1095 2258 1177 2293 Vid.
1193 2259 1371 2296 Gesnerus
1390 2261 1433 2295 ad
1454 2261 1621 2297 Claudia—

938 2323 1027 2346 num
1040 2337 1050 2354 ,
1067 2312 1245 2356 XXXIV,
1268 2317 1318 2348 15.

988 2377 1060 2409 ¹7¹·
1074 2365 1286 2406 Submittere‚
1313 2372 1523 2411 postponere
1536 2393 1545 2409 ,
1563 2366 1623 2403 sa·-

940 2414 1007 2449 teri
1023 2427 1079 2450 eas
1092 2415 1275 2452 inferiores
1293 2429 1365 2452 esse
1383 2418 1466 2464 lyrae
1478 2417 1622 2463 Apolli-

940 2480 1028 2502 neae.
1044 2485 1089 2493 —-
1105 2470 1244 2503 Cannas
1258 2495 1267 2510 ,
1296 2469 1418 2504 tibiam
1440 2482 1481 2505 ex
1502 2471 1626 2510 cannia

940 2520 1145 2555 consectam.
1162 2522 1228 2556 Ed.

991 2573 1060 2617 ¹73·
1092 2573 1229 2615 Injusta
1258 2579 1408 2609 vocatur.
1433 2573 1623 2612 Vossianus

942 2624 1071 2669 injusta
1086 2630 1240 2659 notatur:
1257 2638 1331 2660 non
1350 2626 1451 2662 male.
1466 2645 1510 2653 -—
1522 2628 1625 2673 Regii

943 2675 1054 2710 nostri
1068 2682 1228 2719 vocatur:
1243 2689 1443 2724 quanquam
1460 2687 1624 2715 notature

943 2727 1113 2772 scriptura
1135 2734 1278 2763 uocatur
1299 2730 1336 2764 in
1359 2730 1429 2766 MS
1451 2732 1625 2766 vossiano

944 2792 1007 2825 per
1023 2780 1267 2817 confusionem
1279 2782 1463 2819 literarum
1475 2784 1543 2831 legi
1556 2796 1627 2828 po·-
