1820 3106
315 291 399 318 222

500 276 552 319 P.
579 275 780 321 0V1D11
807 275 1063 322 NASONIS
1085 264 1331 323 METAM.
1366 281 1480 325 Lm.
1512 282 1574 326 x.

311 367 480 416 Punica
506 369 617 418 ferre
640 368 786 418 solent
806 388 817 418 :
835 366 980 420 brevis
1002 384 1235 421 est-tamen
1257 392 1366 423 usus
1388 374 1435 422 in
1458 374 1536 423 illo
1554 395 1565 433 ;

311 447 514 513 Namque
534 446 646 496 male
669 447 903 496 haerentem
918 485 930 505 ‚
953 460 997 496 et
1018 449 1152 497 nimia
1173 449 1345 500 levitate
1368 452 1580 502 caducum

309 524 555 572 Excutiunt
577 524 692 573 idem
706 562 718 582 ‚
743 525 820 591 qui
844 538 1055 591 praestant
1075 529 1253 577 nomina
1271 522 1401 577 'venti

308 646 460 679 celantur
480 648 629 689 tegmine.
652 663 695 672 ·-
723 648 838 681 Celare
861 648 987 692 passim

310 708 375 740 pro
388 722 397 738 ,
425 702 541 741 tegere
557 723 567 740 ‚
589 704 628 732 ut
645 699 736 733 celat
754 702 879 741 amictu
897 713 957 734 ora
971 727 980 741 ‚

310 749 402 784 Fast.
429 749 465 784 ΙΙ
481 775 490 792 ,
519 750 604 796 8ι9;
630 756 666 784 et
689 754 802 785 vultus
826 754 989 787 velamine

309 803 415 841 celat,
435 801 481 834 ib.
499 801 553 835 VI
566 827 575 845 ,
596 803 669 848 579.

355 854 428 900 737.
441 855 481 888 ln
491 857 551 888 illo
563 881 571 895 ,
599 855 674 900 ejus
685 855 781 890 :vide
794 855 836 890 ad
849 868 990 891 versum

310 907 385 942 651.
400 926 443 934 —
456 909 552 942 Male
563 935 572 948 ,
603 922 678 944 non
694 910 854 946 firmiter.
871 911 989 947 Etiam

310 960 379 1002 ΙΙΙ,
390 960 465 1005 730,
467 959 611 1002 frondes
622 964 710 995 male
719 963 888 1005 leoerenlcs;
899 963 988 997 Hor.

311 1011 327 1044 I
337 1036 347 1053 ‚
366 1011 438 1045 Sat.
455 1021 500 1044 111
515 1037 524 1054 ‚
541 1012 580 1046 31
596 1038 605 1054 ‚
618 1015 706 1047 male
716 1016 751 1047 in
757 1016 845 1056 pede
855 1017 989 1049 calceus

310 1065 419 1096 hoemt.
432 1061 502 1096 Sed
512 1075 616 1108 supra
627 1064 695 1107 IV,
708 1079 748 1110 27
758 1091 767 1108 ‚
780 1066 992 1110 nonfhrte'ter

311 1116 412 1147 hoeret
432 1116 539 1148 asello
552 1141 561 1155 ,
592 1127 656 1160 pro
673 1126 742 1160 quo
760 1116 884 1152 Horat.
904 1117 959 1152 III
976 1143 986 1161 ‚

312 1164 383 1199 Od.
397 1166 438 1208 24
450 1191 459 1207 ,
474 1167 516 1199 55
531 1192 539 1209 ,
552 1166 752 1212 simpliciter
763 1169 877 1203 Haeret
888 1182 986 1213 equo,

312 1216 392 1261 quia
408 1218 528 1251 herere
542 1218 615 1261 iam
632 1219 668 1253 in
684 1233 720 1254 se
743 1219 848 1255 habet
864 1220 989 1255 notio-

310 1281 395 1302 nem
409 1268 660 1307 imbecillitatis.
668 1290 712 1299 —
722 1274 836 1307 Nimia
845 1275 988 1308 lemme.

310 1321 415 1356 Unus
432 1320 571 1357 Ciosani
584 1326 690 1359 nimia
699 1326 995 1369 grumam-Rea

311 1374 355 1418 gii
373 1373 520 1410 Codices
538 1378 735 1412 leus‘tate.—
750 1380 819 1422 Qui
825 1386 989 1423 praestant

311 1431 455 1463 nomina.
471 1429 587 1475 Vulgo
594 1434 739 1476 pessant
746 1436 873 1475 omnia,
891 1433 985 1482 quod

1051 650 1149 686 MSS
1170 651 1272 687 nullis
1293 651 1521 687 confirmatur
1570 652 1726 698 plerique

1045 708 1209 747 proeslanl
1215 707 1328 739 onmia
1338 732 1347 745 ‚
1369 704 1422 739 vel
1431 707 1579 748 pr'oebent
1585 709 1698 740 omnia
1711 717 1724 748 ‚·

1051 762 1185 800 septem
1201 762 1364 799 prestant
1385 759 1544 798 nominas·
1563 756 1726 792 eamdem

1052 807 1239 842 lectionem
1254 807 1340 842 dant
1350 820 1414 853 pro
1427 807 1560 843 diversa
1577 808 1726 843 lectione

1052 867 1186 905 septem
1198 860 1252 895 alii
1263 875 1273 902 ;
1288 860 1548 896 Arundelianus
1559 864 1573 901 ,’
1580 863 1730 905 prebent

1053 916 1197 947 nomina.
1218 931 1262 938 --
1288 912 1389 959 Regii
1415 913 1526 948 nostri
1550 912 1699 948 Codices
1715 939 1726 957 ‚

1047 973 1212 1010 prestant
1221 970 1333 1001 omnia
1349 979 1359 1000 .·
1376 967 1477 1002 male.
1487 968 1655 1001 Pru-stant
1665 980 1729 1002 no-

1052 1020 1144 1051 mina
1160 1018 1326 1053 Heinsius
1341 1017 1500 1063 probavit·
1509 1022 1586 1063 post
1594 1025 1727 1053 nostra-

1052 1076 1127 1104 tem
1144 1070 1306 1115 M'e'nage,
1324 1071 1422 1115 cujus
1444 1070 1666 1116 ingeniosum
1691 1077 1728 1105 et

1053 1120 1230 1156 eruditum
1244 1120 1321 1155 vide
1337 1134 1423 1166 opus
1434 1147 1443 1164 ,
1460 1120 1554 1166 quod
1569 1119 1727 1156 Gallicas

1052 1177 1197 1217 origines
1211 1172 1392 1218 inscripsit.
1408 1174 1475 1207 Ed.
1492 1191 1536 1199 —-
1556 1171 1727 1208 Adonidis

1051 1234 1157 1260 cruor
1169 1225 1206 1259 in
1220 1232 1418 1260 anemonen
1428 1224 1554 1260 florem
1571 1231 1725 1260 mutatus

1052 1286 1126 1322 est,
1142 1278 1201 1324 qui
1215 1278 1256 1313 ab
1271 1279 1400 1324 ἀνέμου,
1417 1291 1436 1313 a
1449 1280 1559 1313 vento
1569 1305 1578 1321 ,
1593 1290 1725 1313 nomen

1052 1329 1202 1364 deducit.
1219 1329 1352 1365 Plinius
1365 1356 1375 1374 ,
1398 1330 1489 1365 XXI
1503 1355 1513 1374 ,
1539 1329 1600 1365 23:
1615 1343 1632 1360 τι
1645 1328 1726 1364 Flos

1053 1397 1070 1412 n
1084 1393 1268 1428 nunquam
1274 1395 1312 1417 se
1323 1381 1432 1428 aperit
1441 1408 1451 1425 ‚
1464 1381 1530 1417 nisi
1539 1379 1644 1416 vento
1654 1380 1726 1426 spi-

1053 1440 1182 1469 »rante
1196 1459 1206 1478 ,
1230 1433 1325 1468 unde
1343 1440 1378 1468 et
1394 1445 1527 1471 nomen
1547 1431 1686 1479 accepit.
1706 1446 1724 1461 n
