1820 3106
263 197 343 241 160

630 200 683 244 P.
718 202 958 248 OVIDII
997 200 1301 252 NASONIS

253 289 493 357 Squalidus
516 292 563 340 in
585 293 683 361 ripa
697 332 708 353 ,
738 296 908 346 Cereris
931 298 1024 347 sine
1043 318 1243 359 munere,
1269 301 1396 350 sedit.

253 369 394 428 Cura,
420 370 635 438 dolorque
658 372 815 431 animi,
839 372 1148 442 lacrymaeque,
1174 377 1379 427 alimenta
1399 378 1539 428 fuere.'
1625 392 1668 442 7¹5

248 442 359 495 Esse
382 448 502 496 Deos
526 449 663 497 Erebi
686 450 882 500 crudeles
906 464 1088 519 questus
1103 491 1114 512 ,
1136 455 1183 502 in
1214 454 1345 504 altam

248 523 305 572 Se
326 525 482 599 recipit
504 526 780 593 Rhodopen,
806 527 1073 596 pulsumque
1095 530 1398 598 Aquilonibus
1423 533 1623 582 Haemon.

247 602 426 650 Tertius
449 604 662 669 aequoreis
683 604 900 654 inclusum
924 606 1128 657 Piscibus
1152 628 1314 657 annum

247 678 442 727 Finierat
464 679 624 737 Titan;
649 700 909 748 omnemque
930 682 1150 746 refugerat
1173 686 1383 752 Orpheus

247 756 493 805 Femineam
515 757 757 816 Venerem;
785 778 862 808 seu
885 761 1006 826 quod
1029 760 1141 810 male
1166 776 1356 812 cesserat
1377 763 1469 822 illi;
1623 782 1668 816 80

245 834 346 882 Sive
367 834 499 883 fidem
523 835 702 884 dederat
724 857 734 884 :
758 836 917 886 multas
942 850 1084 887 tamen
1106 839 1236 888 ardor
1257 840 1452 890 habebat

242 912 438 974 Jungere
459 931 504 961 se
528 913 642 971 vati;
668 913 816 962 multae
841 914 1018 964 doluere
1042 915 1239 982 repulsae.

244 988 325 1037 Ille
350 990 482 1038 etiam
504 990 725 1038 Thracum
750 991 930 1057 populis
952 992 1037 1041 fuit
1057 1006 1235 1053 auctor,
1262 1015 1454 1046 amorem

243 1067 297 1113 In
320 1077 496 1114 teneros
522 1066 753 1115 transferre
775 1086 939 1127 mares3
966 1070 1157 1137 citraque
1179 1072 1401 1137 juventam

243 1143 406 1191 AEtatis
427 1143 560 1191 breve
582 1163 657 1192 ver
671 1181 682 1203 ,
709 1156 752 1193 et
774 1145 942 1211 primos
969 1166 1145 1214 carpere
1164 1147 1306 1197 flores.
1619 1165 1664 1200 85

241 1265 434 1287 numerum
449 1254 588 1299 elegisse
602 1254 810 1290 Burmanno
823 1256 923 1291 vide-

242 1311 301 1338 tur
311 1331 320 1347 ,
339 1305 419 1349 quia
429 1305 520 1340 ultra
531 1313 665 1351 septem
678 1307 749 1342 dies
759 1308 833 1343 sine
845 1308 922 1343 cibo

240 1356 369 1391 durare
394 1359 467 1391 non
490 1371 587 1403 posse
609 1359 774 1393 creditur.
801 1360 921 1405 Equi-

241 1407 324 1442 dem
338 1409 453 1454 potius
467 1410 617 1444 arbitror
627 1436 636 1453 ,
657 1411 735 1455 quia
751 1418 920 1456 septena-

239 1461 311 1496 rius
329 1474 498 1497 numerus
511 1463 594 1497 olim
607 1477 703 1498 sacer
717 1464 918 1500 habebatur.

241 1513 376 1557 Etiam,
399 1514 451 1549 lx
464 1541 473 1558 ,
493 1528 578 1562 29²¹
597 1515 766 1551 Alcmene
783 1523 918 1562 septem

239 1579 303 1611 per
323 1574 442 1601 noctes
461 1567 644 1602 cruciatur.
666 1568 769 1613 Apud
791 1569 918 1614 Virgi-

216 1612 224 1614 ἶ
237 1618 325 1653 lium
339 1626 474 1664 septem
489 1632 627 1654 menses
640 1619 736 1654 sedet
752 1620 794 1654 ad
808 1620 917 1667 Stry-

239 1672 354 1706 monis
366 1672 487 1706 undas.
500 1672 594 1707 Infra
605 1699 614 1717 ‚
628 1673 731 1717 XIV,
746 1674 811 1717 423
821 1700 830 1718 ,
847 1673 916 1708 ali-

237 1724 314 1769 quis
329 1738 390 1759 sex
405 1732 524 1760 noctes
540 1725 644 1771 luget.

282 1778 334 1822 75.
357 1777 532 1811 Alimenta
542 1776 652 1820 suere.
678 1777 855 1812 Palatinus
880 1784 915 1812 et

236 1841 327 1863 unus
341 1829 475 1864 Moreti
491 1833 649 1865 alimenta
664 1832 787 1865 dedere.
808 1831 912 1867 Male.

234 1880 389 1926 —Regii
403 1882 513 1916 nostri
516 1882 790 1927 suere—Curis
805 1891 840 1918 et
856 1884 914 1918 la-

234 1933 363 1978 crymis
377 1946 451 1966 non
466 1936 571 1968 alitur
584 1946 708 1979 corpus
719 1960 729 1978 ‚
747 1934 805 1969 sed
819 1947 913 1969 con—

233 1984 360 2019 ficitur.
373 1986 494 2031 Itaque
510 1986 576 2021 hoc
587 1987 661 2022 vult
673 2001 681 2028 ;
697 2000 761 2033 pro
774 2001 838 2022 usu
851 1988 913 2023 ali-

234 2045 451 2082 mentorum,
463 2039 567 2082 curis,
579 2038 690 2074 dolori
705 2047 740 2074 et
754 2040 911 2087 lacrymis

233 2088 386 2124 indulsit.
403 2090 446 2124 In
461 2090 530 2123 vita
542 2091 721 2124 communi
732 2091 853 2136 saepius
864 2092 910 2125 ita

231 2141 391 2185 jocamur
406 2155 415 2182 ;
440 2148 474 2175 at
490 2142 527 2175 in
542 2142 697 2177 carmine
717 2144 820 2188 friget
835 2143 910 2178 talis

232 2195 421 2229 verborum
436 2194 540 2229 lusus.

276 2260 328 2292 77.
346 2248 388 2281 Se
402 2249 520 2290 recipit
534 2253 597 2282 etc.
623 2248 666 2282 In
682 2247 908 2282 solitudinem

231 2311 266 2332 se
286 2299 444 2339 consert;
461 2298 575 2332 moesti
590 2298 686 2332 enim
703 2306 821 2333 amant
834 2299 907 2333 loca

230 2350 376 2385 deserta.
396 2351 437 2385 In
449 2353 566 2385 Haemo
575 2350 738 2395 spelunca
752 2351 907 2396 Aquilo-

230 2402 306 2448 nis:
326 2402 403 2436 vide
421 2402 464 2436 ad
482 2403 534 2437 Vl
549 2429 558 2446 ,
581 2415 654 2450 7⁰9-

275 2453 325 2498 78.
353 2455 484 2487 Tertius
504 2460 568 2489 etc.
594 2453 714 2488 Tertia
735 2453 806 2498 jam
832 2454 904 2489 vice

227 2504 278 2538 sol
295 2517 456 2540 emensus
472 2505 585 2540 suerat
601 2505 906 2541 zodiacumEat—

228 2557 362 2599 Pisces,
379 2556 472 2590 sidus
489 2556 634 2601 zodiaci,
652 2557 744 2602 quod
757 2557 806 2592 sol
820 2558 903 2592 olim

227 2605 342 2640 hieme
357 2615 504 2643 exeunte
521 2609 789 2655 ingrediebatur.
808 2610 904 2645 Hinc

226 2672 334 2693 armus
345 2663 497 2695 inclusus
500 2664 662 2705 piscibus.
680 2662 823 2697 Etenim
840 2666 901 2697 ire—

225 2713 322 2749 clude·
333 2718 367 2748 et
382 2715 500 2748 claudi
511 2713 675 2750 dicuntur
688 2728 763 2760 quae
779 2716 902 2751 termi-

988 1264 1129 1293 nantur.
1150 1259 1331 1294 Vocantur
1348 1264 1503 1306 equorei,
1525 1269 1561 1297 et
1575 1275 1663 1298 vers.

991 1310 1073 1356 175,
1091 1314 1226 1355 aquosi,
1253 1323 1405 1356 quorum
1426 1312 1663 1359 epithetorum

985 1375 1087 1397 causa
1101 1363 1138 1397 in
1154 1371 1296 1409 promtu
1312 1372 1373 1400 est.
1388 1365 1505 1400 Etiam
1518 1369 1655 1408 Cancer,

985 1414 1078 1450 sidus
1094 1442 1104 1458 ,
1128 1429 1215 1451 vers.
1244 1431 1303 1461 127
1318 1443 1328 1461 ,
1353 1425 1498 1453 vocatur
1514 1421 1661 1454 litoreus.
1722 1456 1732 1465 ‚

987 1466 1021 1510 Q
1028 1466 1096 1500 uod
1105 1480 1304 1513 quanquam
1313 1469 1414 1514 paulo
1422 1469 1584 1506 audacius
1594 1471 1662 1506 dic-

984 1522 1060 1550 tum
1070 1525 1139 1561 est,
1154 1525 1273 1553 tamen
1286 1533 1358 1554 non
1371 1529 1462 1565 erat,
1476 1535 1539 1557 cur
1550 1522 1661 1558 Hein-

982 1570 1052 1604 sius
1067 1574 1223 1614 aequoreis
1238 1579 1391 1607 mutaret
1406 1573 1442 1607 in
1459 1576 1617 1609 oethererlr.

1026 1622 1079 1656 81.
1103 1625 1216 1657 Fidem
1234 1626 1370 1658 dederat
1390 1625 1574 1672 Eurydicae
1586 1651 1595 1669 ,
1622 1640 1658 1661 se

982 1686 1054 1708 non
1076 1682 1275 1709 amaturum
1296 1676 1408 1710 aliam.
1431 1677 1518 1711 Mox
1533 1678 1658 1714 Heius.

981 1726 1054 1759 sine
1072 1738 1171 1760 causa
1188 1726 1354 1762 suadebat
1371 1754 1381 1771 ‚
1401 1731 1503 1763 ardor
1515 1731 1639 1773 agebat
1648 1743 1658 1763 .-

983 1777 1014 1809 V
1019 1779 1054 1813 II
1069 1804 1077 1821 ,
1096 1779 1162 1812 800
1174 1804 1182 1821 ‚
1198 1785 1312 1813 mutua
1326 1793 1408 1814 cura
1422 1782 1507 1814 duos
1519 1788 1553 1814 et
1565 1794 1661 1815 amor

979 1833 1118 1864 socialis
1133 1833 1285 1865 habebat.
1302 1831 1420 1866 Sabin.
1434 1832 1470 1867 ΙΙ
1482 1858 1491 1873 .
1511 1833 1552 1867 56
1564 1859 1573 1876 ,
1591 1846 1657 1868 non

979 1884 1081 1916 habet
1098 1895 1149 1916 me
1165 1896 1261 1916 amor
1274 1885 1434 1926 alterius,-
1454 1884 1509 1918 IV
1519 1910 1529 1927 ,
1550 1884 1582 1918 Τ
1584 1884 1654 1920 rist.

979 1944 1001 1967 x
1011 1960 1020 1977 ,
1044 1948 1055 1968 1
1066 1934 1104 1968 16
1118 1961 1127 1978 ,
1146 1948 1212 1969 non
1226 1937 1351 1969 babent
1364 1948 1416 1969 me
1431 1937 1556 1977 toed1·a;
1578 1936 1652 1980 III,

978 1987 1082 2022 Pont.
1099 1998 1113 2021 1
1126 2014 1136 2032 ,
1155 1989 1195 2022 82
1208 2015 1217 2032 ,
1234 1990 1337 2023 habet
1351 1991 1436 2022 livor
1446 1994 1481 2023 te
1495 2001 1506 2022 .·
1523 1988 1601 2024 vide
1618 1996 1653 2023 et

978 2039 1020 2073 ad
1037 2041 1089 2074 IX
1101 2066 1110 2082 ,
1129 2054 1205 2086 ²9¹·

1021 2092 1074 2135 84.
1095 2094 1466 2139 Teneripueripossent
1481 2107 1552 2130 esse
1568 2095 1653 2130 mol-

974 2144 1040 2188 les,
1058 2145 1244 2190 impudici,
1263 2146 1412 2190 pathici;
1430 2147 1489 2181 sed
1509 2154 1652 2193 propter

974 2209 1068 2241 seqq.
1078 2197 1205 2231 rectius
1216 2197 1258 2231 ad
1271 2204 1408 2232 aetatem
1424 2205 1582 2233 teneram
1596 2213 1651 2233 re-

974 2249 1072 2283 seres.
1096 2249 1250 2283 Pueritia
1272 2249 1415 2295 ejusque
1440 2251 1548 2296 gratia
1571 2251 1650 2285 ele—

974 2307 1096 2346 ganter
1111 2314 1192 2335 cum
1208 2314 1289 2336 vere
1304 2309 1338 2336 et
1351 2315 1460 2336 verno
1474 2309 1649 2348 proventu

973 2359 1196 2397 comparatur
1205 2366 1213 2387 :
1223 2354 1307 2392 ἄνθος
1316 2358 1387 2394 ’ᾅδης
1394 2354 1542 2388 Homer.
1553 2353 1591 2387 ΙΙ.
1600 2353 1646 2396 N,

972 2406 1036 2448 484
1049 2419 1058 2445 ;
1083 2407 1166 2444 ἄνθος
1181 2408 1258 2454 ὥροις
1273 2405 1400 2440 Anacr.
1417 2406 1575 2440 XXXIV
1588 2431 1598 2449 ,
1617 2408 1648 2450 4.

973 2454 1108 2490 Contra
1133 2457 1371 2491 maturitatem
1396 2469 1588 2502 puerorum
1613 2465 1649 2492 et

970 2508 1164 2553 puellarum
1188 2508 1300 2543 Graeci
1319 2509 1482 2544 dixerunt
1507 2511 1622 2560 daz-&pom
1635 2537 1644 2553 ,

970 2567 1005 2594 et
1018 2560 1184 2595 Horatius
1197 2586 1206 2602 ,
1224 2561 1260 2594 II
1274 2586 1283 2603 ,
1299 2559 1369 2595 Od.
1381 2572 1416 2604 v,
1435 2573 1475 2595 10
1487 2587 1496 2604 ,
1512 2569 1645 2596 aulum-

967 2626 1054 2646 nam.
1064 2627 1111 2653 —q
1121 2614 1213 2647 Citra
1221 2639 1229 2652 ,
1246 2619 1344 2646 ante:
1356 2612 1491 2657 Sligren
1497 2613 1645 2647 horstius

967 2664 1103 2698 volebat
1119 2668 1220 2699 circa.
1233 2683 1278 2690 —
1296 2666 1434 2709 Carpere
1445 2693 1453 2707 ‚
1472 2665 1538 2699 frui
1552 2690 1563 2708 ,
1584 2664 1644 2699 sed
1698 2683 1701 2687 Δ

957 2719 1063 2762 flores
1083 2716 1221 2763 proprie
1241 2724 1443 2760 carpuntur.-
1460 2716 1534 2753 Liv.
1556 2727 1618 2752 xxl
1634 2742 1642 2758 ,
