1820 3106
250 212 304 255 32
617 213 668 256 P.
709 213 952 260 OVIDII
993 215 1301 264 NASONIS

248 305 383 368 Signa
403 303 592 372 pedum3
621 307 894 375 cupiuntque
917 327 1046 358 suum
1068 312 1258 377 reperire
1282 312 1508 379 periclum.

250 382 450 430 Concava
471 380 595 431 vallis
621 395 736 441 erat,
765 404 851 451 qua
874 405 919 435 se
943 386 1169 437 demittere
1193 389 1276 436 rivi

248 458 503 508 Adsuerant
525 458 731 526 pluvialis
755 481 878 528 aquae
900 482 909 510 :
935 475 1054 513 tenet
1074 464 1162 513 ima
1183 465 1347 515 lacunae

1606 484 1675 522 335

249 537 390 584 Lenta
413 535 521 584 salix
535 573 547 592 ,
573 535 770 603 ulvaeque
793 537 931 597 leves,
955 541 1162 607 juncique
1184 542 1426 608 palustres,

248 613 534 679 Viminaque,
563 626 607 662 et
628 613 763 677 longa
789 635 931 682 parvae
955 618 1037 666 sub
1061 619 1274 667 arundine
1298 640 1458 670 cannae.

250 690 368 739 Hinc
393 710 496 758 aper
521 692 689 740 excitus
710 693 877 741 medios
899 694 1120 743 violentus
1142 696 1190 743 in
1210 696 1362 745 hostes

248 773 430 831 Fertur,
455 785 506 821 ut
530 774 723 822 excussis
745 774 840 823 elisi
865 776 1063 824 nubibus
1088 777 1213 839 ignes
1235 797 1246 825 ε

251 854 474 902 Sternitur
494 855 674 903 incursu
696 875 875 914 nemus,
901 869 945 905 et
968 858 1179 924 propulsa
1199 857 1417 922 fragorem

250 936 369 985 Silva
390 937 464 986 dat
485 958 495 986 ε
520 938 763 987 exclamant
781 939 960 1004 juvenes
973 978 984 998 ,
1010 953 1307 1008 praetentaque
1330 943 1438 990 forti

250 1018 357 1067 Tela
381 1031 532 1068 tenent
554 1020 705 1068 dextra
721 1058 733 1078 ,
760 1020 849 1069 lato
871 1022 1091 1070 vibrantia
1112 1022 1241 1070 ferro.

250 1099 330 1147 'ille
352 1101 464 1158 ruit;
487 1102 743 1167 spargitque
768 1120 917 1160 canes,
942 1114 993 1150 ut
1018 1103 1205 1169 quisque
1228 1105 1374 1152 ruenti

254 1182 442 1240 Obstat,
470 1194 513 1230 et
537 1181 725 1249 obliquo
750 1182 959 1232 latrantes
981 1184 1167 1251 dissipat
1190 1185 1293 1233 ictu.

252 1315 379 1359 prium.
394 1312 528 1348 Confer
540 1314 631 1357 VII,
651 1314 723 1361 769.
733 1317 927 1356 —Pressa,

254 1368 442 1411 impressa;
461 1366 513 1400 XI
528 1391 536 1408 ‚
555 1365 594 1399 31
608 1392 617 1408 ,
632 1378 749 1409 presso
762 1379 900 1400 vomere.

296 1418 370 1460 334.
389 1418 543 1450 Concava
555 1418 659 1450 vallis
675 1423 738 1452 etc.
762 1417 853 1450 Tam
870 1416 930 1450 di-

255 1470 403 1515 ligenter
427 1469 563 1515 singula
588 1468 770 1512 describit,
796 1476 836 1503 ut
859 1469 930 1514 ipse

257 1522 422 1556 interesse
439 1520 521 1554 huic
537 1520 715 1554 venationi
730 1520 791 1555 tibi
805 1519 931 1553 videa—

256 1575 312 1608 ris.
327 1575 481 1608 Concava
497 1601 506 1614 ‚
529 1573 685 1618 undique
699 1573 810 1608 cincta
826 1586 932 1607 mon—

262 1628 362 1662 tibus.
387 1629 535 1666 —Ima‚
562 1638 694 1671 margo·
713 1645 757 1651 —
782 1627 934 1670 Ulvaeque

257 1681 356 1718 leves,
366 1679 530 1723 juncique
538 1680 729 1722 palustres,·
744 1678 909 1715 Heinsius
922 1704 931 1721 ‚

258 1733 301 1767 ad
319 1732 420 1776 XIV,
436 1732 497 1766 103
511 1758 520 1774 ,
538 1731 620 1777 legit
632 1757 641 1774 ‚
651 1731 813 1775 juncique
829 1734 930 1771 leves,

258 1788 401 1830 alm-que
410 1787 587 1828 palustres.
605 1779 706 1828 Regii
722 1783 829 1817 nostri
847 1782 935 1816 nihil

259 1843 408 1871 mutant.
432 1854 475 1862 —
503 1837 627 1870 Cannoe
648 1834 824 1879 breyiores
853 1840 935 1868 sunt

258 1890 428 1923 arundine.
449 1886 644 1922 Columella
656 1912 665 1930 ,
693 1887 759 1929 IV,
775 1886 816 1919 32
831 1912 840 1929 ,
878 1898 935 1919 ra-

261 1944 337 1975 cilc's
350 1946 384 1974 et
399 1953 518 1973 cannoe
533 1941 656 1973 sinum
670 1940 808 1972 arundo.

306 1992 380 2026 338.
404 1993 496 2025 Hinc
516 2004 598 2035 aper
614 1993 745 2025 excitus
763 1996 827 2024 etc.
854 1990 935 2023 Ve-

260 2044 356 2078 natio
373 2043 444 2088 ipsa
456 2069 465 2086 ,
484 2043 520 2076 in
541 2055 609 2087 qua
626 2042 775 2076 maxima
791 2042 935 2076 varietas

261 2098 299 2134 in
311 2095 544 2130 describendis
559 2095 704 2139 jactibus
719 2094 861 2139 singulis
875 2106 937 2127 ve-

261 2149 424 2184 nantium
442 2155 544 2192 atque
563 2146 714 2180 motibus
735 2146 808 2191 apri
824 2146 937 2180 obser-

262 2206 357 2241 vata3
376 2199 413 2232 in
431 2211 498 2243 qua
514 2197 729 2243 phantasiam
746 2203 858 2241 poetae
874 2196 938 2231 ad-

263 2252 383 2288 mirari
404 2251 483 2286 licet
495 2276 504 2294 ,
539 2262 740 2295 quanquam
766 2261 838 2282 non
864 2249 936 2293 ipse

265 2317 388 2339 omnes
404 2303 478 2337 illos
494 2303 603 2348 jactus
624 2301 759 2335 finxisse
776 2301 936 2342 videtur;

263 2355 452 2392 nonnullos
459 2354 554 2389 enim
563 2361 598 2388 et
607 2352 838 2398 Apollodorus
846 2365 938 2386 com-

264 2415 449 2443 memorat.
458 2405 664 2442 Notandum
679 2405 783 2439 etiam
795 2412 844 2439 est
855 2431 864 2448 ,
875 2418 939 2439 ve-

265 2467 390 2494 nantes
399 2458 504 2493 veluti
513 2458 548 2492 in
561 2457 632 2492 acie
642 2456 937 2499 constitisse,vers.

265 2511 332 2545 350
345 2536 353 2553 ‚
375 2516 477 2554 atque
493 2508 644 2554 singulos
655 2507 778 2541 ordine
792 2507 859 2542 tela
874 2507 936 2540 mi-

265 2564 345 2597 sisse
360 2588 368 2605 ,
392 2563 451 2606 qui
468 2562 554 2596 ordo
569 2561 838 2606 interrumpitur
849 2587 859 2604 ‚
879 2561 938 2594 ubi

265 2613 395 2648 invidia
425 2614 595 2648 Atalantae
621 2613 771 2658 reliquos
799 2613 908 2658 tangit
927 2639 936 2656 ,

265 2679 367 2701 versu
378 2667 453 2713 389.
470 2685 512 2691 --
524 2668 652 2706 Fertur,
676 2674 715 2700 ut
728 2667 849 2712 fulgor.
867 2666 939 2700 Sed

265 2717 332 2752 hoc
349 2717 448 2752 docte
475 2723 509 2751 et
532 2730 572 2752 ex
594 2718 759 2762 opinione
779 2725 937 2752 veterum

995 1316 1217 1363 physicorum
1228 1317 1409 1363 expressit,
1422 1317 1465 1352 de
1476 1330 1544 1364 qua
1552 1318 1595 1353 ad
1606 1319 1673 1363 XI,

995 1370 1068 1413 435.
1082 1388 1126 1395 --
1140 1372 1323 1410 Excussa,
1352 1383 1525 1406 concussae
1543 1397 1552 1415 ,
1577 1383 1673 1406 con—-

995 1429 1174 1455 currentes
1186 1435 1265 1456 cum
1277 1422 1397 1457 ventis.
1412 1422 1463 1457 Vl
1473 1453 1482 1469 ‚
1500 1423 1583 1470 695:
1600 1425 1675 1457 Ez—

995 1475 1114 1506 silebant
1130 1476 1223 1507 cavis
1238 1476 1320 1507 elt'st’
1338 1476 1478 1508 nubibus
1502 1477 1607 1519 tkrnes.
1626 1490 1675 1501 ’-

996 1525 1095 1557 Ellsi
1104 1527 1199 1568 ignes
1211 1551 1219 1565 ,
1249 1524 1372 1569 fulgor.
1390 1525 1506 1559 Miror
1518 1551 1527 1568 ,
1548 1525 1676 1571 plura-

995 1575 1066 1610 lem
1084 1575 1291 1621 displicuisse
1310 1575 1512 1611 Schirachio
1530 1577 1590 1621 qui
1607 1589 1676 1621 pu-

998 1634 1066 1670 tat,
1086 1640 1210 1672 aprum
1224 1640 1297 1661 non
1315 1628 1405 1662 bene
1421 1640 1502 1662 cum
1518 1627 1675 1673 pluribus

997 1680 1134 1724 ignibus
1153 1679 1347 1725 comparari
1363 1705 1373 1723 ,
1390 1686 1426 1714 et
1447 1679 1673 1724 praeferebat,

998 1732 1092 1777 quod
1103 1732 1188 1766 olim
1200 1732 1380 1774 edebatur,
1397 1734 1500 1766 elisus
1515 1735 1613 1776 12qm·s.
1626 1732 1676 1767 At

998 1785 1092 1819 nulla
1112 1786 1184 1820 sere
1204 1785 1241 1819 in
1257 1791 1442 1830 poetarum
1463 1785 1675 1819 carminibus

1000 1837 1122 1882 pagina
1136 1844 1187 1871 est
1199 1863 1209 1880 ,
1231 1837 1267 1870 in
1285 1849 1352 1881 qua
1364 1849 1438 1870 non
1455 1836 1594 1881 pluralis
1610 1848 1677 1882 po·-

998 1890 1083 1924 situs
1097 1890 1141 1923 sit
1155 1901 1220 1934 pro
1236 1888 1410 1934 singulari.
1430 1906 1475 1913 —
1488 1890 1649 1923 Incursus
1659 1914 1668 1928 ,

1000 1942 1151 1987 impetus
1172 1941 1248 1976 seri.
1275 1941 1397 1987 Virgil.
1420 1940 1561 1976 AEneid.
1579 1941 1673 1984 VII,

1001 1993 1065 2038 676
1084 2006 1092 2028 τ
1109 1995 1171 2027 dat
1190 1996 1344 2027 euntibus
1364 1997 1481 2038 ingens
1501 1994 1593 2039 St’lqa
1613 1995 1674 2026 lo-

1000 2058 1073 2079 cum
1085 2072 1094 2086 ,
1119 2051 1154 2079 et
1167 2058 1288 2088 magno
1305 2047 1428 2078 cedunt
1441 2047 1586 2088 virgulta
1590 2044 1675 2088 fia—

997 2111 1085 2142 gom.
1103 2096 1237 2131 Confer
1252 2098 1342 2132 infra
1352 2123 1362 2141 ,
1376 2098 1448 2140 XI,
1462 2098 1675 2132 355.—Prae—

999 2148 1270 2183 tendidicuntur
1291 2149 1460 2183 venabula
1475 2175 1485 2192 ,
1508 2161 1616 2194 quum
1635 2149 1675 2184 iis

1000 2200 1166 2245 excipitur
1185 2201 1323 2236 irruens
1342 2201 1426 2235 sera.
1446 2202 1610 2235 Praetenta
1624 2206 1676 2234 te-

1000 2258 1079 2286 nent
1089 2278 1098 2292 ,
1113 2252 1573 2297 praetendunt.·—-V1'brantia
1581 2253 1675 2297 ferro

1001 2304 1212 2349 exquisitius,
1224 2317 1343 2350 quam,
1355 2304 1518 2340 habentia
1525 2305 1673 2347 serrum,

1002 2356 1081 2401 quia
1098 2356 1266 2391 venabula
1280 2383 1289 2400 ,
1308 2356 1392 2391 dum
1407 2362 1593 2390 moventur
1603 2381 1613 2399 ,
1628 2359 1676 2389 vi-

1002 2411 1096 2443 brare
1116 2408 1290 2444 dicuntur.

1044 2461 1118 2503 343.
1143 2463 1288 2500 Rue-nti,
1317 2472 1381 2505 pro
1396 2459 1533 2503 furenti
1554 2461 1567 2503 (
1581 2458 1675 2504 quod

1002 2511 1132 2546 habent
1141 2513 1250 2547 nostri
1264 2510 1394 2556 Regii),
1407 2524 1448 2545 ex
1460 2511 1678 2546 Bononiensi

1003 2564 1099 2599 dedit
1117 2565 1300 2606 Heinsius,
1318 2569 1357 2597 ut
1371 2562 1415 2597 sit
1429 2563 1600 2598 concinna
1616 2575 1674 2597 re-

1003 2616 1133 2661 petitio.
1153 2615 1277 2650 Eidem
1293 2627 1374 2648 mox
1390 2628 1431 2648 ex
1449 2614 1675 2649 Gronoviano

1003 2668 1114 2712 placet
1123 2673 1265 2711 occupat
1270 2669 1348 2707 Ictu,
1362 2679 1427 2711 pro
1442 2669 1589 2710 dtlrsz‘pat
1594 2670 1673 2700 ictu.

1003 2720 1104 2765 Regii
1115 2718 1235 2763 nostri,
1245 2719 1674 2762 d1ks171at.--Obliquoictu;
