1820 3106
316 187 1049 268 'METAMORPHOSEON
1079 222 1214 266 LIB.
1249 223 1309 266 x.

1442 238 1531 282 219

104 316 286 366 Pondus
305 315 400 365 abit
415 335 439 373 ;ι
453 333 633 365 summae
657 313 795 363 cauda
815 326 1053 365 verruntur
1072 332 1240 370 arenae3

68 443 73 451 ,
105 396 222 443 Iram
244 392 392 443 vultus
413 392 574 448 habet;
593 410 683 458 ¹pro
707 391 853 441 verbis
877 411 1104 443 murmura
1125 390 1344 448 reddunt;

106 472 196 520 Pro
218 469 422 520 thalamis
443 469 668 519 celebrant
691 468 849 528 silvas3
875 469 1061 536 aliisque
1084 468 1268 519 timendi

105 550 250 598 Dente
268 560 479 616 premunt
501 548 674 597 domito
701 547 913 616 Cybeleia
936 548 1060 597 frena
1084 546 1248 596 leones.

106 626 205 676 Hos
222 637 293 685 tu,
308 630 416 675 ‘care
438 626 574 685 mihi,
598 645 786 693 cumque
807 626 878 675 his
901 645 1042 690 genus
1066 644 1196 677 omne
1217 624 1408 682 ferarum
1425 660 1436 682 ,
1472 636 1538 683 705

105 707 218 772 Quae
241 725 334 755 non
357 718 477 770 terga
497 706 614 770 fugae
628 744 640 765 ‚
664 706 742 756 sed
765 724 927 773 pugnae
950 715 1132 772 pectora
1156 703 1383 772 praebent,

105 780 289 847 Effinge3
311 803 367 833 ne
389 783 532 832 virtus
551 795 627 832 tua
648 784 707 832 sit
729 783 944 833 damnosa
961 783 1154 832 duobus.
1181 805 1204 826 »

167 861 248 911 Illa
275 862 455 930 quidem
475 863 679 921 monuit,
700 863 956 930 junctisque
980 882 1062 929 per
1082 881 1180 911 aera
1206 861 1360 928 cygnis
1375 899 1388 919 ,

103 939 259 1007 Carpit
281 940 392 998 iter;
413 939 599 998 sedstat
618 941 803 990 monitis
827 941 1048 989 contraria
1071 941 1225 989 virtus.

101 1020 235 1067 Forte
258 1037 380 1067 suem
402 1016 612 1075 latebris,
640 1018 824 1082 vestigia
847 1031 965 1068 certa
989 1018 1155 1077 secuti,

1471 1041 1538 1076 7¹⁰

102 1096 310 1145 Excivere
334 1114 464 1145 canes
477 1133 490 1155 ,
513 1095 724 1163 silvisque
745 1097 861 1147 exire
881 1109 1110 1165 parantem

102 1174 278 1223 Fixerat
299 1173 489 1241 obliquo
511 1174 682 1240 juvenis
709 1175 941 1243 Cinyreius
965 1176 1070 1225 ictu.

105 1303 125 1319 ιι
142 1301 204 1335 ga,
215 1301 281 1324 eeu
292 1287 445 1334 quodam
458 1288 708 1333 incitamento,
722 1288 788 1324 fla·
846 1291 979 1334 juncus
996 1293 1082 1324 visit
1096 1291 1253 1324 oloribus.
1272 1287 1424 1323 Veneris
1444 1288 1541 1323 enirn

106 1356 124 1371 κ
142 1341 324 1388 gellantur.
334 1341 399 1376 Vis
408 1353 547 1376 summa
556 1341 592 1376 iu
605 1348 756 1387 pectore.
769 1356 786 1373 »ο

105 1395 247 1428 -Iram
257 1394 371 1428 vultus
378 1394 489 1428 habet.
506 1393 622 1439 Supra
630 1394 686 1429 Vl
695 1421 703 1435 ,
721 1394 763 1428 35
775 1420 784 1438 ‚

103 1447 256 1491 cotfileri
276 1447 426 1481 vultibus
447 1448 533 1480 iram
550 1457 563 1489 ‚⁶
590 1445 696 1482 Trist.
718 1446 754 1480 II
773 1473 783 1488 ,

105 1499 171 1533 525
182 1523 193 1541 ‚
210 1499 304 1532 vultu
309 1496 425 1542 [αἰέν-ι’
433 1500 529 1535 imm.

142 1550 217 1596 704.
227 1550 397 1590 Ptemunt,
413 1549 786 1585 mordent—Domita.

103 1600 243 1638 Heinsii
258 1613 350 1638 unus
363 1604 483 1638 solido.
497 1621 542 1628 —
558 1602 661 1649 Regii
675 1602 788 1637 nostri

99 1653 465 1691 domita—Lucretius
479 1681 488 1698 ‚
506 1655 563 1698 11,
578 1655 646 1690 600
659 1682 669 1701 ‚
683 1657 788 1697 blanc

103 1708 116 1750 (
130 1704 314 1755 Cybelen)
328 1713 455 1742 veteres
469 1708 612 1742 Graium
626 1710 723 1742 docti
731 1720 790 1742 ce-

99 1761 211 1794 ciuem
216 1765 326 1803 poeta·
340 1759 519 1794 Sublimem
535 1763 571 1794 in
586 1773 683 1794 curru
699 1760 788 1804 btju-

98 1823 161 1856 gos
175 1814 305 1856 agitare
319 1813 557 1858 leones....qu1'a
572 1816 721 1858 quamvis
737 1807 792 1856 qs-

91 1864 175 1909 [ενα
184 1863 299 1909 pmles
309 1862 445 1910 Offict'e's
456 1866 555 1900 debet
563 1867 692 1900 molliri
698 1869 791 1900 victa

97 1925 283 1963 parentum.
292 1917 422 1953 Noster
433 1917 525 1953 Fast.
538 1919 606 1962 lv,
623 1933 659 1953 αι
668 1921 687 1953 5
697 1946 706 1962 ,
720 1921 789 1954 Cne-

93 1973 152 2015 pn',
179 1983 242 2005 cur
258 1971 337 2006 huic
351 1997 360 2012 ,
385 1983 492 2016 genus
516 1984 596 2006 acre
610 1999 620 2013 ,
651 1974 782 2014 leones,

101 2024 255 2058 Fra-beat
269 2023 426 2058 insolitas
445 2019 590 2068 adjiaeea¹
608 2038 710 2060 curva
717 2026 789 2069 ju-

103 2078 167 2110 bas
177 2078 197 2112 ?
215 2076 402 2110 Demeam.
420 2077 547 2121 Coepit,
559 2077 690 2122 sen'tas
701 2080 790 2114 mol-

101 2131 167 2164 lita
178 2142 242 2173 per
254 2131 350 2170 illam
368 2131 529 2167 Credunt.
545 2132 593 2166 Id
605 2144 703 2166 curru
719 2138 790 2166 tes-

101 2183 232 2228 tficata
247 2195 311 2216 suo
325 2188 386 2217 est.
405 2178 511 2218 Cons-
531 2189 566 2217 et
582 2182 725 2218 Servius
745 2183 788 2218 ad

103 2233 189 2271 AEn.
205 2231 262 2270 III
273 2261 282 2275 ,
303 2235 375 2270 113.
392 2253 436 2260 -
450 2233 631 2270 Caeterum
644 2249 685 2271 ex
699 2250 788 2272 sen—

103 2287 212 2326 tentia
227 2286 417 2333 Palaephati
433 2294 469 2322 et
485 2287 654 2323 Heracliti
669 2315 679 2333 ‚
695 2289 790 2335 Hip-

100 2353 271 2390 pomenes
295 2347 330 2377 et
349 2340 535 2384 Atalanta,
564 2354 675 2386 quum
695 2342 789 2378 inter

101 2391 308 2429 venandum
326 2405 361 2428 se
383 2393 419 2427 in
439 2392 643 2438 speluncam
662 2401 793 2428 contu-

99 2445 222 2482 lissent
235 2471 244 2489 ,
258 2445 415 2481 devorati
426 2452 536 2480 sunta
548 2445 650 2481 leone
663 2453 698 2480 et
709 2446 787 2481 leae-

102 2511 168 2539 na;
187 2511 271 2543 quas
285 2498 375 2534 seras
389 2511 499 2544 quum
517 2498 661 2533 comites
673 2506 792 2544 postea

101 2558 268 2586 exeuntes
286 2564 304 2586 e
321 2551 486 2597 spelunca
502 2551 670 2586 vidissent
682 2577 691 2594 ,
716 2551 792 2586 illos

103 2610 257 2639 mutatos
273 2603 309 2638 in
331 2604 450 2639 leones
467 2603 706 2640 crediderunt.

149 2656 221 2702 708.
234 2658 382 2695 Junctis.
399 2657 540 2700 scilicet,
552 2657 682 2698 currui;
694 2664 791 2693 vecta

104 2719 230 2754 curru,
257 2707 312 2741 cui
331 2707 443 2753 juncti
463 2709 576 2755 cygni.
598 2708 787 2753 Horatius,

105 2758 159 2794 lll
173 2785 182 2803 ,
197 2759 268 2795 od.
281 2770 400 2795 xxvm
412 2787 422 2805 ,
442 2762 499 2805 15,
514 2760 639 2796 Venus
651 2763 791 2806 Paphon

853 1355 977 1377 currus
1003 1341 1207 1378 trahebatur
1227 1339 1336 1377 modo
1357 1353 1375 1375 a
1396 1340 1541 1377 colum—

852 1394 905 1429 bis
915 1421 924 1438 ,
940 1393 1048 1428 modo
1061 1406 1079 1427 a
1091 1393 1337 1440 cygnis.—Per
1345 1405 1425 1426 aera
1434 1396 1547 1437 carpit

852 1452 924 1483 iter.
939 1447 1054 1492 Supra
1070 1446 1136 1489 IV,
1150 1446 1216 1481 615
1227 1472 1236 1490 ,
1249 1446 1389 1480 brevius
1400 1472 1409 1489 ,
1422 1459 1542 1491 carpe-

853 1502 914 1534 bat
921 1512 1058 1537 aera,-
1065 1499 1190 1539 Virtus,
1204 1498 1374 1533 fortitudo
1383 1525 1392 1542 ,
1405 1499 1543 1533 animus

854 1552 1056 1587 venatorius
1070 1565 1079 1587 ε
1095 1559 1168 1586 stat
1182 1555 1370 1593 contrartia,
1389 1564 1463 1586 non
1478 1551 1544 1586 ob—

855 1613 1040 1652 temperat.
1067 1606 1216 1652 Proprie
1243 1609 1408 1640 contrarii
1423 1613 1537 1645 stant,

855 1659 914 1704 qui
927 1658 1078 1694 diversas
1090 1665 1206 1704 partes
1217 1665 1276 1693 aut
1286 1658 1479 1693 sententias
1488 1657 1544 1692 vel

853 1713 891 1747 in
908 1712 980 1747 acie
997 1711 1050 1747 vel
1067 1712 1104 1746 in
1120 1720 1245 1747 senatu
1261 1720 1468 1758 sequuntur.

901 1777 976 1810 710.
1001 1765 1108 1800 Suem.
1135 1764 1284 1810 Aprum.
1310 1765 1400 1800 Sues
1424 1770 1544 1799 autem

855 1825 890 1852 et
908 1817 982 1863 apri
998 1817 1134 1852 Veneri
1160 1824 1242 1852 sunt
1268 1817 1370 1851 invisi
1398 1824 1544 1862 propter

856 1868 1031 1904 Adonidis
1041 1869 1173 1905 caedem
1185 1882 1193 1904 ε
1206 1869 1301 1905 unde
1314 1868 1542 1914 proverbium

856 1922 948 1968 apud
961 1922 1104 1958 Graecos
1118 1923 1153 1957 iu
1169 1935 1228 1958 eos
1239 1948 1248 1965 ‚
1266 1922 1326 1968 qui
1338 1935 1414 1957 rem
1425 1922 1545 1968 ingra-

857 1982 930 2010 tam
942 1974 1043 2009 alicui
1055 1974 1204 2010 faciunt:
1216 1965 1241 2013 ΔῘ
1250 1978 1374 2024 ᾳροδίτῃ
1389 1979 1421 2010 ὗν
1433 1977 1545 2016 ἴθυνεν,

856 2027 924 2063 hoc
946 2035 1020 2069 est,
1046 2027 1183 2063 Veneri
1205 2040 1305 2063 suem
1330 2026 1545 2062 sacrificavit.

855 2083 967 2117 Ed.—
977 2083 1130 2126 Vesll'gia
1139 2089 1241 2117 certa.
1251 2082 1356 2117 Unus
1367 2081 1547 2116 Basileen-

853 2134 900 2169 sis
911 2137 1057 2178 vesttffl'a
1066 2138 1147 2169 trita
1158 2147 1168 2168 ,·
1178 2133 1239 2170 sed
1250 2141 1342 2169 certa
1354 2134 1545 2180 opponitur

855 2186 1011 2225 obscuris
1023 2213 1032 2230 ,
1048 2193 1087 2222 ut
1102 2187 1174 2232 jam
1188 2186 1311 2223 alicubi
1329 2186 1546 2226 monuimus.

857 2240 1025 2274 —Extciri
1035 2246 1069 2273 et
1083 2242 1232 2275 excitati
1243 2252 1262 2275 e
1272 2241 1413 2273 latebris
1422 2265 1430 2279 ‚
1447 2237 1547 2272 cubi-

854 2291 944 2327 libus
961 2318 970 2336 ‚
999 2304 1016 2326 a
1045 2292 1188 2328 canibus
1211 2292 1351 2338 proprie
1378 2291 1545 2325 dicuntur

855 2345 949 2379 serae.
960 2345 1085 2380 Senec.
1100 2346 1135 2389 Ι,
1148 2345 1191 2380 de
1206 2344 1321 2380 Clem.
1339 2345 1396 2379 16:
1410 2358 1426 2373 «
1441 2343 1544 2378 Idem

858 2411 876 2426 »
893 2397 974 2433 facit
987 2404 1135 2432 venator
1147 2424 1156 2440 ,
1174 2398 1233 2442 qui
1249 2396 1400 2432 instituit
1415 2394 1547 2430 catulos

859 2463 876 2479 >›
894 2449 1036 2495 vestigia
1055 2450 1171 2494 sequi,
1199 2450 1329 2494 quique
1351 2449 1422 2493 jam
1447 2459 1549 2481 exer—

859 2516 876 2532 »
895 2502 1006 2539 citatis
1020 2501 1129 2536 utitur
1140 2501 1182 2535 ad
1196 2499 1394 2535 excitandas
1404 2499 1457 2534 vel
1470 2512 1546 2544 per—

858 2568 876 2584 »
895 2553 1091 2598 sequendas
1117 2554 1217 2588 seras.
1234 2567 1251 2583 υ
1270 2571 1314 2579 --
1330 2553 1431 2586 Silvis
1446 2554 1547 2586 exire.

858 2605 1031 2640 Phaedrus
1043 2631 1053 2647 ,
1075 2606 1090 2640 1
1105 2631 1114 2649 ,
1132 2616 1162 2639 11
1179 2631 1189 2649 ‚
1214 2619 1235 2653 9
1250 2631 1259 2649 ‚
1286 2605 1369 2639 serae
1393 2603 1547 2638 excitatae

857 2662 971 2692 exitus
986 2665 1083 2692 notos
1093 2664 1221 2701 petunt.
1230 2659 1425 2692 -Juvenis
1445 2658 1551 2703 Ciny-

857 2713 956 2744 reius.
985 2709 1123 2747 Adonis
1155 2709 1298 2758 Cinyrae
1324 2723 1366 2746 ex
1394 2708 1545 2756 Myrrha

858 2761 958 2798 silius.
976 2762 1042 2797 Ed.
