1820 3106
297 283 383 338 460
672 286 723 328 P.
763 285 996 331 OVIDII
1027 287 1329 332 NASONIS

296 377 432 423 Nacta
455 373 601 423 locum
624 387 909 443 tempusque3
939 400 961 421 «
988 378 1072 426 Per
1094 398 1120 426 o
1146 391 1217 427 tua
1239 378 1427 439 lumina,
1451 379 1582 440 dixit,

301 476 324 496 >›
354 455 466 518 Quae
481 473 573 502 mea
590 467 818 521 ceperunt;
836 474 997 522 perque
1015 456 1148 514 hanc,
1169 455 1479 522 pulcherrime,
1497 459 1702 518 sormam,

303 553 326 572 »
355 530 466 593 Quae
490 530 619 588 facit,
646 543 696 579 ut
720 531 903 599 supplex
925 531 1009 580 tibi
1031 532 1138 589 sim,
1162 533 1282 590 Dea;
1307 533 1485 582 consule
1505 535 1670 590 nostris

301 627 324 647 >›
353 605 560 667 Ignibus,
586 617 629 654 et
651 625 845 655 socerum
861 644 873 662 ,
899 607 974 672 qui
997 607 1193 672 pervidet
1215 607 1384 666 omnia,
1410 608 1556 659 Solem
1638 624 1704 671 375

298 701 323 722 »
351 681 513 747 Accipe
529 719 540 739 ‚
569 700 649 730 nec
671 681 805 730 durus
827 681 1032 729 Titanida
1053 681 1227 748 despice
1253 683 1420 731 Circen.
1444 706 1467 726 »

295 758 479 807 Dixerat
499 780 508 807 :
532 758 606 807 ille
629 760 750 807 ferox
773 759 1001 825 ipsamque
1015 798 1026 818 ‚
1051 779 1288 827 precesque
1309 760 1508 828 repellit:

297 837 380 892 Et,
410 859 432 879 «
461 838 757 903 Quaecumque
781 855 849 893 es,
874 837 958 894 ait,
982 856 1073 884 non
1092 856 1188 885 sum
1209 849 1310 886 tuus
1330 858 1340 885 ε
1363 837 1497 888 altera
1518 852 1694 906 captum

302 937 325 957 »
352 916 428 962 Me
453 927 595 973 tenet,
622 921 665 963 et
686 926 830 964 teneat
850 934 929 982 per
948 913 1154 977 longum,
1182 925 1639 981 compreconaevum:

302 1016 324 1035 »
351 994 442 1042 Nec
464 996 632 1042 Venere
657 1005 833 1042 externa
857 991 1032 1041 socialia
1053 992 1214 1041 foedera
1236 992 1411 1052 laedam,

299 1085 322 1111 ›'›
347 1069 464 1116 Dum
486 1069 595 1116 mihi
616 1069 871 1131 Janigenam
892 1068 1127 1116 servabunt
1147 1068 1234 1116 fata
1261 1069 1510 1118 Canentem.
1537 1092 1562 1113 ›>

297 1144 419 1210 Saepe
442 1145 667 1193 retentatis
688 1144 895 1210 precibus
917 1143 1094 1191 Titania
1114 1143 1277 1192 frustra
1294 1164 1304 1202 ;

301 1243 324 1262 «
351 1222 455 1267 Non
478 1220 655 1286 impune
679 1220 818 1278 seres3
842 1239 983 1286 neque
1005 1220 1119 1268 enim
1141 1220 1322 1270 reddere
1347 1222 1561 1285 Cmenti3

304 1320 326 1339 »
354 1299 562 1363 Laesaque
588 1298 695 1363 quid
721 1298 875 1355 saciat,
899 1297 1007 1363 quid
1030 1317 1202 1356 amans,
1230 1298 1339 1364 quid
1361 1298 1542 1356 femina,
1569 1298 1707 1347 disces

303 1396 325 1415 »
352 1374 531 1431 Rebus,
554 1375 640 1431 ait3
664 1374 741 1423 sed
757 1393 934 1432 amans,
960 1387 1004 1422 et
1025 1373 1147 1432 laesa,
1172 1387 1215 1423 et
1231 1375 1392 1424 femina
1413 1376 1552 1424 Circe.
1580 1397 1603 1418 »
1640 1388 1706 1424 385

297 1452 411 1497 Tum
434 1451 503 1498 bis
525 1451 580 1498 ad
604 1470 803 1499 occasum
820 1488 832 1507 ‚
856 1451 927 1498 bis
949 1469 994 1499 se
1014 1452 1230 1499 convertit
1252 1452 1308 1500 ad
1331 1463 1501 1500 ortum:

295 1527 384 1574 Ter
402 1527 602 1591 juvenem
625 1526 783 1575 baculo
810 1527 979 1589 tetigit3
1007 1529 1090 1575 tria
1113 1529 1302 1577 carmina
1325 1523 1446 1577 dixit.

294 1601 375 1649 Ille
397 1602 530 1664 fugit,
556 1621 648 1650 sese
671 1601 803 1653 solito
826 1601 1019 1650 velocius
1045 1603 1139 1668 ipse

298 1679 483 1726 Currere
505 1679 687 1727 miratus
704 1716 714 1736 ‚
739 1698 903 1744 pennas
929 1679 976 1726 in
1001 1698 1183 1746 corpore
1205 1679 1340 1738 vidit;

298 1755 439 1821 Seque
460 1775 619 1804 novam
641 1756 789 1804 subito
813 1757 949 1804 Latiis
971 1756 1169 1805 accedere
1192 1756 1311 1805 silvis
1364 1790 1365 1793 =

296 1832 555 1895 Indignatus
580 1851 700 1881 avem
715 1870 726 1890 ‚
751 1832 861 1881 duro
882 1833 971 1881 fera
992 1834 1155 1882 robora
1177 1846 1324 1882 rostro

1640 1011 1707 1047 380

1643 1773 1709 1816 390

296 1956 447 1987 manne,
462 1944 490 1978 si
507 1944 603 1978 tollas
621 1943 878 1978 distinctionem
895 1950 971 1988 post
1035 1945 1172 1979 brevius
1193 1944 1356 1989 expressit
1366 1943 1486 1989 Virgil.
1509 1942 1592 1979 AEn.
1613 1943 1684 1979 vll
1697 1970 1706 1987 ,

295 1999 378 2040 regi,
394 2003 428 2030 et
439 2008 546 2040 ponas
558 2003 634 2041 post
643 1996 968 2036 comt‘les.—Locum‚

297 2059 425 2092 nempe
443 2055 692 2092 opportunum.

339 2100 414 2143 375.
432 2101 657 2143 Quipervidet.
669 2100 784 2146 Vulgo
800 2100 906 2143 (etin
919 2113 972 2135 co-

296 2150 369 2186 dice
390 2152 500 2196 Regio
518 2153 548 2186 B
561 2150 577 2196 )
594 2154 825 2195 quiproeasdet.
839 2170 883 2177 -
899 2153 973 2186 De-

295 2207 386 2248 spt'ce
395 2206 518 2239 Circen.
530 2205 689 2240 Leidens.
703 2208 848 2248 respice,·
861 2205 971 2240 Hein-

296 2256 364 2304 sius
381 2255 529 2291 malebat
545 2269 669 2300 respue.

314 2352 316 2354 Υ
339 2309 414 2354 379.
432 2310 632 2352 Compreeor.
651 2308 792 2343 Ciofani
807 2320 896 2342 unus
912 2310 973 2342 de·-

294 2370 431 2402 precor,·
448 2360 613 2395 Heinsius
629 2360 775 2395 malebat
789 2360 838 2395 Di
846 2372 971 2403 precor.

299 2429 340 2436 -
351 2410 637 2453 Socz'all'asoedera
648 2418 705 2445 aut
712 2418 818 2455 pacta
830 2410 871 2445 de
886 2423 973 2444 con-

297 2462 411 2507 jugio,
431 2470 469 2496 ut
486 2462 633 2497 Heroid.
651 2463 716 2505 IV,
734 2476 769 2508 17
782 2475 790 2497 :
803 2462 973 2507 saepefoe-

298 2517 378 2566 ¹dero
393 2517 556 2556 thalami,
575 2518 670 2557 lecti,
689 2516 811 2560 quibus
828 2517 977 2549 sociatur

300 2578 437 2609 conjux.
900 2600 901 2604 ,

343 2618 416 2651 385.
449 2619 517 2651 Sed
530 2630 648 2651 amans
659 2643 668 2657 ,
691 2624 727 2651 ct
738 2620 820 2653 loesa
831 2643 840 2657 ‚
866 2616 973 2661 olfi-

300 2672 391 2703 mt'aa
409 2671 510 2704 Circe.
521 2671 611 2705 Nota
622 2669 858 2715 gradationem
869 2695 878 2713 ,
897 2680 973 2713 quae

299 2729 350 2756 est
362 2721 398 2755 in
412 2722 463 2756 his
475 2722 594 2757 verbis.
607 2741 650 2748 —
662 2722 777 2757 Etiam
791 2724 883 2757 Circe
893 2734 974 2755 cum

300 2774 334 2808 vi
345 2799 356 2817 ,
374 2781 495 2818 potens
507 2774 562 2808 illa
576 2773 974 2819 venefica—Sequentia

1041 2009 1100 2044 ¹90
1120 2009 1127 2030 :
1144 2011 1161 2026 «
1176 1996 1296 2040 Quem
1310 2023 1317 2030 .
1331 2022 1338 2031 .
1349 2021 1357 2030 .
1369 1995 1487 2032 Aurea
1505 2007 1708 2041 percussum

1037 2063 1055 2079 »
1073 2049 1166 2094 virga
1179 2074 1188 2091 ,
1206 2059 1414 2092 versumque
1440 2047 1583 2081 venenis
1612 2046 1710 2082 Fecit

1038 2116 1055 2132 η
1075 2113 1174 2135 avem
1194 2099 1294 2134 Circe
1308 2125 1317 2142 ‚
1338 2098 1526 2144 sparsitque
1543 2098 1710 2133 coloribus

1037 2166 1055 2181 »
1074 2152 1140 2187 alas
1159 2163 1167 2185 :
1186 2165 1203 2180 »
1227 2150 1288 2185 sed
1305 2151 1432 2186 Noster
1449 2149 1522 2184 haec
1534 2162 1597 2184 suo
1611 2161 1707 2184 more

1035 2203 1158 2238 ludens
1177 2215 1239 2248 per
1255 2210 1368 2248 partes
1385 2201 1558 2247 expressit.

1080 2256 1153 2289 388.
1176 2257 1330 2289 Velocius
1357 2260 1420 2288 etc.
1444 2260 1483 2288 ut
1505 2253 1647 2287 Actaeon
1670 2251 1707 2286 in

1037 2318 1180 2340 cervum
1196 2305 1366 2340 transiens
1383 2305 1460 2347 111,
1482 2316 1607 2350 ¹99³-
1620 2303 1708 2337 Pen-

1036 2371 1100 2391 nas
1113 2384 1119 2391 .
1131 2386 1138 2393 .
1153 2384 1160 2392 .
1173 2360 1264 2393 vidit.
1282 2356 1457 2391 Leidensis
1467 2367 1597 2399 pennas
1603 2356 1705 2394 rodit,

1038 2409 1129 2456 quod
1146 2409 1321 2455 eleganter
1335 2405 1543 2452 respondere
1559 2418 1707 2450 sequen-

1037 2463 1127 2497 tibus
1137 2463 1328 2505 mdzgrnatus
1342 2466 1377 2494 et
1389 2462 1494 2493 Iratus
1505 2464 1603 2502 putat
1617 2457 1708 2491 Bur-

1037 2527 1194 2549 mannus.
1210 2531 1253 2539 —-
1263 2513 1431 2548 Accedere
1441 2510 1620 2556 proprium
1636 2509 1708 2544 avi-

1037 2566 1101 2599 bus
1112 2565 1145 2599 in
1159 2564 1248 2599 silvis
1261 2590 1270 2607 ,
1288 2563 1369 2597 hinc
1379 2569 1489 2607 poetae
1503 2561 1582 2595 licet
1593 2559 1706 2595 dicere

1037 2618 1143 2651 silvis.
1152 2615 1299 2649 —Duro
1315 2619 1427 2648 rostro.
1442 2612 1548 2646 Multi
1565 2611 1622 2654 (et
1633 2611 1707 2646 Re-

1038 2667 1113 2713 gius
1134 2666 1240 2701 codex
1262 2667 1314 2709 A)
1334 2666 1415 2699 diro.
1443 2682 1486 2689 -
1508 2662 1593 2696 Mox
1615 2667 1704 2702 recte

1039 2719 1244 2754 Burmanno
1254 2717 1478 2762 displicebant
1478 2715 1684 2760 firaerobora
1694 2722 1707 2754 ‚·

1038 2784 1122 2807 nam
1144 2770 1298 2816 quamvis
1323 2768 1412 2804 silvae
1435 2774 1471 2802 et
1487 2771 1622 2800 montes
1645 2763 1707 2797 in-
