1820 3106
253 247 341 291 516
617 251 671 294 P.
717 251 949 298 OVIDII
982 253 1281 301 NASONIS

250 341 318 388 Ex
342 339 438 389 aliis
461 340 566 391 alias
587 356 760 410 reparat
782 357 938 395 natura
957 346 1133 409 figuras.

247 418 337 465 Nec
358 419 474 484 penit
494 419 540 468 in
567 432 688 469 tanto
715 422 973 489 quicquam3
997 425 1105 472 mihi
1128 425 1287 474 credite
1303 463 1315 484 ,
1338 426 1528 487 mundo;

247 493 334 542 Sed
357 496 518 554 variat,
542 497 782 564 faciemque
808 512 940 549 novat
960 520 971 549 :
991 502 1198 568 nascique
1219 516 1400 552 vocatur

243 571 441 637 Incipere
466 592 558 622 esse
583 574 728 634 aliud,
754 595 885 643 quam
909 579 1028 645 quod
1050 579 1136 627 fuit
1158 592 1259 628 ante
1276 600 1287 638 ;
1307 581 1507 647 morique

241 648 449 697 Desinere
471 649 582 699 illud
606 651 721 701 idem
737 690 749 710 ‚
776 672 911 719 quum
935 655 1024 703 sint
1048 655 1137 704 huc
1160 656 1342 706 forsitan
1360 657 1459 716 illa,

241 727 346 776 Haec
370 728 576 778 translata
598 730 703 780 illuc
728 751 738 780 ε
765 750 933 782 summa
957 745 1101 782 tamen
1121 735 1270 784 omnia
1292 747 1505 785 constant.

1590 517 1656 553 255

306 825 329 845 »ι
352 803 427 851 Nil
449 805 652 871 equidem
673 806 827 855 durare
851 808 926 856 diu
951 809 1034 857 sub
1055 809 1244 872 imagine
1263 811 1414 862 eadem

236 881 511 931 Crediderim
535 902 544 931 :
570 883 633 932 sic
656 885 712 933 ad
730 885 894 934 sermm
911 887 1091 935 venistis
1112 888 1168 935 ab
1190 907 1298 937 auro

235 955 390 1005 Secula
414 976 424 1005 :
449 957 510 1007 sic
536 960 670 1007 toties
690 979 813 1009 versa
836 972 906 1010 est
922 960 1100 1010 fortuna
1124 962 1333 1011 locorum.
1389 1003 1392 1006 ,

1585 904 1651 938 260

231 1032 337 1094 Vidi
360 1052 467 1096 ego,
494 1036 616 1101 quod
637 1035 781 1084 fuerat
804 1038 1026 1103 quondam
1053 1039 1317 1089 solidissima
1342 1040 1495 1100 tellus,

229 1111 340 1160 Esse
361 1112 520 1160 fretum
540 1132 549 1160 :
571 1112 660 1160 vidi
683 1112 817 1163 factas
839 1134 891 1163 ex
913 1135 1087 1182 aequore
1110 1129 1247 1166 terras
1265 1137 1276 1175 ;

228 1189 287 1235 Et
309 1187 465 1254 procul
488 1207 512 1235 a
533 1189 689 1255 pelago
712 1191 887 1240 conchae
906 1192 1076 1257 jacuere
1099 1194 1299 1253 marinae,

225 1267 286 1313 Et
309 1277 433 1314 vetus
456 1267 631 1315 inventa
654 1281 721 1317 est
740 1269 787 1317 in
811 1270 1038 1319 montibus
1066 1291 1223 1320 ancora
1247 1273 1430 1321 summis
1451 1292 1464 1322 ε

1573 1288 1640 1324 265

226 1343 451 1410 Quodque
477 1344 562 1392 fuit
584 1363 766 1412 campus
781 1384 792 1403 ,
818 1346 971 1394 vallem
997 1347 1203 1397 decursus
1225 1368 1436 1415 aquarum

223 1420 370 1478 Fecit3
393 1432 438 1468 et
458 1419 596 1470 eluvie
617 1441 745 1470 mons
762 1434 832 1470 est
854 1423 1067 1473 deductus
1090 1425 1135 1472 in
1159 1444 1327 1492 aequor;

222 1498 348 1563 Eque
369 1495 583 1563 paludosa
606 1498 731 1548 siccis
754 1499 916 1547 humus
940 1513 1033 1548 aret
1054 1504 1196 1551 arenis
1217 1523 1228 1551 :

223 1575 424 1640 Quaeque
450 1574 584 1623 sitim,
593 1574 784 1624 tulerant
800 1614 811 1634 ‚
835 1588 1034 1639 stagnata
1055 1577 1292 1645 paludibus
1314 1581 1511 1630 hument.

225 1651 310 1699 Hic
333 1651 478 1700 fontes
500 1663 655 1700 natura
681 1671 819 1701 novos
844 1654 1014 1712 emisit,
1037 1666 1082 1703 at
1104 1655 1193 1703 illic

1572 1683 1637 1718 270

223 1726 421 1787 Clausit,
445 1741 490 1777 et
510 1728 680 1795 antiqui
703 1741 790 1778 tam
814 1729 952 1779 multa
979 1731 1242 1781 tremoribus
1264 1721 1388 1783 orbis

200 1871 354 1900 ·cervata
373 1890 384 1908 ,
418 1863 638 1901 condensata.
663 1883 706 1891 —-
721 1867 861 1911 Figuras
877 1894 885 1909 ,

216 1917 402 1952 elementa.

259 1972 333 2013 254.
359 1971 432 2004 Nec
447 1973 536 2014 perit
557 1973 593 2005 ia
617 1976 720 2005 tanto.
744 1970 892 2005 Plurimi

217 2021 231 2063 (
242 2028 278 2055 et
294 2020 401 2055 codex
413 2021 499 2066 Reg.
513 2021 544 2055 A
556 2022 569 2066 )
581 2023 653 2056 Nec
658 2025 747 2066 perit
757 2025 791 2056 in
815 2028 893 2056 loto.

215 2073 340 2108 Nullus
362 2073 398 2106 in
422 2073 557 2107 mundo
578 2073 738 2108 interitus
753 2099 762 2116 ,
785 2086 891 2107 merae

211 2131 351 2165 tantum
368 2124 689 2159 transformationes
699 2131 734 2158 et
745 2124 891 2159 transla—

213 2177 335 2211 tiones.
363 2177 404 2212 Id
434 2190 573 2222 quoque
599 2177 829 2211 verissimum.
846 2196 889 2204 -—

210 2229 345 2262 Summa
355 2233 467 2263 omnia
477 2235 646 2268 com-iant,
660 2241 795 2262 summa
810 2242 889 2262 om·—

211 2280 310 2313 nium
320 2281 471 2324 partium
478 2292 615 2324 semper
624 2287 744 2314 manet
753 2280 886 2314 eadem.

210 2330 363 2376 Scaliger
378 2331 513 2375 legebat
526 2344 668 2365 summe.

251 2386 327 2431 259.
344 2386 408 2418 Nil
416 2387 564 2429 equidem
580 2387 698 2418 durare
712 2390 775 2419 etc.
786 2383 886 2418 Mul-

207 2442 258 2470 tas
272 2443 307 2470 et
323 2448 465 2481 magnas
478 2436 710 2470 revolutiones
725 2449 818 2481 passa
835 2443 884 2470 est

206 2494 320 2528 terra;
345 2487 378 2520 id
398 2487 491 2531 quod
508 2494 542 2521 et
559 2487 661 2521 hodie
680 2488 882 2533 gravissimis

205 2539 419 2583 argumentis
439 2538 565 2573 docent
585 2539 726 2584 geologi.
742 2558 785 2565 —-
799 2540 884 2574 For-

203 2596 285 2624 !una
300 2593 445 2624 locorum
458 2616 467 2632 ‚
489 2590 624 2625 habitus
641 2591 807 2625 locorum.

246 2641 319 2675 256.
337 2644 493 2686 Campum
503 2642 596 2686 fecit
607 2645 744 2677 vallem.
764 2642 828 2676 hoc
841 2642 878 2676 iu

202 2705 325 2737 campo
341 2692 424 2727 fecit
441 2700 599 2727 montem
616 2701 673 2727 aut
692 2695 877 2728 tumulum.

201 2761 244 2769 —
259 2746 299 2778 In
316 2757 443 2788 oequor,
469 2744 505 2780 in
529 2745 673 2789 planum
687 2757 850 2790 campum
865 2760 875 2790 ;

959 1867 1000 1903 ad
1017 1869 1052 1912 1,
1071 1871 1123 1913 4¹·
1137 1887 1179 1894 —-
1190 1870 1296 1904 Siccis
1307 1875 1380 1904 aret
1393 1873 1504 1905 aoem's
1514 1897 1523 1912 ,
1543 1870 1635 1907 facta

957 1927 1009 1954 est
1022 1921 1126 1963 sicca,
1141 1920 1234 1954 arida
1247 1946 1256 1963 ‚
1269 1933 1422 1956 arenosa.
1436 1922 1502 1956 His
1509 1935 1552 1957 ex
1561 1935 1633 1959 asse

956 1972 1170 2018 respondent
1184 1974 1364 2017 sequentia
1373 2000 1382 2017 ,
1396 1980 1556 2019 stagnata
1563 1989 1634 2019 pa-

955 2025 1089 2058 ludibus
1101 2026 1248 2064 hument,
1265 2025 1302 2058 in
1317 2025 1476 2060 humidas
1490 2026 1631 2071 paludes

955 2089 980 2109 s.
992 2082 1110 2120 stagna
1125 2082 1257 2110 mutata
1267 2082 1358 2110 sunt.
1375 2075 1540 2112 Cumulat
1552 2091 1633 2114 ver-

954 2126 997 2160 ba
1017 2152 1026 2168 ‚
1056 2132 1094 2159 ut
1124 2126 1272 2162 inculcet
1289 2153 1299 2169 ‚
1326 2140 1431 2171 quam
1456 2129 1629 2165 mirabiles

953 2176 1021 2211 sint
1038 2176 1102 2210 illae
1117 2178 1338 2213 mutationes.
1348 2196 1392 2204 —
1401 2179 1438 2213 E
1439 2183 1625 2224 paludosa,

952 2230 1020 2264 scil.
1034 2229 1152 2265 humo.

996 2295 1035 2326 27
1044 2296 1054 2315 ι
1063 2309 1070 2315 .
1083 2284 1131 2316 Et
1137 2286 1275 2326 antl'qui.
1286 2283 1468 2320 Hactenus
1478 2284 1546 2323 fuit
1557 2285 1626 2321 edi-

950 2339 1024 2367 tum
1042 2340 1077 2368 el
1088 2338 1234 2378 antiquis
1248 2337 1440 2370 tremoribus
1449 2339 1539 2371 orbis
1548 2338 1626 2372 Hu-

948 2389 1038 2420 mina
1056 2388 1237 2429 prosiliunt
1257 2387 1274 2428 '(
1293 2387 1338 2420 ita
1366 2387 1495 2421 habent
1523 2389 1625 2435 Regii

948 2437 1022 2472 cod.
1040 2439 1063 2476 ).
1087 2438 1172 2472 Haec
1186 2438 1350 2473 mendosa
1361 2439 1490 2484 judicat
1507 2440 1623 2476 Hein-

948 2488 1016 2522 sius
1026 2515 1036 2532 ,
1049 2495 1081 2522 et
1094 2489 1231 2533 conjicit
1241 2497 1276 2523 ct
1282 2498 1342 2524 aut
1350 2494 1496 2534 quedam
1506 2494 1623 2527 stimu-

945 2542 1018 2573 lata
1033 2543 1224 2574 tremoribus
1242 2545 1332 2575 ortis.
1352 2541 1421 2575 Pro
1434 2549 1503 2576 tam
1517 2546 1622 2578 multa

946 2590 1103 2625 Sixianus
1117 2605 1282 2625 concussa
1293 2618 1301 2632 ‚
1317 2605 1386 2626 non
1400 2593 1620 2638 improbante

946 2643 1092 2677 Heinsio
1112 2670 1122 2687 ,
1151 2644 1208 2688 qui
1241 2651 1274 2679 et
1304 2648 1463 2679 convulsa
1485 2646 1617 2681 suadet.

942 2695 1166 2730 Burmannus
1182 2704 1356 2741 putattam
1371 2702 1475 2732 mulla
1490 2711 1551 2742 per
1560 2699 1617 2732 in·-

945 2746 1217 2791 terrogationem
1250 2747 1468 2794 capiendum.
1494 2747 1613 2785 Lectio
