1826 3120
1431 244 1545 260 mm

341 374 422 445 P.
480 372 828 443 ovum
875 372 1312 445 NASONIS

181 540 1467 632 METAMORPHOSEON

474 732 732 789 LIBER
781 732 1174 789 OCTAVUS.

203 1039 256 1078 N.
280 1038 333 1079 B.
370 1038 650 1095 Argumentum
680 1038 794 1094 hujus
827 1038 934 1079 Libri
967 1040 1089 1080 octavi
1118 1039 1481 1094 Metamorphoseon

141 1114 300 1156 relatum
322 1115 492 1156 invenies
516 1114 557 1153 in
577 1115 673 1155 serie
694 1115 885 1155 CANTERI
899 1146 911 1167 .,
939 1124 1032 1156 tom.
1056 1117 1115 1156 ΙΙΙ
1131 1145 1143 1167 ,
1168 1131 1252 1171 pag.
1273 1114 1339 1156 38.

115 1288 226 1336 ΕΑΒ.
249 1288 283 1335 I.
313 1268 357 1336 J
360 1300 436 1336 AM
468 1286 659 1336 nitidum
686 1298 909 1350 retegente
934 1288 1047 1336 diem
1064 1325 1075 1346 ,
1105 1287 1337 1355 noctisque
1350 1288 1539 1355 *fugante

113 1365 333 1431 Tempora
354 1364 584 1423 Lucifero,
613 1364 730 1413 cadit
751 1367 924 1425 Eurus;
949 1378 994 1415 et
1011 1365 1192 1415 humida
1219 1379 1409 1432 surgunt

161 1502 283 1536 1-151.
297 1501 413 1540 Nisus,
433 1512 493 1534 rex
505 1498 769 1545 Megarensium
779 1526 789 1544 ,

113 1551 306 1588 Pandionis
326 1551 416 1587 filius
433 1578 443 1596 ,
466 1555 502 1586 in
523 1553 728 1593 buleutam,
756 1558 792 1586 et

113 1605 247 1651 Scylla,
272 1605 348 1649 ejus
367 1603 437 1638 fllia
448 1629 458 1648 ,
472 1607 509 1639 in
524 1607 610 1638 cirin
625 1611 791 1639 mutatur:

115 1663 152 1692 et
161 1655 235 1692 hoec
251 1655 395 1702 quidem
412 1655 540 1691 merito
550 1655 640 1691 hanc
652 1668 791 1701 poenam

111 1721 208 1755 passa
221 1715 284 1745 est.
309 1708 435 1754 Quum
450 1709 548 1744 enim
565 1708 684 1743 Minos
702 1709 791 1743 Me—

110 1774 238 1808 garam
245 1767 464 1807 oppugnaret
475 1787 485 1804 ‚
511 1760 624 1808 Scylla
637 1787 646 1804 ,
672 1774 791 1796 amore

110 1814 188 1860 eius
201 1814 358 1855 incensa,
377 1814 511 1849 crinem
529 1814 636 1860 patris
650 1827 792 1859 purpu-

111 1879 233 1908 reum,
253 1879 324 1913 quo
342 1873 378 1902 et
399 1866 504 1912 ipsius
525 1872 562 1901 et
584 1866 678 1901 urbis
703 1866 793 1901 salus

111 1918 300 1966 pendebat,
309 1926 483 1954 resectum
492 1919 528 1953 in
537 1925 647 1954 castra
657 1919 792 1954 hostilia

111 1971 277 2018 pertulit,
302 1983 410 2016 seque
425 1970 528 2006 simul
552 1970 661 2017 ipsam
677 1971 794 2006 Minoi

111 2022 264 2059 tradidit.
282 2022 344 2058 Ille
359 2035 445 2058 vero
462 2030 535 2058 tam
553 2023 696 2069 impiam
708 2037 793 2070 pro-

113 2075 285 2111 ditionem
297 2081 492 2120 aversatus,
507 2074 660 2122 Scyllam
675 2076 791 2111 relin-

114 2126 191 2172 quit
205 2126 298 2172 apud
314 2127 541 2173 Megarenses
557 2141 567 2170 ;
585 2140 663 2172 quae
680 2140 791 2173 quum

112 2178 255 2214 classem
270 2185 558 2223 persequeretur,
578 2186 736 2213 mutatur
754 2179 794 2214 in

113 2231 201 2267 cirin
219 2257 229 2274 ,
269 2237 367 2276 pater
397 2243 481 2265 vero
513 2232 551 2266 in
582 2231 791 2266 haliaeetum.

114 2283 234 2319 Latius
253 2282 345 2318 hanc
369 2283 521 2318 fabulam
544 2284 792 2330 Megarensem

113 2338 272 2374 tractavit
285 2336 611 2384 Pseudo-Virgilius
621 2366 630 2382 ,
645 2339 682 2374 in
696 2339 770 2375 Ciri
780 2367 790 2385 ,

113 2402 317 2437 quanquam
330 2389 358 2425 is
370 2389 506 2435 potiora
517 2391 725 2427 narrationis
741 2406 793 2428 ca·

112 2443 185 2490 pita
218 2442 373 2478 breviter
405 2449 545 2477 tantum
580 2444 792 2490 perstringit.

116 2494 252 2530 Confer
267 2501 303 2529 et
319 2494 529 2529 Pausaniam
546 2521 555 2538 ,
585 2495 660 2530 Att.
676 2509 709 2540 p.
728 2498 769 2540 45
781 2523 791 2541 ,

113 2555 150 2582 et
170 2545 333 2581 Corinth.
350 2559 382 2592 p.
402 2559 462 2594 192
478 2561 487 2587 3
514 2546 768 2591 Apollodorum
781 2574 791 2592 ,

114 2598 194 2643 111,
219 2609 279 2643 κν,
297 2600 317 2634 8
332 2611 427 2644 sqq.;
456 2597 573 2634 Schol.
594 2598 768 2644 Euripidis
781 2626 790 2644 ,

114 2651 159 2687 ad
175 2652 283 2698 Hipp.
298 2664 384 2687 vers.
401 2652 443 2686 35
459 2658 494 2687 et
515 2664 618 2694 ¹²003
639 2652 794 2698 Proper—

114 2704 224 2747 tium,
246 2703 300 2738 ΙΙΙ
312 2730 322 2747 ,
354 2705 455 2749 [7523
482 2704 616 2752 Hygini
641 2705 794 2739 fabulam

119 2757 190 2805 ¹⁹⁸·
201 2756 424 2792 Tractaverat
436 2755 509 2793 haec
524 2757 631 2794 etiam
644 2757 793 2797 Parthe-

267 2825 360 2868 JV.

857 1500 936 1536 nius
953 1526 963 1544 ,
988 1507 1028 1535 ut
1054 1508 1197 1546 apparet
1220 1514 1261 1536 ex
1286 1501 1470 1538 Eustathio
1496 1505 1540 1540 ad

855 1551 1002 1599 Dionys.
1024 1553 1159 1598 Perieg.
1186 1566 1288 1589 versu
1316 1557 1390 1598 420.
1415 1555 1536 1592 Minos

857 1604 1021 1652 Scyllam,
1035 1605 1251 1651 impietatem
1263 1606 1338 1651 ejus
1349 1616 1538 1653 aversatus,

858 1665 916 1693 aut
927 1658 964 1692 in
982 1659 1093 1703 patria
1104 1659 1293 1704 reliquerat
1303 1660 1537 1706 proficiscens,

857 1715 918 1744 aut
929 1722 1031 1756 poena
1047 1709 1197 1755 quadam
1211 1710 1392 1746 adfecerat.
1408 1713 1474 1748 His
1481 1714 1538 1748 ad·

858 1760 929 1796 dita
936 1769 987 1796 est
993 1761 1108 1796 fabula
1116 1761 1158 1796 de
1167 1775 1345 1808 purpureo
1355 1756 1428 1800 Nisi
1438 1766 1540 1811 capil-

858 1814 910 1859 lo,
937 1828 1043 1860 quam
1066 1816 1190 1861 cupide
1213 1817 1438 1863 arripuerunt
1454 1832 1541 1864 poe-

858 1874 902 1902 tae
920 1874 1023 1913 atque
1041 1868 1186 1916 mythici
1202 1869 1395 1915 scriptores.
1414 1871 1541 1916 Quum

859 1918 956 1953 enim
967 1932 1067 1953 avem
1078 1927 1221 1955 nossent
1231 1933 1407 1967 purpurea
1418 1922 1455 1957 in
1465 1937 1541 1959 ver·

858 1971 924 2006 tice
939 1971 1041 2006 crista
1056 1972 1231 2019 insignem
1246 1999 1255 2018 ,
1285 1986 1362 2019 quae
1376 1975 1456 2011 ciris
1476 1976 1538 2011 di-

855 2030 995 2058 ceretur
1003 2024 1111 2070 (quod
1122 2037 1255 2060 nomen
1266 2039 1284 2060 a
1293 2039 1404 2072 graeco
1413 2034 1536 2078 mipene,

856 2075 1004 2112 tondere
1014 2103 1023 2120 ‚
1040 2076 1191 2112 derivari
1208 2091 1305 2123 posse
1320 2081 1511 2124 putarunt)
1524 2107 1534 2125 ‚

856 2126 892 2161 in
906 2140 985 2162 eam
995 2129 1168 2166 transiisse
1180 2129 1332 2177 Scyllam
1347 2131 1538 2176 finxerunt,

856 2188 993 2225 patrem
1002 2182 1132 2217 veroin
1142 2182 1353 2227 haliaeetum,
1372 2184 1431 2228 qui
1441 2196 1541 2219 acer-

856 2234 948 2268 rimo
973 2234 1054 2268 odio
1084 2235 1244 2270 insectari
1267 2235 1355 2270 cirin
1382 2238 1480 2272 solet.
1494 2255 1538 2264 —

856 2288 938 2321 Jam
949 2289 1091 2322 nitidum
1102 2294 1166 2322 etc.
1182 2287 1329 2323 Initium
1343 2288 1467 2324 sabulae
1481 2302 1541 2323 re-

855 2338 975 2384 spicit,
996 2339 1089 2383 Vll,
1107 2340 1173 2386 659
1196 2347 1231 2374 et
1253 2340 1329 2385 664.
1354 2357 1398 2366 —·
1416 2340 1513 2381 Olim
1526 2366 1537 2384 ,

856 2403 921 2436 pro
931 2397 1098 2435 retegente.
1111 2391 1280 2426 edebatur
1294 2399 1431 2436 regente.
1444 2391 1539 2437 quod

857 2450 1062 2488 corruptum
1074 2456 1144 2478 esse
1160 2443 1244 2477 vidit
1264 2444 1393 2487 Regius
1409 2456 1417 2478 ς
1432 2451 1535 2490 atque

856 2495 1056 2539 relegentein
1066 2494 1240 2537 omnibus,
1252 2495 1376 2539 quibus
1384 2504 1535 2541 ususest,

857 2546 965 2581 MSS.
986 2547 1117 2591 reperit
1138 2546 1316 2581 Ciosanus.
1339 2546 1439 2593 Regii
1457 2561 1534 2583 nos·

868 2599 901 2633 ri
915 2625 924 2641 ,
948 2605 1115 2642 retegente.
1136 2616 1179 2623 —-
1196 2599 1334 2643 Luct'fi’r
1345 2606 1380 2634 et
1395 2600 1535 2635 Aurora

857 2649 936 2684 alibi
945 2649 1111 2684 dicuntur
1120 2651 1207 2683 diem
1217 2653 1365 2686 reducere
1374 2678 1383 2692 ‚
1396 2652 1455 2686 sed
1471 2652 1536 2688 hoc

857 2702 933 2738 loco
949 2702 1167 2748 exquisitius,
1185 2710 1340 2749 relegere,
1358 2706 1533 2750 quemad—

857 2754 1006 2791 modum
1025 2754 1118 2802 apud
1136 2755 1340 2802 Virgilium,
1366 2757 1448 2793 AEn.
1467 2758 1533 2802 IV,

1305 2843 1319 2868 1
