1820 3106
334 195 1084 248 -METAMORPHOSEON
1120 200 1250 243 LIB.
1296 201 1357 244 X.

1427 261 1433 267 .
1491 218 1577 264 ²⁰7

137 294 220 346 Ille
241 295 354 354 fuit;
379 293 622 362 superabat
642 292 760 342 enim
782 311 792 340 :
817 311 899 341 nec
925 291 1069 341 dicere
1093 310 1250 359 posses
1267 330 1279 350 ‚

137 372 289 423 Laude
308 371 472 441 pedum
489 409 501 430 ,
526 369 737 420 formaene
759 369 886 419 bono
909 370 1196 438 praestantior
1219 382 1348 419 esset.

142 451 328 501 Scitanti
351 451 475 500 Deus
497 449 604 498 huic
628 448 683 498 de
708 449 923 516 conjuge3
949 472 971 492 «
1003 449 1206 515 Conjuge
1222 486 1234 506 ,
1260 448 1397 508 dixit,

144 551 169 573 »
195 527 271 578 Nil
295 547 412 596 opus
433 540 529 587 est,
553 527 789 587 Atalanta,
815 527 900 576 tibi
920 547 929 586 ;
958 526 1064 591 fuge
1087 527 1293 594 conjugis
1316 547 1448 578 usum
1472 548 1481 578 :
1519 541 1584 576 565

144 629 169 650 >2
196 607 288 656 Nec
299 619 459 661 „tamen
482 606 695 671 effugies,
720 619 852 674 teque
877 606 974 674 ipsa
993 606 1091 655 viva
1111 606 1294 656 carebis.
1320 629 1343 650 »

141 684 314 734 Territa
337 696 458 734 sorte
482 685 569 734 Dei
592 704 674 753 per
698 704 860 753 opacas
884 685 1056 734 innuba
1080 684 1211 734 silvas

139 761 288 821 Vivit,
315 774 360 812 et
382 762 623 812 instantem
646 763 824 812 turbam
844 762 1038 813 violenta
1059 783 1304 831 procorum

141 897 254 934 nullas
263 899 414 943 Veneri,
425 911 531 945 quam
543 898 753 945 adjutricem
765 899 832 934 ha-

140 951 266 987 buerat
282 951 319 986 in
333 952 527 988 certamine
542 978 552 996 ,
572 952 630 987 illa
646 953 767 988 ambos
784 953 833 988 ita

141 1003 315 1048 irritavit,
341 1012 382 1039 ut
403 1005 440 1039 in
466 1005 544 1040 luco
567 1005 696 1041 Matris
712 1006 833 1041 Deum

143 1057 424 1093 concumberent
443 1072 452 1100 ;
486 1057 593 1103 idque
623 1057 667 1092 ob
700 1059 834 1093 facinus

143 1111 271 1147 mutati
289 1111 418 1146 suntin
429 1111 561 1147 leones.
577 1110 682 1147 Cons.
699 1112 833 1160 Hygin.

144 1163 213 1199 sab.
233 1164 316 1206 185;
337 1163 574 1210 Apollodorus
586 1191 595 1208 ,
618 1165 672 1200 III
684 1191 693 1208 ,
713 1175 771 1208 lx,
788 1179 806 1199 α
823 1180 832 1208 ;

145 1216 366 1264 Palaephatus
384 1244 393 1261 ,
411 1229 484 1263 cap.
505 1219 564 1262 143
583 1217 702 1253 Schol.
719 1217 836 1253 Theo-

146 1268 225 1304 criti
241 1268 285 1304 ad
303 1269 360 1304 III
370 1295 379 1313 ,
394 1270 437 1312 4ο
449 1284 456 1312 ;
470 1269 587 1305 Schol.
601 1269 779 1316 Apollonii
792 1269 836 1304 ad

148 1323 166 1358 I
178 1349 187 1366 ,
207 1322 292 1370 7693
307 1322 451 1358 Servius
465 1322 509 1358 ad
521 1323 712 1370 Virgilium
722 1349 731 1367 ,
750 1322 835 1357 AEn.

148 1376 226 1420 III,
247 1376 330 1419 1133
348 1376 495 1412 Tzetzes
509 1375 603 1411 Chil.
619 1377 731 1421 XIII,
749 1377 834 1421 453;

150 1429 351 1465 Heraclitus
361 1456 370 1473 ,
384 1429 427 1465 de
443 1424 582 1465 Incred.
596 1442 668 1475 cap.
688 1443 736 1463 ια.
748 1429 838 1464 Bre-

148 1480 240 1515 viter
258 1480 412 1516 fabulam
429 1480 641 1516 Theocritus
655 1507 665 1524 ,
684 1480 736 1515 Id.
755 1481 835 1525 111,

150 1536 195 1578 40
209 1547 272 1580 sqq
287 1561 296 1578 ,
314 1534 438 1581 attigit.
454 1534 683 1569 Tractaverat
699 1561 708 1578 ,
739 1541 779 1568 ut
797 1548 838 1569 ex

150 1586 369 1633 Apollodoro
381 1594 499 1633 patet,
511 1587 620 1622 etiam
637 1587 837 1634 Euripides.

151 1639 232 1675 Hoc
247 1638 324 1675 loco
339 1639 464 1675 Venus
477 1640 550 1686 ipsa
563 1667 572 1685 ,
595 1641 696 1686 cujus
712 1654 839 1687 magna

148 1703 228 1737 pars
244 1691 283 1726 in
301 1704 342 1727 ea
355 1704 394 1727 re
415 1693 532 1727 suerat
547 1719 557 1736 ,
588 1692 739 1728 facunde
759 1706 837 1728 eam

149 1750 186 1779 et
201 1743 327 1780 ordine
343 1752 475 1780 narrat.
490 1764 534 1771 -—
550 1747 626 1781 Non
637 1745 767 1789 sabula
781 1760 839 1780 ru-

150 1811 225 1832 mor
231 1797 399 1843 mesaia·
421 1798 469 1833 sic
474 1799 609 1843 fabule
619 1811 736 1832 manes
747 1798 840 1844 apud

151 1851 344 1885 Horatium
358 1877 368 1894 ,
396 1850 413 1885 1
428 1877 437 1894 ,
461 1849 535 1886 od.
552 1862 606 1894 lv,
622 1851 770 1885 16:11011
789 1859 841 1886 est

151 1902 226 1938 haec
241 1903 337 1939 fictio
353 1902 396 1938 ad
417 1902 664 1938 delectandum
683 1916 837 1950 compa—

153 1963 248 1996 τείας
266 1955 328 1991 sed
349 1968 492 1999 rumor,
509 1956 622 1990 immo
639 1957 734 1991 sama
753 1969 842 1991 con-

152 2017 248 2045 stans
270 2016 306 2044 et
326 2016 433 2044 certa.
460 2008 706 2044 Confunditur
721 2016 842 2044 tamen

154 2064 230 2099 liaec
243 2062 358 2098 sabula
377 2077 386 2105 ;
413 2075 524 2108 quum
541 2063 638 2097 enim
651 2062 729 2097 duae
746 2063 840 2098 Ata-

155 2116 260 2151 lanta
274 2116 421 2160 suerint,
433 2115 591 2159 Tzetzes,
607 2115 840 2161 Palaephatus,

156 2178 193 2206 et
207 2171 263 2206 alii
278 2170 440 2206 tribuunt
454 2169 522 2205 hoc
537 2170 616 2204 {iliae
628 2170 712 2206 Jasii
724 2197 733 2214 ,
747 2169 843 2216 quod

157 2232 233 2260 erat
247 2224 328 2259 filiae
339 2223 502 2259 Schoenei
515 2235 524 2258 ς
537 2223 576 2257 M
582 2222 724 2258 ilanioni
736 2224 821 2257 item
832 2249 841 2267 ,

159 2277 255 2324 quod
269 2285 345 2314 erat
360 2276 606 2323 Hippomenis.
628 2278 694 2311 Ed.

202 2332 278 2367 562.
294 2332 367 2366 Nec
379 2333 490 2364 Δίαν-ε
494 2342 625 2374 posses.
641 2329 747 2364 Unus
760 2329 844 2364 Me-

125 2381 129 2385 *
159 2384 279 2420 diceus
289 2397 352 2420 nec
361 2385 473 2418 dicere
477 2387 665 2426 promptum
674 2388 735 2422 est,
750 2381 845 2428 quod

159 2438 371 2474 Burmanno
397 2435 539 2470 videtur
562 2448 603 2469 ex
629 2435 720 2470 XIII
736 2461 746 2479 ‚
782 2449 821 2470 ιο
834 2462 843 2480 ,

159 2497 329 2526 sumtum.
352 2508 397 2516 —·
419 2487 520 2534 Regii
538 2488 647 2522 nostri
667 2486 816 2523 Codices
836 2514 845 2532 ,

159 2555 221 2577 nec
233 2545 343 2577 dicere
359 2545 485 2587 possis.
501 2559 546 2566 —
560 2542 680 2575 Laude
696 2543 819 2584 pedum
836 2567 844 2581 ,

153 2595 393 2639 formaneetc.
402 2594 480 2629 Hac
490 2593 618 2639 duplici
633 2592 734 2627 laude
742 2593 849 2628 etiam

162 2645 359 2681 secundum
376 2646 458 2681 alios
476 2645 619 2690 insignis
637 2651 730 2686 erat;
748 2650 784 2679 et
799 2644 850 2679 in-

163 2697 207 2732 de
223 2698 356 2744 pendet
372 2705 445 2733 tota
463 2698 590 2732 sabula.
616 2698 783 2736 Pedibus,
814 2695 850 2730 id

108 2776 121 2778 -
163 2758 340 2794 cst,cursu
350 2751 515 2786 excellere
525 2762 664 2786 summa
672 2752 750 2784 laus
758 2748 850 2794 apud

897 899 1040 936 Graecos
1050 915 1059 943 ς
1074 901 1269 946 Homerus,
1281 900 1353 936 Od.
1362 907 1401 945 Θ,
1418 904 1488 949 147.
1497 901 1588 938 Satis

898 954 1072 989 concinne
1098 956 1176 988 laus
1195 956 1320 999 pedum
1338 961 1373 989 et
1381 955 1504 999 formae
1520 958 1589 990 bo—

901 1020 981 1041 num
1006 1006 1071 1042 sibi
1100 1014 1343 1052 opponuntur.
1375 1007 1458 1042 Non
1486 1007 1593 1053 igitur

904 1058 1166 1106 praeserendum
1187 1073 1229 1094 ex
1252 1060 1372 1095 multis
1389 1060 1487 1096 MSS
1503 1060 1593 1105 sbr-

901 1125 999 1146 mane
1010 1113 1107 1146 bona.
1122 1112 1291 1146 Formam
1300 1124 1390 1158 saepe
1403 1115 1522 1147 bonum
1536 1112 1592 1148 di-

901 1165 933 1200 ci
953 1190 962 1207 ,
987 1163 1091 1199 docet
1113 1164 1344 1199 Burmannus
1370 1177 1377 1199 :
1397 1167 1504 1210 pedes
1526 1178 1592 1211 pro

903 1231 1008 1253 cursu
1026 1217 1196 1252 solemne.
1406 1261 1413 1267 ὓ

948 1269 1025 1314 564.
1040 1270 1195 1304 Scitanti.
1208 1269 1374 1304 Menard.
1387 1266 1496 1304 c'ddex
1510 1283 1594 1315 quoe-

901 1325 1013 1364 rent1'‚·
1035 1322 1231 1357 Vossianus
1243 1325 1420 1356 scrutanti,
1435 1341 1477 1347 —
1493 1322 1596 1368 Regii

902 1375 1015 1410 nostri
1031 1377 1199 1417 scitanti;
1221 1375 1284 1409 etsi
1301 1378 1463 1420 quoerenti
1474 1374 1530 1409 vid
1536 1388 1597 1410 ea-

903 1433 963 1461 tur
977 1426 1085 1473 glossa
1099 1453 1109 1471 ,
1125 1434 1246 1462 tamen
1262 1427 1450 1472 Virgilius,
1466 1426 1597 1473 Georg.

904 1479 971 1524 IV,
993 1481 1058 1527 449
1071 1506 1081 1523 ,
1107 1479 1192 1514 dixit
1216 1482 1376 1514 Venimus
1391 1482 1471 1515 hinc
1490 1483 1600 1525 lapsis

902 1536 1076 1578 quaesitum
1099 1535 1241 1567 oracula
1257 1536 1355 1567 rebus
1371 1546 1380 1567 .·
1395 1532 1457 1567 sed
1474 1533 1569 1567 idem
1586 1561 1595 1578 ‚

906 1586 1096 1622 AEneid.11
1110 1614 1119 1630 ,
1142 1601 1152 1622 1
1165 1588 1203 1631 14
1218 1613 1227 1631 ‚
1242 1589 1429 1634 Euryalum
1440 1591 1600 1622 scitatum

905 1642 1046 1674 oracula
1057 1640 1368 1674 Phoebism'ttimus.
1384 1638 1450 1673 Ed.
1467 1658 1511 1665 —
1522 1640 1600 1674 Sci-

903 1695 1013 1732 tanti,
1040 1691 1180 1726 oracula
1206 1691 1414 1726 consulenti.
1435 1692 1599 1726 Verbum

907 1742 1093 1788 proprium
1110 1742 1144 1776 in
1160 1742 1224 1776 hac
1241 1755 1279 1776 re
1291 1769 1300 1785 ,
1320 1750 1492 1778 monente
1509 1743 1602 1777 Bur·
1621 1763 1624 1766 -

909 1807 1054 1830 manno.
1074 1795 1129 1830 De
1145 1795 1212 1830 hoc
1227 1796 1370 1830 oraculo
1383 1797 1500 1831 caeteri
1513 1796 1603 1832 nihil

905 1847 1037 1883 habent
1055 1861 1062 1883 :
1083 1848 1321 1894 Apollodorus
1336 1852 1475 1900 παρθένον
1494 1853 1602 1892 ἑαυτὴν

912 1903 1056 1949 ε’,ι-ύλαττε
1073 1907 1126 1936 καί
1144 1903 1318 1951 ,θηρεύοντα
1344 1903 1371 1935 ἓν
1397 1903 1508 1952 ἐρημίᾳ
1529 1907 1601 1937 δίε-

908 1957 988 1989 τέλει
1000 1980 1009 1998 ,
1036 1961 1071 1988 et
1089 1961 1208 2000 postea
1223 1980 1233 1997 ‚
1258 1961 1355 1999 patre
1372 1954 1576 1999 impellente
1591 1982 1601 1999 ,

908 2006 1027 2053 prodit
1050 2007 1087 2042 in
1112 2006 1275 2042 stadium.
1294 2025 1338 2032 —
1354 2008 1410 2041 De
1430 2008 1575 2053 conjuge
1591 2020 1603 2051 ς

915 2062 1089 2107 Conjuge;
1110 2061 1290 2096 sollemnis
1306 2068 1342 2096 et
1359 2069 1455 2108 grata
1472 2062 1604 2098 Ovidio

910 2114 1072 2160 ejusdem
1085 2117 1178 2149 vocis
1191 2115 1511 2160 repetitio—Usus
1522 2129 1604 2150 con—

900 2168 1026 2213 jugt's5
1050 2167 1257 2202 concubitus
1276 2181 1283 2208 ;
1309 2167 1459 2203 Remed.
1477 2168 1603 2203 Amor,

910 2221 974 2266 357
995 2247 1005 2264 ,
1042 2222 1180 2255 Veneris
1209 2233 1301 2254 usus.
1319 2239 1363 2246 —-
1380 2222 1452 2255 Nec
1478 2228 1603 2256 tamen.

911 2272 1017 2308 Unus
1038 2275 1106 2307 Vix
1122 2280 1299 2308 tamen.—
1316 2275 1425 2319 Teque
1438 2277 1515 2318 ipsa
1526 2278 1605 2309 viva

911 2329 1054 2361 carebis.
1067 2325 1242 2370 Obscure,
1254 2339 1352 2360 more
1365 2326 1603 2372 oraculorum,

910 2378 1261 2413 transformationem
1282 2378 1358 2422 ejus
1373 2378 1603 2413 vaticinatur:

910 2439 945 2467 te
968 2436 1045 2476 ipsa
1067 2434 1220 2471 carebts,
1247 2444 1319 2465 non
1346 2432 1413 2466 eris
1440 2445 1479 2466 ea
1494 2458 1503 2475 ,
1527 2445 1605 2478 quae

912 2499 1010 2520 nunc
1027 2499 1082 2529 es,
1101 2485 1234 2519 carebis
1252 2485 1360 2519 animi
1377 2485 1605 2532 corporisque

914 2539 1015 2573 bonis
1026 2564 1035 2582 ‚
1059 2538 1184 2583 quibus
1201 2550 1298 2571 nunc
1315 2538 1450 2572 frueris.

961 2591 1034 2636 567.
1051 2593 1119 2624 Per
1134 2593 1241 2624 silvas
1257 2590 1382 2625 melius
1393 2618 1400 2630 ‚
1421 2603 1526 2637 quam
1540 2619 1549 2635 ,
1569 2592 1606 2627 in

916 2643 1008 2678 silvis
1027 2656 1113 2687 :per
1129 2643 1224 2677 enim
1244 2643 1423 2689 eieganter
1442 2645 1607 2690 ponitur,

917 2696 978 2730 ubi
996 2703 1057 2731 aut
1074 2695 1116 2730 de
1136 2695 1338 2731 hominibus
1358 2698 1482 2742 sparsis
1495 2724 1505 2740 ‚
1531 2698 1607 2732 dis-

917 2749 1000 2783 susis
1014 2775 1023 2792 ,
1042 2761 1159 2783 sermo
1176 2755 1227 2784 est
1252 2748 1268 2795 (
1283 2750 1347 2793 tv,
1367 2752 1452 2794 405,
1469 2753 1613 2784 latitant
