1820 3106
319 179 1019 243 METAMORPHOSEON
1049 197 1176 242 LIB.
1211 200 1306 243 lx.
1469 218 1539 260 77⁴

100 290 226 345 Dixit
248 302 293 340 et
317 290 495 340 Alcides
519 310 530 339 :
553 290 628 339 alii
650 309 816 340 cessere
841 290 1035 339 duobus.

101 368 183 418 llle
203 371 353 418 Iovem
370 386 573 417 socerum
601 368 701 417 dare
723 387 768 416 se
784 405 796 427 ‚
821 368 1067 435 famamque
1090 365 1296 415 laborum
1310 404 1322 426 ,

103 448 166 495 Et
185 456 389 513 superata
415 464 503 494 suae
525 445 742 494 referebat
761 446 883 512 jussa
906 464 1114 493 novercae.
1488 460 1530 494 15

107 525 275 574 Contra
300 542 381 587 ego
399 543 410 571 :
432 535 562 590 turpe
580 524 725 572 Deum
747 522 924 572 mortali
952 523 1103 572 cedere
1127 522 1233 571 duxi
1251 542 1262 582 ;

104 599 315 654 Nondum
336 614 429 652 erat
450 601 524 650 ille
546 603 695 661 Deus;
726 624 748 645 «
772 604 939 665 Regem
963 621 1031 650 me
1056 602 1199 650 cernis
1223 621 1435 668 aquarum

103 740 143 762 re
159 725 400 772 antiquissimo
411 724 624 772 ambagibus,
637 737 715 760 rem
729 724 785 771 ip-

102 792 177 815 sam
188 779 355 826 proponit
368 782 546 823 :acconem
556 785 596 812 ut
608 780 783 823 λαμςάυειν,

104 832 244 878 proprie
257 831 300 866 de
312 830 499 877 adoptione
510 844 519 872 ;
534 829 603 864 vid.
615 829 724 865 Corte
741 829 784 864 ad

104 884 308 920 Sallustium
323 882 405 928 Jug.
422 895 462 918 10
472 909 481 926 ,
499 881 553 929 (et
565 894 643 927 quae
653 881 783 927 collega

103 943 224 971 noster
233 935 353 971 doctis.
360 935 384 970 J
387 934 628 970 .L.Bunuour
636 933 678 968 ad
689 947 786 969 eum-

106 989 190 1024 dem
197 989 315 1024 locum
325 988 464 1032 dixerit,
475 994 566 1022 nost.
576 986 659 1022 edit.
669 1001 700 1033 p.
714 988 784 1023 158.

105 1041 187 1085 Ed.)
203 1041 300 1076 Hinc
315 1041 423 1076 etiam
436 1040 528 1075 bene
547 1065 557 1083 ,
574 1043 726 1084 accipere
733 1052 788 1084 ge—

103 1107 236 1135 nerum,
261 1100 303 1128 ut
322 1093 424 1137 alibi,
453 1095 604 1137 accipere
617 1095 784 1134 amicum,

104 1151 143 1182 in
163 1150 350 1182 amicitiam
360 1174 368 1187 ‚
386 1150 423 1181 in
438 1148 685 1180 matrimonium
700 1158 710 1179 .·
726 1158 790 1180 su-

83 1195 86 1199 *
107 1211 171 1245 pra
183 1225 193 1244 ,
211 1199 248 1234 II
263 1225 273 1243 ‚
300 1199 364 1235 526
381 1225 391 1242 ,
413 1209 541 1233 sumere
558 1210 705 1232 socerum
719 1224 727 1238 ‚
751 1203 787 1232 et

109 1251 260 1287 Heroid.
274 1252 329 1286 VI
341 1277 352 1295 ,
369 1251 414 1285 80
425 1277 435 1294 ‚
460 1262 587 1285 sumere
606 1263 733 1284 numm.
744 1268 789 1275 —

107 1305 302 1338 Porthaone
319 1307 442 1344 natus,
477 1302 616 1337 OEneus
630 1327 640 1345 ‚
660 1300 703 1336 de
717 1314 788 1347 quo

108 1357 198 1393 libro
213 1356 396 1403 superiori.
412 1355 532 1400 Hujus
546 1355 654 1390 filiam
671 1355 789 1400 Deia-

109 1410 226 1446 niram
237 1410 368 1446 faciunt
378 1417 414 1445 et
428 1409 506 1454 alii,
522 1409 639 1455 paucis
654 1408 790 1444 dissen-

110 1462 277 1498 tientibus
291 1488 301 1506 ,
331 1461 391 1508 qui
408 1462 441 1497 ei
455 1461 703 1500 Dexamenum
718 1474 789 1507 pa-

108 1521 202 1549 trem
212 1512 310 1556 dant,
320 1513 376 1548 vel
385 1509 575 1548 Bacchum.
589 1513 693 1557 Eam,
707 1526 790 1548 auc-

109 1573 186 1602 tore
193 1565 300 1602 Diod.
305 1565 478 1602 Hercules
487 1565 596 1610 duxit,
606 1566 790 1612 Meleagro

109 1619 288 1654 exstincto.
311 1617 485 1664 Meleagri
504 1618 630 1653 umbra
652 1617 790 1664 impul—

108 1683 176 1714 sus,
186 1682 298 1716 quum
306 1677 396 1706 esset
403 1670 494 1717 apud
502 1670 645 1714 inferos,
655 1670 789 1706 duxisse

108 1735 187 1757 eam
200 1722 351 1758 traditur
362 1735 381 1757 a
394 1721 511 1757 Schol.
523 1722 687 1766 Homeri,
699 1721 739 1757 ll.
750 1728 790 1757 Φτ

107 1773 305 1810 secundum
322 1775 526 1809 Homerum
539 1800 550 1818 ,
573 1774 614 1810 Il.
630 1777 656 1810 Ξ
670 1800 679 1817 ,
700 1775 761 1808 ιι5
778 1800 788 1818 ,

110 1826 257 1862 Porthei
273 1826 365 1862 filius
385 1827 451 1862 suit
469 1827 617 1862 OEneus.
629 1845 674 1852 -
688 1826 792 1861 Alci-

110 1881 187 1920 άε,
211 1877 310 1914 Alcei
324 1891 434 1925 nepos
450 1905 460 1922 ,
479 1878 591 1914 dictus
608 1877 764 1913 creditur
778 1904 788 1921 ,

110 1929 198 1964 dum
212 1929 249 1964 in
266 1930 368 1965 terris
382 1929 584 1965 versabatur
597 1956 607 1974 ,
630 1931 792 1964 Hercules

112 1988 232 2017 autem
244 1982 279 2017 in
291 1982 415 2017 caelum
426 1989 587 2028 receptus
597 1996 605 2024 ;
620 1980 736 2017 Cerda
747 1981 791 2016 ad

113 2035 235 2082 Virgil.
248 2034 340 2071 VIII
358 2061 368 2080 ,
388 2035 465 2070 203.
481 2054 525 2062 -·
539 2035 635 2078 Alii,
663 2035 791 2070 caeteri.

113 2089 268 2124 Auctore
283 2089 465 2126 Lactantio
473 2116 484 2135 ,
495 2091 533 2125 in
546 2090 770 2136 Argumento
779 2118 789 2135 ,

113 2149 214 2188 pater
225 2143 444 2188 promiserat,
455 2157 491 2179 se
503 2143 611 2178 filiam
623 2143 790 2179 daturum

113 2195 168 2239 ei,
186 2195 246 2240 qui
262 2194 352 2230 lucta
376 2195 510 2230 vicisset
532 2209 540 2230 :
564 2196 649 2231 hinc
675 2197 792 2232 caeteri

113 2247 222 2294 proci,
236 2254 334 2282 metu
345 2247 506 2293 perculsi,
517 2255 686 2284 cesserunt
694 2250 793 2284 Her-

111 2300 179 2337 culi
196 2307 232 2335 et
252 2299 419 2335 Acheloo.

158 2353 209 2397 14.
227 2354 292 2387 Ille
304 2353 422 2386 Jovem
436 2365 584 2387 socerum
600 2359 666 2388 etc.
680 2353 794 2388 Nobi-

109 2404 182 2441 lem
193 2418 230 2441 se
245 2418 374 2452 genere
386 2432 395 2449 ,
420 2405 554 2440 clarum
571 2406 675 2441 rebus
691 2406 794 2452 gestis

112 2458 218 2504 jactat
233 2484 243 2502 ,
283 2465 325 2493 ut
352 2459 500 2494 Perseus
527 2457 795 2493 Andromedam

113 2510 271 2546 ambiens
282 2537 292 2555 ‚
308 2510 376 2555 IV,
391 2511 608 2556 357.-Dat‚
627 2517 796 2556 tanquam

114 2575 267 2607 munus,
283 2575 344 2607 ea,
365 2563 403 2598 in
420 2576 573 2608 quorum
594 2563 797 2602 societatem

114 2621 264 2651 ventura
281 2622 356 2650 erat
371 2616 499 2661 conjux
516 2616 645 2650 sutura.
660 2633 704 2640 —
717 2614 798 2649 Mi-

110 2667 186 2702 rari
198 2667 277 2702 licet
286 2693 296 2711 ,
308 2667 472 2713 placuisse
484 2668 635 2703 Heinsio
647 2674 682 2701 et
696 2667 798 2701 Bur-

117 2732 250 2756 manno
264 2746 272 2763 ,
293 2719 387 2765 quod
398 2720 435 2755 in
449 2719 636 2756 Graeviano
651 2719 731 2754 MS.
748 2719 798 2753 le-

851 725 944 771 gitur
957 751 967 769 ,
980 737 1204 770 summamque
1215 726 1386 759 laborum:
1399 725 1533 760 etenim

848 791 978 813 summa
993 781 1145 812 laborum
1167 778 1221 813 vel
1238 779 1417 814 universos
1434 779 1533 814 labo-

851 843 907 866 res
928 830 1100 876 significat
1115 856 1125 875 ‚
1156 830 1211 865 vel
1231 831 1423 865 maximum
1442 831 1535 866 labo-

850 896 940 918 rem.
953 882 1025 918 Sed
1038 882 1207 928 Deianira
1223 884 1380 928 profecto
1391 890 1426 918 et
1439 882 1536 919 hunc

852 945 888 972 et
903 937 978 972 illos
995 943 1192 971 recusasset.
1206 955 1251 963 —
1266 938 1421 972 Novcrcoe
1431 964 1438 977 ‚
1466 937 1536 971 Ju—

853 990 956 1026 nonis
970 1016 979 1034 ,
999 1002 1065 1034 qua
1082 989 1278 1035 postulante
1293 1015 1303 1032 ,
1318 989 1536 1037 Eurystheus

854 1043 1047 1078 Herculem
1059 1042 1101 1076 ad
1115 1042 1251 1076 labores
1265 1042 1347 1076 istos
1357 1041 1534 1087 adegerat;

854 1096 989 1132 Seneca
1002 1122 1012 1139 ,
1034 1096 1141 1129 Herc.
1158 1095 1241 1130 Fur.
1259 1095 1302 1138 34
1316 1121 1325 1138 ,
1344 1096 1381 1138 41
1393 1121 1400 1128 .
1413 1097 1534 1131 Nover-

854 1151 946 1183 cales
962 1149 1116 1181 stimulos
1131 1153 1232 1182 vocat
1247 1145 1476 1191 Claudianus,
1493 1148 1538 1182 R.

852 1201 892 1235 P.
908 1200 944 1235 ΙΙ
957 1226 966 1243 ,
986 1200 1080 1245 praes.
1097 1213 1150 1246 29.
1166 1218 1212 1225 —
1228 1188 1387 1243 Super-dre
1401 1226 1409 1240 ‚
1432 1212 1537 1234 exse-

853 1253 922 1298 qui.
939 1251 991 1286 Ea
995 1252 1098 1296 jussa
1113 1251 1285 1286 Hercules
1299 1251 1371 1297 ipse
1388 1264 1475 1287 vers.
1492 1251 1536 1299 69

852 1317 925 1349 sqq.
937 1329 947 1347 ,
967 1304 1027 1338 182
1045 1315 1120 1347 sqq.
1138 1309 1308 1337 recenset.

902 1355 951 1389 16.
975 1356 1084 1399 Turpe
1093 1355 1204 1388 Deum
1214 1361 1280 1388 etc.
1292 1354 1538 1400 Attemperata

853 1412 905 1442 est
936 1406 1011 1441 haec
1042 1405 1188 1441 Acheloi
1214 1406 1325 1440 oratio
1356 1405 1538 1451 cupiditati

854 1458 968 1504 proci,
982 1457 1134 1504 puellam
1153 1458 1338 1493 ambientis
1351 1472 1360 1500 3
1374 1471 1453 1493 suas
1468 1458 1537 1493 vir-

854 1517 946 1547 tutes
956 1509 1193 1550 commendat,
1208 1510 1322 1546 rivalis
1333 1518 1452 1550 autem
1464 1512 1539 1546 lau-

854 1562 915 1598 des
930 1562 1098 1598 invidiose
1113 1560 1537 1608 minuite-BuxLQ'uum

855 1623 957 1651 antea
972 1618 1050 1651 dixe·
1063 1616 1173 1662 (quod
1188 1617 1318 1651 habent
1334 1617 1445 1652 nostri
1464 1616 1538 1653 Re-

854 1668 916 1714 gii)
939 1668 1142 1714 vulgaretur
1163 1695 1173 1713 ,
1205 1669 1372 1704 Heinsius
1399 1683 1439 1704 ex
1463 1682 1537 1704 uno

855 1720 1007 1756 Strozzae
1015 1722 1252 1767 duaeirecepit.
1262 1721 1480 1767 Quanquam
1490 1736 1536 1757 ne

854 1772 903 1807 sic
920 1772 1066 1818 quidem
1086 1773 1192 1807 verba
1212 1773 1293 1808 satis
1309 1774 1399 1808 bene
1416 1774 1538 1818 juncta

855 1832 1079 1869 procurrunt.
1108 1826 1230 1869 ltaque
1249 1824 1343 1859 idem
1357 1825 1462 1859 suasit
1478 1832 1539 1859 aut

855 1879 1001 1918 ducens,
1031 1885 1091 1912 aut
1113 1878 1162 1912 sic
1180 1892 1187 1912 :
1209 1880 1333 1912 Coulra
1347 1891 1426 1923 ego,
1444 1884 1539 1923 turpe

854 1936 949 1966 ratus
958 1934 1098 1967 mortali
1104 1934 1218 1966 cedere
1226 1960 1233 1972 ‚
1246 1933 1330 1967 dixi.
1341 1932 1447 1967 Forte
1460 1945 1540 1979 me7

856 1982 922 2018 lius
938 1983 1005 2018 erit
1027 1997 1067 2018 ex
1094 1984 1233 2019 Heinsii
1260 1984 1508 2020 emendatione
1527 2012 1537 2029 ‚

856 2036 991 2069 ducens.
1010 2035 1082 2070 Sed
1097 2039 1130 2071 τὸ
1143 2037 1252 2070 Deum
1264 2036 1377 2070 nolim
1391 2037 1538 2080 tentari,

858 2087 940 2131 quia
956 2087 992 2120 in
1011 2086 1157 2132 opposit.
1180 2089 1290 2121 Deum
1307 2090 1446 2121 mortali
1466 2100 1540 2121 ma-

858 2152 925 2185 gna
941 2140 1001 2174 vis.
1017 2158 1061 2166 ·—
1077 2142 1234 2174 Nondum
1253 2146 1327 2175 erat
1344 2143 1404 2175 ille
1417 2142 1513 2175 Deus
1526 2152 1540 2183 ,-

859 2194 1024 2229 ἀποθέωσιν
1039 2194 1114 2238 ejus
1129 2194 1233 2229 habes
1250 2195 1341 2228 infra
1354 2220 1363 2238 ‚
1383 2195 1457 2235 240.
1472 2195 1539 2228 Ed.

856 2247 1033 2290 -Jiegem
1046 2245 1142 2281 dedit
1158 2247 1419 2282 Heinsiuscum
1437 2247 1540 2281 Nea-

858 2298 1014 2344 politano
1029 2299 1144 2344 primo
1157 2326 1167 2343 ,
1182 2299 1346 2334 Mediceo
1361 2298 1517 2334 secundo
1530 2324 1540 2342 ,

860 2352 991 2387 Norico
1014 2359 1048 2387 et
1065 2352 1201 2388 duobus
1226 2353 1298 2387 aliis
1315 2367 1322 2394 ;
1349 2353 1452 2397 vulgo
1470 2354 1540 2385 do-

859 2407 983 2438 minum
1006 2404 1118 2450 (quod
1136 2404 1240 2439 habet
1267 2404 1398 2448 Regius
1421 2409 1542 2437 noster

862 2457 939 2500 A);
960 2458 1063 2491 multi
1082 2465 1217 2492 veteres
1234 2457 1345 2502 (inter
1357 2469 1444 2500 quos
1461 2456 1542 2490 Re-

862 2510 936 2556 gius
952 2510 981 2544 Β
995 2511 1008 2553 )
1030 2522 1158 2544 numen.
1175 2509 1359 2553 Quoniam
1375 2508 1542 2542 divinita-

862 2570 934 2597 tem
951 2574 1050 2596 suam
1069 2562 1174 2606 jactat
1190 2569 1225 2595 et
1243 2574 1344 2606 regna
1357 2561 1515 2606 sequitur
1531 2588 1541 2605 ‚

863 2614 969 2660 possis
992 2626 1064 2647 non
1082 2613 1172 2648 male
1191 2613 1305 2659 legere
1321 2626 1438 2647 numen
1462 2626 1471 2647 :
1494 2614 1543 2648 ita

865 2667 902 2701 ll
921 2667 1041 2700 Amor.
1054 2676 1130 2708 xw,
1148 2665 1186 2699 13
1198 2692 1207 2709 ,
1225 2672 1260 2700 et
1275 2665 1365 2700 Fast.
1380 2666 1445 2709 l-V,
1462 2666 1539 2708 531,

863 2730 982 2753 numen
997 2731 1168 2763 aquarum.
1185 2736 1228 2744 —
1243 2719 1302 2753 M'e
1312 2721 1420 2754 cernis
1437 2730 1543 2763 regem
