1820 3106
363 205 1093 257 'METAMORPHOSEON
1133 206 1265 250 LIB.
1306 207 1367 250 X.

1500 222 1573 267 19¹

99 360 102 363 ,
163 309 256 357 Nec
277 305 434 361 modus
455 314 532 352 aut
553 301 729 368 requies
744 337 756 358 ‚
784 299 872 348 nisi
897 317 1016 347 mors
1030 335 1043 356 ‚
1063 299 1283 364 reperitur
1303 298 1463 347 amoris
1483 319 1494 347 ε

164 386 292 434 Mors
314 382 458 451 placet
472 401 486 429 t
508 379 719 443 erigitur,
741 376 990 445 laqueoque
1013 376 1401 426 innecteresauees

164 462 393 518 Destinat;
418 471 489 516 et,
515 476 626 507 zona
648 474 821 505 summo
847 454 900 503 de
924 466 1054 521 poste
1074 454 1291 514 revincta3

169 561 193 583 κ
217 539 326 588 Care
347 537 440 586 vale
465 536 647 604 Cinyra,
674 553 849 583 causam
872 544 914 582 te
937 531 1134 596 intellige
1157 533 1328 582 mortis.
1357 556 1380 577 »

1523 546 1588 581 380

164 615 290 665 Dixit
307 626 382 664 set
401 613 584 681 aptabat
602 611 786 680 pallenti
808 609 982 670 vincula
1004 608 1135 658 collo.

164 695 396 744 Murmura
415 691 652 741 verborum
675 689 785 738 fidas
811 686 998 737 nutricis
1023 685 1078 735 ad
1100 706 1227 735 aures

163 770 418 821 Pervenisse
441 770 614 828 ferunt,
638 768 776 816 limen
798 765 1010 815 servantis
1033 763 1233 812 alumnae.

162 848 317 912 Surgit
338 867 448 896 anus
461 885 474 906 ,
496 848 746 913 reseratque
766 845 910 901 fores;
936 841 1179 908 mortisque
1203 852 1362 907 paratae

162 927 466 975 Instrumenta
487 924 666 982 videns,
694 923 839 990 spatio
865 920 1111 970 conclamat
1134 919 1314 977 eodem,

1525 935 1590 970 385

164 1004 309 1071 Seque
328 1002 432 1052 ferit
447 1039 460 1060 ‚
485 1000 735 1067 scinditque
760 1000 882 1047 sinus
896 1037 908 1057 ‚
932 1010 1167 1064 ereptaque
1191 996 1306 1045 collo

164 1130 179 1154 1
190 1145 200 1164 ,
215 1121 254 1164 41
268 1131 278 1154 ι
289 1119 642 1163 Justaparipremitur
652 1117 761 1149 veluti
768 1127 842 1149 cum

159 1172 306 1217 pondere
325 1173 412 1205 libra
436 1176 502 1205 etc.
524 1170 656 1203 Sumere
681 1172 846 1202 momenta

160 1223 235 1257 sere
249 1229 290 1258 ut
302 1222 426 1257 Florus
436 1247 445 1264 ‚
457 1221 525 1264 lv,
543 1231 598 1254 xn
611 1247 620 1265 ,
638 1221 679 1263 54
688 1246 698 1263 ,
716 1230 846 1253 sumere

163 1280 313 1322 impetus.
337 1276 451 1322 Supra
467 1274 542 1310 VII
552 1300 562 1319 ,
584 1287 625 1322 79
639 1300 648 1317 ‚
673 1275 846 1307 adsumere

166 1332 327 1364 alimenta
341 1342 364 1363 a
379 1330 497 1362 anteit.

211 1382 286 1428 377.
297 1381 423 1415 Modus
432 1379 487 1414 vel
505 1378 584 1413 finis
596 1403 606 1421 ,
618 1384 657 1411 ut
668 1377 792 1411 Horat.
803 1376 820 1410 Ι
834 1401 843 1418 ,

169 1433 242 1469 Od.
256 1444 296 1468 vr
308 1459 318 1478 ,
337 1447 354 1479 7
366 1459 376 1477 ,
392 1435 442 1467 sit
461 1433 579 1466 modus
601 1433 696 1465 lasso
717 1431 821 1463 maris·
833 1455 841 1468 ,

168 1486 223 1521 vel
247 1484 443 1520 moderatio
455 1497 465 1526 ς
491 1483 626 1519 Seneca
641 1508 650 1526 ,
672 1480 842 1516 Controv.

166 1534 230 1583 ου’,
246 1539 397 1573 Facilem
402 1540 439 1572 in
446 1536 661 1580 amorefinem
671 1537 825 1579 impetres
834 1560 843 1574 ,

166 1597 267 1635 'quan
275 1590 420 1624 modum.
429 1586 535 1634 Apud
547 1587 664 1621 Teren
671 1593 693 1620 t.
707 1586 798 1621 Eun.
814 1586 842 1628 Ι,

168 1652 202 1685 1,
218 1655 257 1676 12
266 1667 277 1686 ,
291 1642 469 1677 Parmeno
482 1647 586 1686 negat
596 1666 606 1683 ‚
620 1652 777 1674 amorem
790 1638 846 1672 ad-

166 1693 307 1729 mittere
321 1695 506 1728 modume-
513 1694 661 1727 Amoris.
679 1691 846 1727 Heinsius

165 1746 316 1782 malebat
330 1743 642 1781 amori—Heinsio
655 1756 735 1778 cum
752 1743 848 1777 Bur-

166 1810 300 1833 manno
310 1798 411 1844 plane
423 1796 630 1839 adsentirer,
641 1795 668 1830 si
685 1794 853 1830 codicum-

169 1851 354 1886 auctoritas
373 1849 508 1884 adesset
523 1848 647 1893 aliqua.
664 1849 729 1882 Ed.

215 1904 289 1948 378.
299 1903 395 1936 Mors
401 1904 527 1946 placet.
539 1900 640 1934 Mors
649 1899 847 1934 remedium

172 1955 301 1992 amoris
310 1955 475 1995 ultimum
484 1979 493 1996 ,
510 1959 547 1987 ut
565 1952 669 1987 habet
681 1952 848 1998 epigram-

172 2021 231 2043 ma
246 2008 369 2043 incerti
381 2007 530 2042 auctoris
543 2034 551 2046 ‚
571 2006 626 2041 lib.
643 2006 660 2040 Ι
674 2006 850 2040 Antholo-

107 2088 109 2090 v
174 2062 251 2107 giae,
261 2073 334 2107 cap.
350 2073 389 2105 27
409 2073 417 2095 Ξ
432 2057 541 2110 Ερωτα
554 2063 644 2096 παύει
662 2062 759 2104 λιμᾶς·
774 2064 799 2095 εἰ
818 2064 850 2094 σ”ἐ

174 2121 218 2159 μὴ
232 2116 345 2163 χρόνος.
362 2106 426 2149 §Ebu
445 2117 477 2148 δὲ
487 2129 530 2158 μη
537 2117 568 2148 δι’
580 2121 675 2148 ταῦτα
685 2118 740 2154 τὴν
759 2115 851 2158 φλόγα

175 2167 267 2214 σὸἔσῃ
280 2191 289 2206 ,
313 2171 463 2215 Θεραπεία
480 2182 528 2200 σοι
544 2169 578 2200 τὲ
596 2168 696 2200 λεια-ὄν
712 2169 850 2214 ἠρτῆσθαι

174 2220 298 2268 βρέχος.
311 2217 421 2262 Quod
435 2216 572 2259 Snidas,
583 2223 668 2252 utet
680 2217 848 2260 Laertius,

177 2269 312 2305 Crateti
323 2269 453 2304 tribuit.
463 2271 742 2308 Ed.-—Des!1‘nat‚
755 2283 852 2305 cons-

174 2323 269 2358 tituit
281 2349 291 2367 ,
309 2330 348 2357 ut
363 2323 545 2368 saepissime
563 2322 653 2367 apud
672 2323 828 2358 Plinium
839 2350 848 2366 ‚

175 2378 213 2412 in
231 2376 403 2422 Epistolis.

219 2430 295 2464 380.
325 2430 470 2464 Causam
485 2433 519 2462 le
539 2429 697 2470 inu-llige.
727 2426 852 2471 Quum

176 2481 326 2529 Myrrha
337 2494 474 2516 causam
486 2481 607 2514 mortis
617 2480 750 2514 nemini
766 2481 852 2516 sassa

177 2541 277 2578 esset,
288 2542 399 2580 pater,
411 2534 480 2569 lilia
492 2535 668 2575 exstincta,
678 2534 853 2569 illamcau-

177 2599 251 2622 sam
262 2587 453 2633 intelligere
466 2600 538 2621 non
552 2594 696 2632 poterat.
711 2587 854 2622 Praestat

176 2640 282 2687 igitur
298 2639 389 2675 haud
405 2640 510 2675 dubie
530 2641 632 2674 unius
650 2639 801 2675 Medic-ei
818 2647 854 2676 et

179 2692 410 2729 Arunda-,liant
431 2692 556 2738 lectio,
584 2706 722 2727 causam
741 2699 774 2727 te
794 2695 855 2726 ''n-

178 2747 293 2789 tcllzjqe
310 2748 426 2780 mortis
442 2758 452 2779 .·
467 2745 552 2781 scito
575 2752 608 2780 te
624 2757 697 2780 esse
719 2757 856 2781 causam

908 1114 1031 1148 mortis
1045 1127 1053 1155 ;
1067 1120 1102 1147 et
1119 1111 1366 1158 anteponenda
1379 1118 1430 1146 est
1441 1111 1589 1158 vulgatae

910 1168 1042 1212 (quam
1056 1165 1146 1199 male
1170 1164 1300 1199 habent
1322 1163 1423 1209 Regii
1447 1164 1556 1198 nostri
1573 1163 1588 1208 )

909 1229 1108 1262 causamque
1119 1218 1289 1260 inte-[hym
1305 1215 1398 1250 illam
1414 1215 1519 1263 igitur
1529 1228 1590 1249 re·-

909 1270 995 1315 cepi.
1007 1288 1050 1295 -—
1062 1270 1167 1304 Dixit
1182 1281 1192 1303 .’
1205 1275 1240 1303 et
1252 1271 1404 1313 aptabat.
1422 1267 1590 1302 Heinsius

909 1320 1051 1366 conjicit
1066 1321 1171 1354 Dixit
1184 1333 1193 1354 :
1210 1326 1248 1354 et
1256 1321 1407 1363 aptabat.
1418 1338 1462 1344 —
1470 1319 1588 1354 Nostri

912 1372 1013 1418 Regii
1029 1378 1063 1407 et
1078 1375 1227 1416 aptabat.
1237 1390 1281 1398 -—
1291 1373 1456 1413 Pallenti,
1470 1371 1591 1405 mortis

909 1425 1131 1471 cogitatione.
1198 1438 1201 1440 ⁷

953 1478 1027 1512 382.
1043 1478 1217 1512 Murmura
1230 1481 1400 1512 verborum
1413 1484 1476 1511 etc.
1503 1478 1539 1511 H
1543 1490 1590 1514 aec

909 1539 945 1566 et
965 1531 1146 1577 sequentia
1169 1531 1289 1566 confer
1315 1543 1396 1566 curn
1414 1530 1562 1576 Virgilio
1579 1557 1589 1574 ,

913 1584 986 1619 Cir.
1001 1584 1063 1618 233
1076 1596 1150 1629 sqq.
1164 1602 1207 1610 --
1219 1586 1321 1618 Ft'des
1333 1611 1340 1625 ,
1359 1584 1467 1619 virtus
1477 1584 1590 1629 prima

909 1638 1097 1672 nutricum.
1113 1656 1157 1662 --
1173 1638 1341 1671 Nutricem
1359 1636 1450 1671 hanc
1471 1637 1589 1670 Anto-

910 1690 985 1724 nin.
1002 1689 1168 1724 Liberalis
1181 1717 1189 1732 ,
1210 1691 1271 1732 24,
1294 1689 1510 1735 Hippolyten
1529 1701 1592 1721 vo-

911 1750 976 1779 cat.
994 1745 1058 1778 Ed.
1075 1761 1118 1769 —-
1129 1743 1294 1776 Alumnoe.
1317 1742 1482 1776 Heinsius
1498 1753 1592 1775 con-

913 1797 985 1842 jicit
1008 1800 1197 1834 alumnum,
1230 1803 1333 1840 atque
1358 1795 1463 1829 etiam
1485 1807 1566 1828 mox
1582 1820 1591 1837 ‚

913 1862 1013 1884 versu
1033 1851 1095 1892 415
1110 1875 1118 1892 ,
1128 1851 1232 1891 pedes
1248 1851 1413 1881 alumnos.
1429 1865 1474 1873 --
1492 1847 1592 1892 Regii

914 1901 1022 1935 nostri
1036 1901 1071 1934 in
1086 1908 1234 1945 utroque
1249 1901 1324 1934 loco
1334 1906 1474 1934 servant
1489 1901 1594 1933 alume

914 1966 973 1987 me.
984 1971 1029 1978 --
1041 1955 1157 1987 Limen
1166 1955 1329 1987 servantis
1340 1954 1485 1986 alumna,-
1492 1978 1500 1991 ‚
1515 1964 1595 1986 cus—

915 2004 1018 2040 todiae
1038 2018 1139 2040 causa
1157 2005 1314 2039 cubantis
1335 2005 1429 2049 juxta
1451 2003 1593 2039 cubicu-

914 2057 987 2092 lum
999 2058 1149 2092 alumnae
1165 2070 1310 2092 :servare
1320 2057 1445 2102 passim
1457 2069 1520 2102 pro
1532 2056 1592 2090 ob-

915 2122 1052 2144 servare
1071 2135 1079 2153 ,
1105 2109 1290 2145 custodire.

961 2165 1035 2208 384.
1058 2165 1240 2208 fflorll'sque
1250 2169 1389 2207 paratae.
1412 2162 1596 2197 RIediceus

916 2223 951 2251 et
971 2223 1122 2261 quatuor
1146 2216 1199 2249 alii
1220 2222 1404 2259 parantem.
1427 2233 1471 2240 -
1495 2215 1593 2259 Regii

915 2270 1025 2304 nostri
1029 2276 1158 2313 paratae
1168 2269 1334 2303 —Mortis
1339 2275 1478 2312 parate,
1489 2280 1592 2313 quam

917 2322 988 2367 ipsa
1009 2319 1071 2356 sibi
1088 2322 1249 2367 parabat,
1267 2327 1325 2355 aut
1344 2321 1384 2354 ad
1403 2332 1507 2365 quam
1525 2321 1596 2353 ins-

918 2385 1058 2412 trumen
1065 2384 1095 2411 ta
1111 2384 1290 2422 paraverat
1301 2388 1436 2418 :parare
1445 2379 1577 2408 mortem
1584 2401 1593 2415 ,-

917 2439 955 2466 ut
960 2445 1084 2476 parare
1096 2435 1163 2465 vim
1175 2459 1182 2467 ,
1201 2431 1321 2474 sugam
1336 2437 1400 2464 etc.
1409 2448 1453 2454 -
1461 2430 1595 2462 Instru-

918 2490 1038 2519 menta.
1065 2485 1199 2517 Zonam
1218 2483 1330 2526 laquei
1348 2482 1420 2515 vice
1448 2483 1489 2515 de
1499 2487 1597 2525 poste

918 2540 1108 2571 revinctam.
1121 2534 1185 2569 Ed.
1197 2534 1372 2579 —Quum
1383 2533 1595 2567 cunctationi

919 2588 1013 2623 locus
1035 2600 1107 2621 non
1126 2594 1213 2621 esset
1229 2614 1237 2628 ‚
1255 2586 1373 2620 omnia
1390 2586 1470 2620 facit
1487 2588 1598 2629 spatio

920 2643 1042 2675 eodem.
1056 2640 1100 2674 Et
1111 2646 1149 2673 ut
1160 2638 1347 2673 multitudo
1359 2651 1477 2672 rerum
1494 2637 1598 2673 simul

921 2700 1139 2739 peractarum
1162 2692 1293 2726 facilius
1317 2691 1487 2726 sentiatur
1505 2718 1514 2735 ‚
1544 2698 1598 2725 ter

922 2745 1094 2791 repetitur
1107 2757 1179 2790 que.
1197 2763 1241 2770 -
1255 2746 1414 2779 lJilaniat
1424 2772 1432 2785 ‚
1455 2744 1597 2789 rumpit.
