1820 3106
300 202 377 257 14¹2.

665 205 716 246 P.
755 204 988 249 OVIDII
1024 201 1329 248 NASONIS

291 296 443 358 Quum
457 332 468 352 ‚
493 295 612 343 velut
633 313 855 344 excussam
877 313 1032 343 somno
1046 331 1058 352 ,
1080 307 1123 343 et
1148 289 1374 344 manifesta
1394 297 1610 347 videntem

291 371 362 419 Sic
383 371 526 419 adfata
550 373 642 420 Dea
665 384 757 420 est:
783 394 805 415 «
828 372 935 420 Pars
950 409 961 430 ,
987 392 1013 420 o
1033 371 1291 430 Telethusa,
1316 389 1535 432 mearum,
1559 409 1561 411 ι
1588 402 1590 405 -
1629 388 1696 435 695

290 470 314 490 ³1
342 450 463 497 Pone
486 468 635 512 graves
657 468 805 506 curas3
829 449 1118 516 mandataque
1138 449 1239 499 falle
1260 451 1419 498 mariti.
1654 456 1658 458 ⁷

293 549 316 568 »
341 527 432 574 Nec
457 524 611 573 dubita
626 563 637 583 ,
665 545 799 591 quum
823 537 864 574 te
888 538 1018 592 partu
1039 527 1204 575 Lucina
1224 527 1402 586 levarit,

292 625 315 644 u
339 601 511 650 Tollere
534 602 751 669 quidquid
773 603 883 651 erit:
909 605 1002 652 Dea
1022 622 1118 652 sum
1143 604 1388 663 auxiliaris,
1415 624 1631 672 opemque

292 702 315 721 »
343 681 532 728 Exorata
556 680 677 736 fero;
701 699 780 728 nec
804 692 845 728 tc
870 680 1057 729 coluisse
1082 683 1273 747 quereris

294 779 317 798 »
345 757 572 819 Ingratum
595 776 768 805 numen.
795 779 816 799 »
842 757 1047 814 Monuit,
1079 757 1355 824 thalamoque
1377 759 1565 808 recessit.

1634 784 1700 819 700

288 836 406 882 Laeta
430 847 527 883 toro
549 835 712 897 surgit,
735 854 954 901 purasque
978 835 1033 882 ad
1055 835 1195 883 sidera
1219 835 1405 902 supplex

293 912 448 960 Cressa
469 931 624 960 manus
651 912 833 969 tollens,
858 923 951 959 rata
973 912 1062 959 sint
1083 930 1161 959 sua
1184 911 1274 959 visa
1297 923 1510 977 precatur.

289 991 352 1036 Ut
374 989 502 1037 dolor
525 989 733 1046 increvit,
758 1007 890 1054 seque
916 988 1061 1054 ipsum
1082 987 1259 1054 pondus
1283 989 1331 1035 in
1352 1007 1478 1037 auras

289 1103 412 1150 aspidis
423 1116 542 1138 morsu
554 1103 590 1138 in
601 1116 765 1147 somnum
779 1103 890 1138 soluta
901 1116 961 1138 ex-

286 1156 435 1201 spiravit.
453 1156 612 1200 Propert.
631 1156 708 1199 III,
727 1166 783 1198 IX,
803 1155 866 1197 53;
888 1155 961 1188 Lu-

288 1221 363 1241 can.
376 1208 428 1242 IX
442 1233 451 1250 ,
471 1221 519 1241 12.
538 1207 578 1240 In
594 1207 706 1246 Isiacis
722 1206 960 1241 monumentis

288 1261 491 1305 frequenter
518 1259 604 1305 aspis
625 1259 784 1294 occurrit.
802 1259 960 1294 Valerius

289 1312 378 1346 Flac.
394 1310 458 1353 IV,
476 1310 755 1357 418.—Micyllus
772 1317 806 1344 et
821 1310 961 1346 Safstius

289 1376 352 1408 per
378 1368 554 1406 serpentem
584 1362 795 1396 crocodilum
826 1362 962 1396 intelli-

290 1422 376 1459 gunt
390 1441 399 1457 ,
426 1415 523 1459 cujus
550 1426 685 1448 morsus
716 1416 727 1454 (
746 1421 779 1448 at
806 1414 860 1447 ille
887 1426 960 1448 non

291 1467 430 1501 mordet
444 1493 452 1510 ,
479 1466 539 1501 sed
567 1466 708 1501 devorat
727 1467 739 1509 )
766 1466 962 1500 insanabilis

289 1520 342 1554 sit.
355 1520 433 1554 Imo
449 1525 541 1552 recte
553 1518 616 1552 loc.
628 1518 796 1563 explicant
813 1518 960 1552 Farnab.

290 1579 325 1606 et
342 1572 464 1605 Heins.
479 1570 525 1604 de
544 1569 658 1615 aspide
671 1596 680 1613 ,
702 1582 776 1614 quae
796 1570 907 1604 Isiacis
924 1570 960 1603 in

289 1623 390 1658 sacris
408 1622 593 1657 colebatur.
604 1623 760 1656 Vocatur
770 1625 958 1666 peregrina,

291 1676 371 1721 quia
391 1677 506 1713 Creta,
527 1674 586 1708 ubi
606 1687 660 1708 res
679 1687 774 1708 nunc
795 1674 959 1719 agitatur,

290 1728 399 1762 nullas
411 1733 589 1771 serpentes
605 1733 792 1760 venenatas
804 1724 961 1760 habebat.

292 1778 401 1813 Solin.
417 1790 487 1823 cap.
504 1778 566 1812 XI.
580 1795 623 1802 —
636 1778 816 1810 Excutimr
828 1790 942 1810 somno
951 1804 959 1815 ‚

291 1831 389 1875 cujus
419 1842 561 1864 somnus
597 1829 783 1873 repentino
817 1830 962 1874 strepitu

292 1882 509 1927 abrumpitur
537 1894 546 1922 ;
585 1882 700 1926 defluit
729 1893 864 1914 somnus
884 1908 892 1922 ,
935 1881 962 1915 si

292 1941 414 1980 sponte
433 1932 545 1973 cedit;
565 1932 680 1966 Tibul.
698 1931 771 1966 111.
793 1934 822 1975 4.

333 1986 408 2032 695.
432 1986 488 2018 Sic
511 1982 633 2026 adfata
655 1985 742 2019 Dea.
769 1983 888 2018 Brevis
912 1991 963 2018 est

292 2038 364 2072 haec
381 2036 478 2071 Isidis
494 2036 604 2070 oratio
618 2062 627 2079 ,
653 2042 688 2069 et
705 2035 963 2070 accommodata

292 2087 505 2132 temporibus
521 2086 717 2121 Telethusae
733 2087 911 2121 moerentis
928 2094 964 2122 et

291 2138 508 2180 fluctuantis,
526 2144 646 2171 utrum
662 2138 776 2171 mariti
793 2137 962 2185 mandatis

294 2191 489 2237 parendum
501 2191 564 2233 sit,
578 2203 623 2224 an
636 2190 782 2224 adfectui
793 2197 963 2225 materno.

293 2243 427 2279 Blande
455 2255 532 2277 eam
555 2242 761 2286 alloquitur,
786 2242 959 2286 ostendit,

294 2295 375 2341 quid
395 2293 592 2328 faciendum
608 2293 651 2327 sit
669 2320 678 2335 ,
704 2300 738 2327 et
754 2306 856 2338 opem
872 2306 961 2338 pro—

292 2348 453 2383 mittit.·-
463 2348 630 2380 Mandata
637 2345 728 2390 falle
742 2350 870 2387 mariti,
885 2346 961 2380 salle

292 2401 457 2435 maritum
483 2399 541 2444 qui
572 2398 644 2433 haec
666 2398 853 2433 mandavit.
871 2398 960 2433 Vide

294 2452 334 2488 ad
352 2467 439 2488 vers.
461 2465 531 2487 120.

336 2505 410 2551 697.
427 2506 497 2538 Nec
510 2507 634 2538 dubita.
647 2503 822 2538 Cantaber
836 2509 869 2536 et
880 2515 961 2547 qua-

293 2564 373 2590 tuor
384 2556 442 2590 ‘alii
456 2582 465 2600 ,
489 2558 538 2591 Ne
553 2558 669 2590 dubita
679 2567 690 2596 ;
710 2554 811 2588 multi
828 2556 877 2588 Ne
893 2556 961 2588 du—

293 2609 387 2641 bites.
397 2625 440 2633 ·—
458 2608 556 2652 Regii
574 2607 682 2641 nostri
698 2609 767 2642 Nec
783 2608 906 2640 dubita.
920 2625 963 2631 -

298 2660 424 2693 Tollere
439 2666 501 2694 etc.
514 2659 718 2700 Terentius,
738 2658 848 2692 Andr.
867 2659 899 2703 1,
921 2659 960 2700 3,

298 2711 648 2754 Quz'dqutdpeperllrset
656 2736 665 2752 ,
682 2712 884 2744 decreuerunt
894 2712 961 2743 tol-

1024 1106 1148 1138 lere.—-
1160 1105 1286 1138 Tollere
1301 1103 1356 1139 hic
1372 1111 1423 1139 est
1437 1103 1584 1140 educare
1597 1132 1607 1150 ,
1625 1119 1697 1141 non

1025 1169 1196 1202 exponere
1213 1182 1222 1200 ,
1251 1169 1322 1190 non
1344 1156 1550 1192 interficere.
1575 1159 1640 1193 Ed.
1655 1177 1699 1183 —-

1024 1210 1103 1243 Dea
1116 1222 1188 1243 sum
1209 1209 1475 1249 auxilt'artlr.,Ad
1493 1208 1532 1244 ‘id
1554 1209 1696 1254 alludit,

1026 1261 1119 1306 quod
1132 1288 1142 1304 ,
1154 1268 1193 1296 ut
1204 1261 1321 1296 scribit
1332 1261 1508 1299 Diodorus
1519 1261 1698 1310 ,AEgyptii

1026 1320 1204 1356 asserunt,
1231 1312 1360 1348 Isidem
1381 1313 1614 1359 plurimorum
1635 1313 1698 1348 in-

1025 1365 1216 1400 ventricem
1228 1365 1330 1408 fuisse
1341 1364 1384 1400 ad
1398 1364 1537 1401 morbos
1548 1365 1698 1400 medica-

1025 1422 1228 1450 mentorum
1241 1442 1250 1459 ,
1268 1422 1303 1450 et
1316 1415 1498 1452 medicinae
1511 1417 1574 1452 arti
1589 1416 1697 1451 multa

1026 1466 1208 1501 contulisse
1218 1480 1226 1501 ι
1236 1480 1340 1512 quam
1349 1467 1607 1517 immortalitate
1615 1480 1699 1512 quo-

1025 1530 1092 1561 que
1109 1518 1254 1562 potitam
1266 1518 1415 1564 gaudere
1426 1518 1611 1555 hominum
1623 1519 1700 1554 cul·-

1026 1577 1064 1603 tu
1077 1596 1086 1613 ‚
1104 1570 1210 1615 inque
1228 1583 1351 1604 eorum
1368 1570 1564 1605 valetudine
1581 1571 1699 1616 praeci-

1025 1635 1092 1667 pue
1109 1622 1259 1665 versari,
1290 1622 1374 1668 quin
1392 1622 1497 1656 etiam
1513 1622 1550 1656 in
1569 1622 1699 1657 somnis

1026 1673 1138 1718 palam
1152 1673 1199 1707 eis
1215 1673 1398 1719 opitulari,
1424 1686 1510 1718 quos
1525 1674 1698 1709 censuerit

1027 1725 1159 1771 dignos.
1176 1726 1240 1760 Ed.

1072 1789 1145 1821 700·
1159 1778 1300 1825 Monuit.
1311 1777 1397 1811 Ron
1410 1790 1497 1812 vers.
1515 1790 1577 1825 779
1588 1803 1598 1820 ,
1614 1777 1699 1812 Con-

1026 1831 1139 1862 silium
1152 1832 1369 1874 monitumque
1385 1836 1474 1863 tuum
1487 1836 1547 1864 est.
1565 1830 1700 1864 Monere

1028 1881 1123 1914 enim
1153 1881 1291 1926 proprie
1319 1881 1362 1915 de
1390 1881 1532 1916 somniis
1561 1888 1596 1915 et
1622 1880 1699 1916 Diis

1027 1933 1162 1968 somnia
1182 1933 1419 1975 mittentibus3
1450 1933 1527 1968 vide
1554 1946 1631 1979 quae
1654 1931 1695 1968 ad

1028 1986 1138 2029 XIII,
1158 1986 1233 2029 216,
1247 1999 1287 2020 ex
1297 1986 1444 2021 Heinsio
1459 1986 1619 2021 dicemus.
1631 1986 1696 2019 Ed.

1073 2049 1146 2081 70¹·
1162 2039 1348 2081 purasque.
1358 2063 1366 2070 .
1377 2064 1384 2072 .
1396 2049 1523 2071 manus.
1544 2037 1624 2071 Non
1641 2035 1696 2071 hic

1027 2087 1248 2133 intelligenda
1271 2091 1404 2131 puritas
1430 2101 1600 2125 manuum
1627 2101 1667 2122 ea
1685 2114 1694 2131 ,

1027 2154 1132 2186 quam
1151 2141 1230 2175 Deo
1247 2141 1381 2186 placere
1401 2141 1486 2176 sacri
1506 2148 1541 2175 et
1560 2141 1695 2187 profani

1026 2193 1208 2238 scriptores
1220 2200 1367 2228 monent
1380 2220 1389 2236 ,
1404 2193 1462 2228 sed
1471 2206 1576 2237 puras
1591 2192 1671 2228 dicit
1684 2221 1692 2234 ‚

1026 2253 1064 2279 ut
1081 2246 1304 2279 Burmannus
1324 2245 1429 2288 vidit,
1455 2245 1540 2280 lotas
1558 2271 1567 2289 ,
1586 2258 1693 2290 quum

1026 2298 1098 2342 jam
1121 2310 1207 2342 aqua
1226 2297 1390 2342 expiasset
1407 2297 1591 2332 somnium.
1613 2296 1694 2331 Ab-

1027 2349 1168 2383 luebant
1184 2355 1301 2382 autem
1313 2348 1359 2383 sic
1371 2361 1442 2383 non
1456 2348 1568 2382 solum
1582 2348 1672 2382 mala
1684 2375 1694 2391 ,

1027 2401 1085 2435 sed
1101 2400 1206 2435 etiam
1219 2400 1309 2434 bona
1322 2400 1474 2440 somnia;
1491 2399 1568 2434 vide
1580 2400 1697 2434 Bron-

1027 2452 1186 2486 khusium
1195 2451 1235 2485 ad
1246 2452 1405 2496 Propert.
1418 2450 1480 2494 IV,
1497 2462 1548 2494 lv,
1563 2465 1614 2485 22.
1624 2450 1694 2485 Sed

1028 2510 1061 2537 et
1085 2516 1203 2548 preces
1226 2501 1347 2536 facturi
1370 2514 1493 2536 manus
1513 2501 1693 2542 lavabant;

1028 2554 1125 2598 Virg.
1142 2553 1224 2587 AEn.
1241 2553 1352 2595 VIII,
1372 2553 1424 2599 69.
1436 2553 1582 2596 Sicpura
1592 2556 1695 2586 vesu]-

1027 2606 1205 2650 passim.—
1212 2606 1355 2645 Tollens‚·
1366 2603 1600 2646 Burmannus,
1615 2603 1693 2647 quia

1027 2657 1195 2702 praecessit
1214 2658 1341 2695 tollere,
1363 2668 1380 2689 e
1401 2655 1533 2689 solenni
1550 2667 1693 2700 permu-

1028 2708 1155 2743 tatione
1173 2714 1293 2741 monet
1312 2707 1416 2751 recipi
1435 2719 1531 2751 posse
1549 2709 1692 2740 lende-ns.
