1820 3106
372 229 1071 276 METAMORPHOSEON
1107 234 1237 280 LIB.
1274 237 1427 284 XIV.

1537 238 1625 301 467

187 327 309 374 Neve
328 342 477 374 morer
492 315 693 374 ¹referens
715 323 866 374 tristes
886 344 939 374 ex
964 325 1118 376 ordine
1144 345 1271 377 casus
1285 367 1297 387 ‚

191 402 358 454 Graecia
381 413 476 451 tum
501 400 652 469 potuit
674 401 852 450 Priamo
876 421 1059 470 quoque
1082 403 1227 454 flenda
1250 405 1402 456 videri.

187 483 265 531 Me
289 493 435 531 tamen
458 479 671 530 armiferae
695 491 915 529 servatum
936 500 1038 530 cura
1061 482 1275 533 Minervae
1559 501 1625 548 475

187 557 418 608 Fluctibus
441 556 636 624 eripuit·
657 558 816 624 patriis
837 558 915 608 sed
941 578 1018 607 rui
1020 578 1096 608 sus
1117 560 1174 608 ab
1197 560 1334 624 Argis

186 634 360 695 Pellor;
373 647 430 685 et
451 635 638 702 antiquo
658 655 877 685 memores
898 636 952 685 de
975 635 1155 687 vulnere
1180 657 1336 706 poenas

183 701 338 780 Exigit
359 714 474 765 alma
493 717 673 765 Venus·
664 755 676 774 ‚
703 727 940 783 tantosque
964 735 1045 783 per
1066 715 1153 766 alta
1178 718 1353 768 labores

183 794 385 861 AEquora
407 793 625 853 sustinui,
650 805 799 843 tantos
823 795 1106 845 terrestribus
1130 797 1288 857 armis,

182 871 247 919 Ut
267 870 378 919 mihi
399 870 550 921 felices
575 871 666 920 sint
686 869 753 919 illi
779 890 893 939 saepe
916 872 1087 931 vocati,

1556 893 1624 938 480

183 951 317 1015 Quos
341 950 593 1000 communis
613 950 756 1000 hiems
771 989 784 1010 ‚
810 950 1186 1020 importunusque
1213 954 1470 1022 Caphareus

183 1030 344 1079 Mersit
366 1030 522 1098 aquis3
546 1029 794 1097 vellemque
815 1031 982 1080 horum
1006 1051 1110 1098 pars
1133 1052 1224 1082 una
1247 1034 1444 1085 fuissem.

181 1108 351 1159 Ultima
370 1109 459 1175 jam
482 1109 604 1176 passi
629 1109 816 1158 comites
839 1108 1051 1177 belloque
1074 1110 1277 1179 fretoque
1293 1150 1305 1171 ‚

181 1187 434 1246 Deficiunt,
459 1187 682 1255 finemque
707 1199 870 1251 rogant
894 1189 1055 1238 erroris
1076 1210 1085 1238 :
1109 1201 1154 1238 at
1175 1191 1351 1240 Acmon

179 1266 395 1317 Fervidus
418 1266 600 1331 ingenio
615 1303 628 1326 ,
652 1278 748 1316 tum
769 1286 873 1316 vero
899 1279 944 1316 et
966 1267 1171 1318 cladibus
1197 1288 1350 1337 asper3

1560 1285 1627 1330 485

185 1367 208 1390 «
235 1345 361 1410 Quid
383 1356 612 1412 superest,
641 1344 765 1411 quod
784 1344 875 1410 jam
896 1346 1111 1412 patientia
1135 1359 1280 1396 vestra
1303 1360 1477 1397 recuset
1507 1370 1510 1373 ·

181 1458 225 1493 ad
242 1457 437 1505 Caphar-ea.
451 1459 647 1504 Caphereus
657 1485 666 1499 ‚
685 1465 745 1493 aut
756 1471 775 1493 e
788 1457 871 1493 dia-

179 1511 272 1547 lecto
285 1511 407 1547 Ionica
424 1512 628 1556 Caphereus,
653 1517 870 1556 promonto-
899 1540 902 1542 Α

179 1565 276 1600 rium
303 1564 448 1600 Euboeae
462 1591 472 1609 ,
499 1563 688 1600 latentibus
718 1564 804 1599 saxis
833 1571 869 1599 et

179 1617 368 1654 vorticibus
384 1616 519 1652 infame
534 1630 543 1659 ;
561 1615 731 1663 Virgilius
746 1642 756 1660 ,
779 1629 867 1652 vers.

179 1673 245 1719 259
259 1697 270 1715 ,
293 1673 389 1706 mste
407 1670 568 1705 mame
585 1670 688 1704 Sidus
699 1697 708 1710 ,
729 1674 763 1704 et
784 1671 868 1704 Eu—

177 1727 280 1759 boicae
295 1727 422 1763 cautes,
443 1724 594 1767 ultorque
607 1723 810 1766 Caphereus.

221 1778 297 1824 474.
317 1777 452 1811 Gracia
465 1782 534 1810 lum
544 1778 658 1820 potuit
673 1782 736 1810 etc.
748 1788 768 1809 e
779 1774 867 1809 Vir-

177 1829 260 1876 gilio
271 1855 281 1873 ,
297 1841 386 1864 vers.
404 1830 472 1874 259
489 1841 498 1862 :
523 1830 589 1863 Vel
598 1829 736 1862 Priamo
754 1831 866 1862 misc-

175 1884 286 1917 mnda
299 1893 430 1916 manus.
443 1881 539 1915 Ante
556 1893 639 1914 eum
654 1880 783 1915 Pacuv.
795 1895 812 1910 «
826 1879 865 1915 Si

177 1948 197 1965 »
211 1934 374 1970 Priamus
385 1932 520 1968 adesset
531 1958 541 1976 ,
556 1932 674 1978 etipse
685 1933 760 1978 ejus
771 1945 866 1967 com·

177 2002 196 2018 ³»
208 1987 458 2022 miseresceret.
470 1987 669 2025 »—Potu1't,
686 1985 863 2030 potuisset.

221 2042 297 2087 475.
315 2040 406 2074 Cura
421 2040 580 2074 M'newae
590 2065 600 2079 ,
621 2037 785 2072 Minerva
798 2064 808 2081 ,
823 2045 864 2073 ut

177 2094 195 2129 1
205 2120 215 2137 ‚
229 2094 272 2138 48
283 2119 294 2136 ,
309 2104 392 2128 cura
400 2091 864 2135 Deel—&rvatumfluclibus

174 2148 367 2191 en'puilpro
375 2170 386 2188 ,
406 2156 426 2178 e
437 2142 600 2178 fluctibus
611 2150 772 2188 ereptum
784 2156 862 2178 ser-

175 2197 278 2232 vavit.
296 2196 330 2231 A
341 2195 451 2240 Troia
466 2195 580 2240 Argos
596 2194 700 2232 rediit
713 2194 860 2229 Diome-

176 2250 237 2285 des
256 2247 452 2285 secundum
474 2247 677 2281 Homerum
690 2274 700 2291 ,
725 2247 796 2283 Od.
812 2254 857 2292 Γ,

180 2305 243 2338 180
260 2314 270 2337 ι
285 2302 403 2347 itaque
421 2312 531 2347 quum
543 2299 644 2335 multi
658 2300 756 2336 MSS
774 2301 859 2344 (sic-

174 2356 227 2390 uti
245 2362 281 2390 et
295 2353 431 2390 codices
447 2351 549 2397 Regii
566 2352 701 2396 nostri)
725 2351 760 2386 h.
774 2352 794 2388 1.
813 2359 857 2401 τῷ

171 2412 264 2454 agris
270 2406 442 2456 praeferan
447 2413 460 2442 t
461 2410 585 2452 pate-1220·
591 2405 753 2448 abhgis,
762 2405 856 2450 quod

171 2471 209 2499 et
226 2462 376 2499 Heinsio
395 2461 572 2508 placebat,
591 2471 806 2505 quamquam
828 2457 857 2494 is

173 2528 216 2551 ex
232 2516 306 2551 aliis
321 2515 473 2550 malebat
485 2515 610 2559 patriis
626 2514 672 2546 ab
686 2514 758 2545 aris
768 2538 777 2552 ,
800 2511 856 2547 ad-

173 2569 348 2607 sentiente
361 2569 594 2608 Buumnno,
612 2563 697 2599 illud
714 2564 855 2609 recepi-

175 2636 265 2660 mus.
269 2641 314 2649 —
323 2621 395 2657 Sed
407 2619 489 2655 inde
505 2630 625 2653 rursus
629 2618 774 2660 pellam·
792 2617 855 2652 fu-

172 2678 242 2726 git,
258 2676 397 2723 cognito
415 2674 531 2709 uxoris
548 2671 740 2714 adulterio,
757 2671 851 2717 quod

169 2738 272 2767 caute
287 2728 480 2765 admodum
487 2727 544 2763 hic
558 2726 680 2772 tangit.
700 2725 788 2770 Ejus
800 2725 854 2761 rei

170 2795 312 2821 causam
337 2781 458 2820 tribuit
481 2782 604 2817 Venere
616 2781 750 2824 antiqw
767 2781 852 2813 tul-

935 1461 1025 1493 neris
1038 1459 1210 1503 memori,
1225 1459 1321 1505 quod
1334 1459 1457 1495 manui
1469 1460 1576 1507 ipsius
1588 1461 1628 1497 in

934 1511 1053 1556 praelio
1079 1510 1255 1546 inflixerat
1277 1511 1473 1548 Diomedes
1495 1528 1503 1556 ;
1537 1515 1627 1549 Ho-

934 1577 1077 1607 merus,
1098 1564 1136 1599 ΙΙ.
1156 1571 1181 1600 Ε
1193 1589 1203 1607 ,
1222 1565 1299 1599 330.
1319 1564 1420 1611 Virg.
1435 1579 1524 1601 vers.
1542 1571 1606 1613 275
1618 1581 1630 1602 2

935 1631 952 1647 u
971 1617 1060 1652 Haec
1083 1615 1172 1651 adeo
1189 1629 1231 1651 ex
1250 1616 1309 1651 illo
1330 1617 1419 1652 mihi
1446 1618 1519 1663 jam
1538 1632 1624 1665 spe-

935 1684 953 1701 »
971 1669 1082 1704 randa
1105 1669 1256 1704 fuerunt
1278 1670 1457 1716 Tempore
1477 1698 1486 1715 ‚
1512 1684 1623 1717 quum

934 1737 951 1754 »
969 1723 1067 1758 ferro
1076 1722 1222 1758 caelestia
1234 1736 1381 1769 corpora
1392 1724 1539 1759 demens
1552 1726 1624 1760 Ad-

933 1792 951 1809 »
969 1777 1053 1823 petii
1080 1784 1115 1813 et
1142 1778 1295 1813 Veneris
1322 1778 1447 1813 violavi
1474 1779 1619 1815 vulnere

934 1844 952 1860 »ι
970 1830 1142 1866 dextram.
1155 1845 1173 1861 »ι
1184 1829 1290 1875 Apud
1301 1830 1470 1865 eumdem
1480 1844 1528 1866 vs.
1540 1846 1617 1878 270,

933 1881 1117 1930 Calydona
1138 1882 1251 1926 redit,
1279 1882 1341 1917 sed
1366 1883 1492 1918 melius
1510 1882 1618 1920 Ovid.

931 1934 1024 1969 Vide
1042 1934 1085 1970 ad
1102 1948 1149 1970 vs.
1168 1935 1244 1979 460.
1259 1954 1304 1962 —-
1320 1935 1488 1970 Memores
1499 1963 1509 1978 ,
1536 1937 1618 1982 quia

929 1988 1001 2034 ipsa
1017 2000 1179 2032 memor,
1198 1987 1372 2034 utsaepius
1387 1989 1550 2024 vidimus.

973 2040 1048 2086 479.
1069 2042 1291 2076 Terrestribus
1297 2044 1414 2083 armis,
1428 2055 1510 2076 cum
1521 2041 1617 2077 Dau-

927 2104 976 2126 no
989 2091 1153 2127 adversus
1170 2092 1363 2139 Messapios
1380 2094 1472 2135 latis;
1491 2094 1617 2130 confer

927 2145 1102 2179 Antonin.
1120 2145 1270 2180 Liberal.
1285 2146 1338 2192 37.
1358 2165 1402 2173 ·-
1422 2149 1617 2183 Communis

924 2198 1047 2239 hiems,
1071 2204 1258 2243 tempestas
1269 2224 1278 2242 ‚
1295 2212 1383 2234 vers.
1397 2201 1464 2246 470
1475 2213 1539 2245 sqq
1551 2200 1614 2236 de-

923 2250 1050 2295 scripta
1067 2277 1077 2294 ‚
1104 2263 1181 2295 quae
1205 2251 1404 2296 pertinebat
1420 2251 1463 2286 ad
1486 2265 1612 2289 omnes

924 2301 1077 2337 Graecos.
1100 2302 1238 2337 Votum
1262 2311 1383 2339 autem
1407 2303 1475 2340 hoc
1502 2318 1610 2341 com—

924 2367 1033 2394 mune
1050 2354 1090 2390 iis
1101 2381 1112 2399 ,
1130 2356 1189 2400 qui
1206 2369 1225 2391 e
1241 2355 1437 2392 calamitate
1454 2357 1609 2402 quadam

922 2409 1071 2452 emersi,
1086 2408 1159 2453 jam
1178 2421 1259 2443 cum
1274 2409 1337 2443 alia
1349 2409 1608 2447 conflictantur.

967 2464 1042 2507 484.
1056 2464 1246 2509 Deficiunt,
1271 2464 1408 2498 animos
1425 2465 1608 2510 abjiciunt.

920 2515 1088 2550 —Potest
1102 2517 1261 2560 deficiunt
1275 2516 1458 2561 explicari,
1476 2529 1533 2552 me
1548 2517 1607 2554 de-

920 2568 1120 2613 relinquere
1146 2574 1281 2613 parant.
1301 2570 1367 2603 Ed.
1385 2587 1429 2594 —
1445 2570 1578 2605 Acmon
1593 2598 1607 2614 r

920 2620 979 2666 qui
991 2619 1102 2663 infra,
1121 2632 1209 2654 vers.
1227 2621 1309 2667 494,
1328 2619 1456 2657 dicitur
1469 2624 1607 2660 Pleuro-

918 2678 995 2708 nius
1004 2686 1023 2708 a
1034 2673 1209 2708 Pteurone
1221 2673 1360 2709 AEtoliae
1371 2675 1458 2711 urhe
1469 2702 1479 2721 ,
1492 2689 1606 2722 quum

919 2725 1100 2761 Venerem
1127 2733 1373 2763 contemneret
1388 2754 1399 2773 ,
1436 2730 1474 2764 in
1501 2743 1604 2766 avem

916 2791 1028 2826 cycno
1046 2778 1197 2816 similem
1216 2779 1285 2816 fuit
1306 2788 1471 2819 mutatus.
1491 2783 1600 2821 Non·
