1820 3106
290 235 379 277 :238

654 235 706 277 P.
749 233 993 278 OVIDII
1035 233 1338 278 NASONIS

297 347 319 368 «
353 326 424 373 Da
444 325 634 383 veniam,
659 327 811 374 Lenaee
832 336 979 392 pater3
1003 326 1299 392 peccavimus,
1322 326 1489 393 inquit;

298 425 320 446 ³³
351 402 438 452 Sed
461 403 689 460 miserere,
714 421 897 469 precum
922 403 1208 469 speci0soque.
1233 403 1349 469 eripe
1375 404 1548 452 damno.
1574 425 1598 447 »
1683 403 1686 405 ’

299 481 411 528 Mite
435 480 577 527 Defim
601 499 763 528 numen
787 480 986 531 Bacchus
1010 498 1208 547 peccasse
1233 481 1438 550 fatentem
1660 475 1664 479 ’

295 557 543 614 Restituit,
568 569 827 624 pactamque
850 557 978 606 fidem
991 596 1003 616 ‚

1030 558 1127 607 data
1150 577 1329 608 munera
1345 597 1356 617 ‚
1383 558 1525 607 solvit.
1653 571 1713 608 1‘35

295 658 316 677 «
350 637 469 683 Neve
487 633 598 682 male
625 646 777 701 optato
802 653 974 684 maneas
996 634 1265 684 circumlitus
1286 655 1392 684 auro
1412 673 1423 693 ‚

289 775 389 796 ream
409 770 571 796 naturam
584 775 602 796 a
614 774 757 807 corpore
771 771 973 808 rapuerunt.

292 816 376 850 Hoc
391 822 485 849 certe
512 814 594 849 dicit
613 828 731 850 versus
752 815 779 849 is
793 841 802 856 ‚
822 815 880 860 qui
897 822 974 861 post

291 880 435 902 versum
457 882 468 901 1
479 881 515 913 17
530 894 539 911 ‚
560 880 578 902 a
596 868 827 903 multis-MSS
843 869 974 909 inseri-

290 927 328 954 tu
336 933 364 963 r,
381 922 535 963 Corporis
546 926 581 954 et
594 922 606 962 (
619 920 724 962 aliie)
738 923 888 954 membris
904 934 974 955 res-

285 974 444 1016 plenduit
452 985 554 1006 aurea
567 975 671 1006 vestis
682 999 690 1012 ‚
710 984 814 1016 quem
825 984 889 1017 ego
901 985 974 1006 non

297 1024 398 1068 piane
411 1023 603 1069 repudiem.
614 1024 762 1059 Lenzius
775 1031 892 1070 putat,
905 1024 975 1069 ipsa

293 1076 433 1110 brachia
457 1088 542 1109 auro
567 1075 670 1110 fuisse
692 1075 851 1111 obducta.
876 1076 976 1111 Dura

294 1139 380 1160 vero
394 1133 444 1160 est
456 1125 562 1160 altera
578 1126 652 1170 ejus
665 1127 752 1161 ratio
762 1153 771 1170 ‚
791 1139 858 1171 qua
868 1130 977 1171 splen-

293 1177 408 1212 dentia
418 1177 574 1222 explicat,
588 1190 662 1222 quae
672 1184 763 1212 tactu
775 1178 892 1211 omnia
902 1191 976 1211 mu-

293 1230 403 1264 tarint
420 1230 457 1264 in
474 1242 599 1264 aurum
614 1229 849 1274 splendidum.
875 1229 975 1265 Idem

295 1289 419 1319 monet
433 1308 442 1324 ,
466 1295 486 1316 e
510 1282 620 1318 verbis
645 1284 696 1316 izd
717 1285 833 1316 celum
856 1284 976 1316 tollens

293 1347 458 1379 apparere
476 1360 484 1377 ,
516 1334 694 1368 Bacchum
719 1341 796 1368 tum
814 1334 916 1370 fuisse
938 1335 974 1369 in

292 1387 399 1429 coe10,
418 1394 452 1421 et
467 1386 548 1421 inde
561 1400 648 1421 vers.
667 1387 749 1429 135,
769 1399 974 1432 responsum

293 1438 439 1473 dedisse.
452 1438 627 1483 Equidem
636 1445 757 1484 putem
768 1465 776 1482 ,
787 1439 902 1473 verbis
911 1439 975 1474 inis

296 1489 345 1523 nil
355 1489 420 1524 nisi
430 1496 565 1534 gestum
575 1490 793 1534 precantium
806 1489 977 1523 notari.—

294 1542 510 1585 §jaccebsoque
531 1544 619 1584 eripe
640 1542 773 1575 damno.
793 1540 881 1575 Tres
889 1553 974 1583 pre-

292 1593 534 1639 Mosa-Regii
547 1594 655 1628 nostri
666 1594 976 1637 speciosa—Dam-

296 1659 392 1686 num,
422 1645 554 1680 malum
569 1671 578 1688 ,
605 1645 699 1690 quod
724 1644 825 1679 nobis
846 1644 976 1678 damno

295 1704 345 1732 est
361 1710 368 1732 ε
384 1700 566 1741 speciosum
580 1724 587 1737 ‚
610 1696 843 1742 splendidum.
864 1696 977 1743 Hygi-

296 1763 363 1785 nus
383 1776 392 1793 ,
422 1752 529 1793 Quum
546 1750 625 1793 jam
637 1749 735 1793 same
755 1752 972 1788 cruciaretur,

294 1804 398 1844 pellit
411 1815 434 1835 a
446 1804 567 1837 Libero
577 1828 585 1841 ‚
599 1807 637 1836 ul
645 1803 903 1845 sibispeczbsum
918 1802 981 1833 do-

297 1867 373 1887 num
392 1857 551 1897 eriperem
572 1853 630 1887 ubi
648 1856 830 1897 speciosum
847 1851 978 1886 rescri-

295 1905 454 1941 bendum
475 1905 646 1940 existimat
668 1906 916 1947 Burmannus,
940 1910 980 1938 ut

299 1957 418 1993 Ovidii
448 1958 554 1993 verba
585 1958 826 2003 exprimantur
843 1984 852 2000 ‚
880 1957 980 1992 sicuti

296 2008 501 2053 frequenter
511 2009 602 2054 apud
616 2010 799 2057 Hyginum
810 2035 819 2052 ,
834 2017 870 2043 et
881 2021 979 2043 com-

299 2068 396 2105 parat
407 2061 501 2096 idem
508 2062 736 2096 Burmannus
747 2075 787 2100 ex
799 2060 981 2106 Alciphro-

297 2124 342 2145 ne
354 2137 364 2154 ,
385 2112 437 2146 ῙΠ
453 2138 463 2155 ,
482 2114 523 2147 33
534 2139 542 2152 ,
562 2115 700 2162 λαμπράν
714 2116 831 2157 §apim
842 2139 851 2155 ‚
870 2111 929 2147 sed
945 2111 980 2146 id

300 2163 345 2197 ibi
357 2164 470 2207 potius
480 2164 704 2199 manifestum
717 2163 981 2199 incommodum

300 2214 484 2259 significat.

340 2268 410 2310 134„
418 2268 504 2302 Mite
510 2269 618 2302 Deum
625 2278 758 2309 numam
771 2267 864 2312 quod
873 2267 980 2302 Hein-

301 2320 372 2370 sius
389 2319 522 2354 dictum
539 2327 638 2365 putat
655 2332 719 2365 pro
733 2347 742 2364 ,
758 2320 981 2354 mitissimum

302 2374 464 2407 Deorum
489 2386 623 2408 numen
641 2400 650 2413 ,
684 2381 724 2408 ut
751 2373 829 2407 alibi
860 2387 982 2417 magna

257 2441 266 2447 ·
300 2427 449 2460 Deorum
465 2439 529 2471 pro
540 2452 549 2468 ‚
567 2426 727 2461 maxima.
744 2425 846 2460 Mam
864 2432 981 2459 tamen

299 2479 407 2511 Deum
430 2478 558 2512 mutari
581 2478 617 2511 in
639 2490 748 2517 reum,
776 2484 815 2511 ut
836 2477 981 2511 aliusum

303 2530 344 2563 fit
361 2529 403 2563 ad
420 2530 630 2565 confitentes
643 2542 741 2571 reos;
759 2529 863 2574 idque
880 2529 983 2563 illus-—

307 2590 373 2617 trat
389 2597 429 2617 ex
445 2585 547 2618 Pont.
566 2585 620 2626 11,
636 2595 674 2617 vl
685 2610 694 2626 ,
714 2585 750 2625 8,
768 2595 887 2626 aspera
902 2596 985 2616 con-

291 2635 390 2675 fesso
406 2638 507 2669 verba
528 2639 655 2670 remim·
670 2649 735 2669 reo.
756 2635 983 2669 Burmannus

300 2686 440 2729 conjicit
459 2689 545 2721 Mtte
568 2689 664 2721 Deus
684 2700 802 2721 numen
821 2687 864 2720 B.
892 2686 984 2730 Quae

300 2738 514 2781 conjecturae
537 2751 799 2783 supervacaneae
826 2751 897 2773 esse
925 2739 985 2771 vi-

1040 762 1107 798 den
1113 770 1168 797 tur
1177 789 1186 806 ,
1196 763 1223 797 si
1234 765 1339 797 Deum
1348 777 1466 798 numen
1475 776 1539 810 pro
1546 777 1642 799 mera
1654 778 1714 811 pe-

1039 816 1184 861 riphrasi
1203 816 1269 849 Dei
1290 815 1394 860 ipsius
1410 815 1605 852 habeamus.
1622 816 1712 852 Bac-

1040 867 1124 902 chus
1134 894 1143 911 ,
1162 867 1219 912 qui
1231 867 1324 902 mitis
1336 867 1433 904 Deus
1443 880 1514 903 esse
1524 868 1611 903 solet
1619 894 1629 912 ,
1640 881 1715 903 res-—

1041 919 1134 953 tituit
1146 925 1209 954 etc.
1222 918 1328 953 Certe
1341 918 1431 965 apud
1444 918 1629 966 Virgilium
1642 921 1715 965 pius

1041 972 1148 1011 sednel
1164 985 1281 1006 numen
1297 973 1404 1005 Deum
1421 977 1471 1006 est
1485 970 1592 1007 Deus.
1606 972 1716 1020 Quod
1766 1007 1776 1021 Ι

1041 1038 1073 1057 v.
1085 1037 1112 1059 c.
1124 1024 1304 1059 Homerus
1315 1022 1447 1059 dixerat
1461 1026 1560 1060 ἄνευθε
1572 1032 1646 1063 θεοῦ
1653 1052 1662 1063 ,
1671 1025 1715 1067 ‚id

1043 1075 1184 1110 AEneid.
1197 1076 1233 1110 ll
1244 1101 1254 1119 ‚
1269 1090 1343 1122 777,
1357 1075 1490 1117 reddit,
1506 1079 1717 1114 shuenum'ne

1041 1130 1151 1163 divum
1163 1141 1173 1161 .·
1185 1127 1261 1161 vide
1275 1127 1319 1161 ibi
1332 1128 1644 1175 Heyniuim.M?1Ir‚
1657 1129 1715 1175 qui

1041 1181 1122 1216 sinit
1137 1194 1172 1215 se
1190 1180 1531 1216 exorari.—Rest1·tui
1541 1181 1692 1217 absolute
1704 1208 1713 1225 ‚

1041 1238 1101 1266 aut
1114 1230 1231 1266 addito
1245 1238 1287 1278 τῷ
1300 1234 1371 1265 sibi
1383 1231 1416 1266 in
1434 1231 1512 1278 jure
1529 1231 1693 1267 dicuntur
1704 1259 1714 1275 ‚

1041 1283 1101 1328 qui
1120 1283 1155 1317 in
1173 1283 1359 1328 pristinum
1375 1290 1503 1318 statum
1524 1284 1717 1319 restituun-

1041 1343 1111 1379 tur,
1123 1342 1158 1370 et
1167 1335 1231 1370 hoc
1241 1335 1317 1370 loco
1329 1336 1452 1381 quibus
1460 1336 1619 1372 redditur
1628 1337 1717 1383 pris-

1040 1387 1113 1422 tina
1137 1394 1273 1422 natura.
1295 1388 1490 1424 Lactantius
1508 1388 1545 1423 in
1569 1389 1715 1434 Argum.

1044 1441 1110 1474 Cui
1129 1441 1224 1474 Deus
1245 1446 1284 1474 u!
1301 1443 1521 1476 restitueretur
1542 1439 1716 1484 sibisecit.

1088 1492 1159 1526 135.
1184 1493 1287 1526 Fides
1305 1492 1483 1527 interdum
1504 1491 1599 1526 idem
1621 1491 1715 1537 quod

1040 1545 1249 1590 promissum
1267 1559 1275 1580 :
1291 1545 1369 1580 vide
1381 1545 1536 1581 Gronov.
1547 1544 1590 1579 ad
1599 1544 1715 1580 Sene-

1040 1607 1135 1638 cam,
1151 1596 1216 1638 IV,
1229 1595 1272 1630 de
1282 1596 1402 1632 Renes.
1415 1609 1488 1642 cap.
1498 1597 1551 1631 35.
1561 1595 1632 1631 Sed
1645 1595 1717 1640 ple-

1040 1659 1188 1692 rumque
1198 1647 1337 1682 additur
1339 1653 1444 1692 pacta
1450 1645 1717 1692 autpacti(nam

1041 1705 1230 1744 utrumque
1243 1706 1335 1733 recte
1346 1699 1484 1742 dicitur,
1493 1705 1528 1733 et
1537 1698 1717 1743 utriusque

1042 1751 1178 1796 generis
1189 1751 1345 1795 exempla
1359 1751 1528 1796 congessit
1536 1750 1718 1793 Heinsius)

1041 1809 1081 1837 ut
1093 1815 1181 1837 vers.
1200 1806 1260 1848 10'7
1271 1828 1280 1846 ‚
1293 1805 1450 1844 pollicita
1452 1804 1554 1848 fides.
1571 1803 1643 1837 Per
1657 1814 1720 1847 ap-

1043 1855 1252 1901 positionem
1269 1854 1426 1891 additur.
1441 1856 1524 1889 data
1533 1866 1720 1888 munera.—

1044 1908 1151 1941 Solvit
1161 1907 1291 1952 Regius
1308 1906 1450 1951 explicat
1462 1932 1471 1949 ,
1492 1905 1631 1940 resolvit
1643 1905 1720 1949 „ir-

1043 1959 1146 1993 ritam
1161 1958 1249 1993 fecit.
1262 1958 1320 1994 Sic
1329 1965 1364 1992 et
1375 1957 1522 1992 Lenzius
1531 1983 1540 2000 ‚
1557 1956 1616 2002 qui
1625 1966 1720 1992 cnm-

1043 2018 1139 2056 parat
1150 2017 1286 2055 pactum
1296 2037 1303 2048 ,
1316 2010 1436 2054 sedus
1451 2012 1575 2044 solvere
1588 2021 1600 2052 ‚·
1628 2009 1721 2044 Bur-

1043 2075 1194 2097 mannus
1220 2067 1389 2106 punctum
1409 2061 1510 2106 ponit
1525 2068 1604 2107 post
1616 2063 1721 2096 msti-

1043 2117 1109 2149 tait
1126 2139 1134 2153 ,
1168 2120 1203 2147 et
1228 2116 1331 2148 solvit
1353 2120 1468 2147 mutat
1491 2113 1528 2147 in
1550 2115 1655 2152 solvi,
1681 2119 1721 2146 ut

1044 2165 1171 2200 Bacchi
1187 2165 1260 2199 haec
1274 2165 1343 2199 sint
1359 2165 1462 2199 verba
1473 2191 1482 2207 ‚
1499 2163 1541 2198 ad
1557 2176 1633 2210 quae
1647 2165 1719 2209 jam

1043 2217 1218 2262 pertinet,
1244 2216 1338 2261 quod
1357 2215 1501 2250 demum
1524 2228 1611 2250 vers.
1634 2214 1694 2259 137
1709 2240 1719 2257 ‚

1043 2269 1201 2314 sequitur
1212 2295 1221 2312 ,
1242 2272 1300 2302 ait.
1317 2268 1476 2303 Alteram
1492 2267 1584 2301 iiiam
1602 2265 1723 2300 iectio-

1044 2334 1128 2357 nem
1137 2321 1303 2355 debemus
1313 2319 1720 2365 ingenioHeinsii,quum

1045 2381 1146 2408 antea
1163 2373 1338 2418 legeretur
1351 2367 1449 2406 nullo
1464 2379 1567 2405 sensu
1585 2382 1593 2404 t
1602 2369 1723 2412 facti-—

1044 2429 1186 2473 quc-fide
1206 2428 1288 2460 datu
1308 2437 1443 2459 munera
1459 2426 1570 2458 solvit.
1589 2422 1723 2457 Varie—

1046 2484 1132 2512 tates
1165 2477 1260 2511 MSS
1284 2482 1366 2510 sunt
1387 2502 1395 2518 ,
1418 2478 1576 2519 pactique
1591 2475 1700 2519 fidem
1711 2500 1720 2511 ,

1037 2531 1202 2576 factaque
1199 2532 1273 2576 fide
1281 2556 1288 2567 .
1295 2526 1675 2573 sactamquefide.——Re
1679 2525 1724 2571 gii

1047 2583 1156 2618 nostri
1179 2582 1308 2616 habent
1322 2580 1477 2625 factique
1485 2581 1592 2625 fidem
1607 2605 1615 2619 ‚
1632 2579 1725 2612 *data

1047 2647 1181 2668 munera
1194 2660 1202 2672 ,
1220 2635 1323 2667 solvit
1340 2644 1350 2665 :
1365 2630 1425 2665 sed
1450 2636 1589 2677 praestat
1612 2627 1723 2663 multo

1046 2685 1148 2720 lectio
1166 2683 1313 2718 Heinsii.
1333 2684 1398 2716 Ed.

1095 2737 1165 2771 136.
1193 2737 1405 2771 circumlitus
1419 2761 1427 2775 ‚
1457 2733 1553 2778 cujus
1568 2731 1623 2767 ve}
1638 2730 1723 2766 cutis
