1820 3106
315 243 1044 291 METAMORPHosnoN
1081 232 1218 294 Lm.
1259 234 1407 297 ΧΠ.

1493 253 1581 309 465

150 339 389 390 Concurrit
409 320 538 389 Latio
558 338 807 405 Tyrrhenia
828 336 946 400 tota3
970 334 1138 410 diuque

147 418 303 469 Ardua
325 417 528 468 sollicitis
546 416 730 466 victoria
755 419 969 485 quaeritur
990 421 1136 471 armis.

147 498 301 561 Auget
318 507 504 562 uterque
526 513 629 544 suas
654 507 837 547 externo
861 498 1025 548 robore
1048 501 1193 550 vires:

149 576 220 627 Et
231 571 360 622 multi
384 562 613 631 Rutulos:
633 572 765 622 multi
786 575 981 641 Trojana
1006 588 1190 627 tuentur

1519 598 1587 641 455

152 652 336 715 Castra:
356 669 502 717 neque
525 651 690 700 AEneas
713 652 909 701 Evandri
933 652 989 702 ad
1012 652 1166 704 limina
1184 655 1348 707 frustra
1362 650 1381 716 ,⁵

147 729 213 778 At
233 727 434 778 Venulus
454 747 659 792 magnam
683 729 863 797 profugi
887 730 1119 780 Diomedis
1141 733 1196 781 ad
1218 734 1376 784 urbem

149 808 343 856 Venerat
362 826 373 855 :
394 805 469 856 ille
492 807 672 874 quidem
695 808 779 857 sub
802 810 967 876 Iapyge
990 810 1179 859 maxima
1202 813 1365 862 Dauno

149 936 170 971 8
183 961 192 978 ,
208 933 270 970 sed
286 933 428 970 frustra.
439 934 571 970 AEneas
582 941 706 969 contra
716 935 836 970 Evan-

147 990 202 1024 dri
214 987 381 1022 auxilium
392 994 428 1022 et
440 986 604 1033 implorat
615 994 651 1021 et
661 987 835 1033 impetrat.

151 1039 302 1085 Copiose
313 1039 387 1074 haec
397 1046 540 1075 tractata
550 1052 570 1073 a
581 1038 741 1085 Virgilio,
751 1039 836 1073 AEn.

150 1092 227 1127 VII
242 1099 279 1127 et
295 1091 398 1132 VIII.
425 1111 470 1119 —·
494 1091 616 1133 Latio,
646 1091 684 1125 in
706 1091 806 1126 Latio
825 1104 835 1132 ς

151 1144 277 1192 Virgil.
293 1157 382 1180 vers.
400 1145 465 1189 43,
482 1144 608 1178 Dicam
626 1171 634 1179 .
648 1169 656 1178 .
667 1171 675 1179 .
693 1145 839 1191 Tyrrhe-

148 1198 292 1245 na'mque
304 1211 440 1233 manum
452 1224 461 1239 ‚
481 1204 648 1243 totamque
663 1200 726 1231 sub
742 1211 839 1232 arma

150 1258 304 1287 coactam
315 1253 523 1296 Hesperiam.
533 1269 578 1276 —
588 1251 723 1291 Ardua,
742 1250 840 1284 diffi-

152 1305 225 1341 cilis
235 1305 692 1351 fortitudineTrojanorum
705 1313 741 1341 et
751 1305 839 1340 mul-

151 1359 305 1396 titudine
322 1360 478 1396 hostium
489 1363 652 1395 :victoria
665 1364 838 1405 qum-itur,

152 1414 307 1450 victoriae
317 1427 418 1450 causa
428 1421 616 1459 pugnatur,
625 1415 784 1447 sollicitis
792 1426 844 1447 at*-

153 1472 229 1506 nult,
236 1467 382 1503 sollicite
395 1494 404 1511 ,
419 1466 582 1502 studiose.
599 1466 651 1502 Ea
662 1480 759 1501 arma
777 1466 843 1501 ha-

152 1521 240 1557 bent
255 1521 362 1556 libros
377 1534 435 1557 sex
446 1522 656 1567 posteriores
669 1521 843 1556 AEneidis.

196 1575 274 1619 455.
292 1576 439 1609 Rutulos
455 1574 668 1620 adjuvabant
690 1574 844 1609 Mezen—

153 1626 221 1662 tius
237 1626 471 1662 Etruscorum
485 1639 547 1662 rex
562 1639 643 1662 cum
661 1626 734 1661 filio
747 1627 844 1662 Lau-

151 1692 191 1714 so
204 1705 215 1722 ,
236 1678 437 1715 Aventinus
447 1677 615 1714 Herculis
627 1677 719 1713 filius
732 1705 742 1722 ,
763 1678 842 1713 Ca—

152 1731 245 1766 tillus
260 1737 298 1766 et
311 1729 426 1766 Coras
438 1757 449 1775 ‚
467 1730 647 1766 Tiburtini
663 1756 672 1774 ,
694 1729 844 1765 Camilla

152 1797 172 1819 e
183 1781 394 1819 Volscorum
404 1790 523 1829 gente,
536 1790 571 1818 et
584 1783 638 1817 alii
649 1796 657 1825 ;
670 1783 749 1818 vide
760 1783 845 1818 Vir-

154 1835 275 1882 gilium
289 1861 299 1879 ,
313 1836 389 1871 VII
403 1861 413 1879 ‚
432 1835 510 1880 647,
530 1835 573 1870 ad
585 1834 692 1869 fin.—
700 1837 848 1870 Tueatur

154 1901 220 1934 pro
230 1886 362 1933 vulgari
375 1913 386 1931 ,
402 1894 614 1932 sequuntur,
626 1887 720 1932 quod
728 1895 766 1922 et
776 1887 843 1923 hoe

155 1939 234 1975 loeo
249 1951 342 1974 unus
359 1938 430 1975 MS
455 1938 561 1975 habet
573 1965 583 1984 ,
602 1951 669 1974 nec
687 1939 846 1985 displicet

157 1994 378 2030 Bur-manno.

201 2046 277 2091 456.
292 2047 471 2088 Evander.
493 2059 535 2081 ex
553 2045 703 2081 Arcadia
720 2046 846 2092 profu-

159 2111 222 2144 gus
235 2124 247 2142 ,
264 2097 389 2132 Fauno
403 2104 574 2143 regnante
586 2097 623 2132 in
635 2097 771 2132 Italiam
784 2111 847 2132 ve-

159 2157 262 2186 nerat
273 2176 284 2195 ,
302 2150 385 2186 etin
395 2150 556 2186 Palatino
568 2157 690 2185 monte
703 2150 846 2186 Pallan-

160 2210 258 2238 teum
268 2202 437 2248 oppidum
447 2202 653 2238 condiderat
667 2217 675 2245 ;
696 2203 844 2251 Dionys.

160 2255 338 2291 Halicarn.
355 2255 393 2299 I,
410 2255 450 2289 31
468 2268 478 2296 ;
497 2255 626 2290 Justin.
646 2255 794 2300 XLIII,
818 2269 846 2290 1.

158 2306 216 2342 Ab
233 2319 276 2342 eo
293 2319 368 2342 non
383 2305 534 2352 benigne
552 2306 660 2342 modo
675 2307 846 2354 excipitur

158 2357 305 2404 AEneas,
315 2358 376 2394 sed
387 2358 727 2405 quadringentorum
738 2360 846 2394 etiam

160 2412 320 2457 equitum
331 2410 486 2447 subsidio
502 2410 706 2457 adjuvatur,
721 2412 845 2457 quibus

160 2472 308 2510 praeerat
325 2463 452 2508 Pallas,
471 2463 596 2499 unicus
615 2463 772 2498 Evandri
794 2464 846 2499 fi·-

161 2515 248 2559 liun
266 2517 390 2563 virgil.
402 2517 496 2553 VIII
513 2543 523 2562 ‚
543 2517 608 2560 514
629 2529 702 2562 sqq.
714 2535 759 2542 —
776 2517 846 2552 Pro

161 2570 214 2603 ad
231 2571 350 2604 limina
374 2568 478 2615 vulgo
505 2571 557 2603 ad
573 2572 698 2603 moem'a
715 2579 727 2611 ,⁹
754 2581 846 2604 uuus

163 2620 266 2656 Basil.
293 2627 330 2656 et
354 2633 446 2655 unus
463 2623 563 2657 Voss.
587 2621 758 2655 omittunt
772 2623 823 2655 ad
832 2634 845 2656 .-

161 2674 331 2711 Heinsius
351 2675 450 2710 malit
464 2676 638 2710 Evandria
651 2677 788 2716 limina,
806 2681 847 2710 ut

162 2728 353 2762 Evandrius
362 2730 464 2768 ensis,
477 2740 573 2762 mons
582 2727 771 2761 Evandn‘us
781 2733 846 2762 etc.

163 2787 199 2816 et
214 2772 321 2816 verbo
338 2783 449 2814 venire
473 2792 562 2826 saepe
586 2785 729 2826 quartus
749 2791 847 2815 casus

318 2841 413 2887 JV.

902 927 1043 964 additur
1057 930 1132 966 sine
1145 933 1400 979 praepositione.
1412 955 1457 963 —
1469 936 1591 974 Codex

903 981 1034 1027 Regius
1058 983 1089 1017 B
1115 984 1208 1020 solus
1230 986 1335 1022 habet
1355 993 1488 1025 mania.
1508 992 1589 1028 Hoc

901 1033 979 1069 loco
989 1042 1028 1070 ut
1038 1035 1161 1081 saepius
1170 1037 1253 1073 alibi
1262 1052 1360 1075 mere
1373 1043 1592 1087 conjecturat
1618 1043 1621 1045 ’

903 1086 1090 1124 Heinsius:
1102 1089 1238 1125 codices
1247 1104 1332 1137 ergo
1345 1100 1519 1132 tueamur.
1527 1099 1593 1133 Ed.

950 1141 1024 1184 457.
1044 1142 1228 1176 Diomedes
1243 1169 1252 1184 ,
1278 1143 1343 1178 Ilio
1361 1147 1473 1181 exciso
1490 1174 1499 1191 ,
1517 1158 1595 1194 post

904 1193 1033 1228 multos
1051 1207 1189 1230 errores
1205 1195 1243 1230 in
1260 1197 1423 1242 Apuliam
1429 1202 1596 1247 profugus

905 1245 1039 1280 venisse
1053 1247 1258 1283 tradebatur
1268 1276 1278 1294 ‚
1294 1253 1414 1287 Dauni
1424 1254 1513 1299 regis
1526 1255 1597 1289 filia

906 1296 944 1331 in
960 1299 1229 1335 matrimonium
1246 1301 1348 1337 ducta
1363 1330 1372 1348 ,
1390 1307 1522 1341 dotalia
1536 1321 1596 1341 ar·-

907 1363 950 1384 va
959 1377 966 1391 ,
984 1358 1122 1396 partem
1133 1353 1207 1399 agri
1219 1353 1309 1390 dotis
1321 1357 1415 1402 loco,
1428 1359 1596 1403 tenuisse,

905 1404 943 1438 in
970 1405 1079 1450 iisque
1103 1410 1215 1442 urbem
1231 1409 1429 1446 condidisse
1443 1439 1452 1456 ,
1478 1412 1535 1447 cui
1554 1414 1596 1448 ab

906 1456 1010 1502 Argis
1034 1457 1271 1503 Peloponnesi
1284 1487 1294 1506 ,
1317 1474 1471 1507 quorum
1495 1465 1597 1500 anti-

906 1522 1017 1554 quum
1033 1524 1168 1548 nomen
1186 1509 1285 1565 Α”ργος
1304 1520 1404 1553 ἵππιον
1417 1543 1428 1562 ,
1446 1517 1514 1554 hoc
1534 1519 1597 1565 ip—

905 1573 985 1597 sum
998 1575 1133 1598 nomen
1147 1565 1371 1612 imposuerit,
1389 1569 1485 1614 quod
1499 1579 1597 1616 post-

906 1627 948 1649 ea
969 1616 1006 1650 in
1034 1616 1270 1664 Argyrippam
1292 1629 1515 1658 contractum
1530 1625 1600 1666 sit;

907 1667 1056 1714 Strabo,
1073 1671 1144 1714 VI,
1165 1683 1197 1716 p.
1214 1673 1290 1716 434.
1304 1673 1362 1708 Ad
1373 1688 1457 1710 eum
1468 1676 1575 1723 igitur
1586 1705 1596 1720 ‚

909 1734 1018 1766 quum
1049 1722 1182 1759 Graecis
1218 1724 1435 1772 Teucrisque
1467 1729 1596 1764 invisus

907 1782 1009 1819 esset,
1027 1777 1175 1812 Venulus
1184 1786 1304 1814 orator
1313 1781 1466 1816 mittitur
1478 1796 1495 1817 a
1508 1783 1599 1819 Tur·

907 1838 956 1860 no
970 1853 979 1870 ,
994 1827 1050 1862 cui
1067 1835 1103 1863 et
1114 1829 1177 1874 ipsi
1189 1843 1297 1875 graeca
1310 1832 1408 1878 origo
1419 1835 1598 1870 tribuitur.

907 1880 1083 1924 —Magna
1092 1884 1180 1921 urbs,
1195 1883 1276 1927 quia
1288 1886 1490 1932 metropolis
1502 1888 1597 1924 Dau-

908 1930 976 1966 niae
992 1944 1003 1965 .-
1018 1945 1098 1966 mox
1114 1938 1266 1969 maxima
1281 1941 1406 1973 moem'a
1417 1966 1426 1981 ‚
1445 1947 1481 1974 et
1498 1940 1599 1987 Virg.

909 1983 961 2018 XI
975 2009 984 2026 ‚
1003 1984 1069 2018 216
1080 2010 1091 2028 ‚
1109 1998 1233 2030 magna
1248 1988 1428 2024 Diomedis
1444 1993 1489 2026 ab
1506 1996 1596 2027 urbe.

909 2034 982 2069 Sed
1009 2036 1177 2072 Heinsius
1195 2051 1261 2074 nec
1277 2040 1405 2087 vulgat.
1426 2042 1571 2079 damnat
1583 2072 1595 2090 ,

907 2091 1226 2135 magnt'Dtbmed125,
1250 2101 1289 2129 ut
1301 2096 1399 2142 Virg.
1415 2096 1533 2143 VIII,
1554 2092 1596 2148 9ss

909 2145 1058 2179 Mmitur
1067 2152 1103 2180 et
1116 2150 1236 2192 magni
1253 2151 1402 2184 Venulus
1418 2152 1596 2188 Diomedis

908 2198 960 2230 ad
970 2200 1081 2233 urbem
1099 2211 1109 2233 .·
1125 2199 1187 2234 sed
1210 2200 1258 2236 ita
1281 2201 1353 2236 duo
1379 2211 1495 2239 essent
1513 2205 1597 2251 epi-

909 2249 1006 2285 theta
1020 2277 1029 2295 ,
1048 2253 1310 2298 magniprosugi.
1319 2273 1364 2281 -
1373 2255 1476 2302 Regii
1486 2258 1599 2293 nostri

908 2302 1043 2338 codices
1054 2317 1168 2349 neque
1180 2310 1422 2352 magnineque
1439 2323 1598 2355 magnam

909 2354 1040 2391 habent
1052 2382 1062 2400 ‚
1080 2355 1142 2391 sed
1156 2358 1210 2392 At
1224 2360 1370 2395 Venulus
1380 2359 1517 2403 frustra
1531 2370 1597 2398 etc.

910 2408 1007 2443 unde
1028 2422 1102 2443 non
1133 2409 1329 2445 audiendus
1346 2419 1398 2446 est
1424 2413 1595 2449 Heinsius

909 2463 968 2508 qui
985 2461 1083 2496 malit
1103 2463 1152 2498 Ut
1170 2465 1316 2499 Venulus
1326 2477 1337 2497 .·
1346 2464 1374 2500 si
1376 2464 1511 2510 frustra
1522 2479 1599 2502 non

909 2523 1104 2560 reponatur
1120 2541 1131 2559 ‚
1164 2516 1341 2560 praestabit
1375 2521 1408 2552 w*
1427 2517 1590 2563 profugi,

911 2568 1006 2613 quod
1021 2567 1189 2611 suadent,
1204 2581 1281 2612 quae
1298 2568 1389 2603 infra
1403 2595 1413 2613 ,
1430 2582 1518 2606 vers.
1530 2572 1597 2617 476

910 2628 946 2655 et
962 2633 1025 2666 sqq
1039 2646 1049 2664 ,
1067 2627 1323 2655 memorantur.
1342 2621 1517 2658 Praeterea
1534 2638 1598 2669 pro

909 2675 1019 2708 urbem
1033 2671 1142 2707 codex
1158 2671 1190 2706 A
1207 2671 1266 2707 dat
1278 2685 1392 2715 arces,
1407 2674 1502 2719 quod
1517 2675 1599 2711 Cio-

910 2723 1014 2759 fanus
1037 2723 1073 2758 in
1091 2722 1265 2759 Vaticano
1289 2723 1355 2771 legi
1373 2734 1506 2762 monet.
1528 2730 1595 2764 Ed.

887 2794 899 2802 -
911 2794 955 2805 --
976 2779 1088 2824 Iapyx
1106 2788 1171 2823 pro
1194 2777 1356 2826 Iapygius
1373 2779 1480 2815 etiam
1500 2780 1600 2828 Virg
1628 2798 1632 2801 -

1336 2841 1395 2884 3ο
