1820 3106
348 275 365 286 ,ι

311 291 394 317 202

673 277 724 320 P.
765 277 997 326 OVIDII
1032 278 1336 324 NASONIS

315 387 338 407 «
364 366 566 425 AEacida,
593 366 726 427 dixit,
750 369 949 418 thalamis
972 372 1139 438 potiere
1163 372 1327 439 petitis.

318 463 339 483 »
365 443 435 490 Tu
457 443 614 498 modo.
640 464 774 511 quum
800 446 942 509 gelido
965 450 1109 515 sopita
1133 450 1327 516 quiescet
1346 449 1393 497 in
1417 460 1542 498 antro
1558 485 1570 509 ‚

1552 418 1567 435 ἱ
1652 386 1718 421 250

317 540 341 561 »
368 520 566 581 Ignaram
593 521 760 588 laqueis
782 523 1012 591 vincloque
1035 526 1204 574 innecte
1229 526 1380 574 tenaci.

315 615 340 638 >³
367 597 457 644 Nec
482 607 523 644 te
546 598 734 665 decipiat
756 613 927 649 centum
947 603 1129 651 mentita
1150 603 1312 666 figuras
1330 622 1340 660 3

316 693 340 714 »
367 672 452 720 Sed
463 694 613 740 preme
629 677 843 743 quidquid
861 679 961 736 erit,
979 679 1083 726 dum
1105 679 1224 745 quod
1237 679 1323 727 fuit
1335 690 1434 726 ante
1450 679 1664 727 reformet.
1691 699 1713 719 »

315 748 496 800 Dixerat
521 752 612 801 haec
638 753 824 804 Proteus
838 792 850 812 ‚
873 767 917 803 et
943 755 1143 803 condidit
1163 774 1333 822 aequore
1354 754 1546 814 vultum;

1653 767 1719 801 255

314 824 592 894 Admisitque
616 847 718 878 suos
740 830 790 877 in
811 830 942 879 verba
961 831 1195 879 novissima
1218 831 1389 880 fluctus.

315 901 487 951 Pronus
513 917 603 952 erat
623 905 777 962 Titan,
802 906 1100 973 inclinatoque
1125 907 1300 955 tenebat

318 978 580 1044 Hesperium
606 994 777 1030 temone
801 983 988 1040 fretum;
1015 1003 1151 1049 quum
1174 983 1357 1050 pulchra
1378 982 1530 1032 relicto

316 1056 468 1105 Nereis
490 1058 736 1120 ingreditur
757 1072 966 1109 consueta
991 1060 1153 1109 cubilia
1172 1073 1327 1127 ponto.

318 1133 404 1181 Vix
422 1134 534 1183 bene
557 1134 776 1197 virgineos
799 1136 954 1185 Peleus
978 1137 1191 1186 invaserat
1212 1149 1355 1194 artus,
1396 1152 1397 1155 ’

318 1267 404 1301 thou
416 1267 563 1302 insulam
578 1281 685 1314 prope
702 1269 894 1316 AEgyptum
907 1283 990 1304 am-

317 1318 424 1354 biens.
438 1320 481 1354 In
494 1333 536 1354 eo
547 1321 665 1355 Protei
677 1321 775 1356 sedes
784 1347 793 1365 ,
806 1322 895 1357 forte
910 1323 990 1368 quia

315 1368 430 1403 fabula
445 1370 520 1416 ejus
536 1384 575 1405 ex
593 1372 746 1419 AEgypto
763 1373 799 1407 in
818 1373 989 1408 Graeciam

317 1421 478 1456 translata
502 1430 585 1457 erat.
609 1424 812 1460 Secundum
838 1425 990 1471 Apollo-

318 1472 444 1507 dorum
461 1474 585 1509 Peleus
600 1488 672 1509 non
690 1489 709 1510 a
726 1477 856 1511 Proteo
867 1503 876 1521 ,
894 1477 954 1511 sed
971 1491 990 1511 a

321 1521 477 1558 Chirone
489 1524 656 1560 edocetur
665 1552 674 1570 ,
692 1539 759 1571 qua
771 1534 843 1562 arte
854 1529 992 1573 capien-

320 1574 363 1609 da
372 1575 415 1609 sit
424 1575 501 1610 Dea
512 1577 626 1612 maris.
638 1577 771 1613 Auctor
782 1579 993 1624 Argumenti

322 1627 528 1672 Neptunum
552 1629 740 1674 admiscet,
765 1632 823 1676 qui
844 1644 863 1666 a
886 1632 992 1666 Peleo

322 1676 471 1722 placatus
497 1692 614 1724 preces
638 1680 713 1725 ejus
735 1681 864 1716 Proteo
888 1692 993 1716 com—

323 1730 747 1769 mendaverit.——AEacidu.
762 1734 876 1780 Vulgo
887 1735 946 1780 (et
958 1735 993 1768 in

323 1783 449 1818 nostris
463 1784 602 1830 Regiis)
615 1788 775 1828 AEacide‚·
790 1786 867 1821 vide
880 1786 997 1821 Hein-

324 1835 415 1869 sium
431 1835 472 1869 ad
492 1836 638 1872 Heroid.
655 1838 710 1873 111
727 1864 736 1881 ,
753 1839 805 1884 87.
819 1857 863 1864 —
878 1839 998 1873 Gelido

325 1889 472 1930 quiescet
483 1891 518 1922 in
533 1894 638 1923 antro.
659 1889 828 1925 Nonnulli
843 1893 948 1934 rigido
963 1894 998 1924 iu

327 1946 442 1982 antro‚·
461 1946 530 1975 tres
548 1944 705 1984 quieverit
717 1948 821 1977 antro.
836 1961 880 1968 —
899 1942 999 1987 Regii

327 1992 436 2026 nostri
458 1995 570 2036 gelido
588 1996 741 2038 quiescet.
756 2011 800 2019 ·—
821 1995 1002 2038 Vincloquc

329 2047 459 2079 innecte
483 2049 602 2081 tenaci.
631 2046 808 2081 Palatinus
829 2045 1001 2081 secundus

316 2098 493 2141 firmisque
520 2100 650 2132 innecte
675 2102 813 2132 catenis.
834 2115 877 2123 —
901 2097 1002 2143 Regii

329 2149 440 2183 nostri
457 2151 566 2183 vinclo
583 2153 702 2182 tenaci.

373 2199 448 2233 253.
457 2201 617 2243 Decipere
628 2199 1002 2244 elabi.-Mentitafigu·

330 2264 410 2294 τως
435 2250 615 2285 Mediceus
631 2257 766 2285 mutata.
782 2251 917 2285 Decem
940 2251 953 2293 (
969 2258 1004 2285 et

332 2309 450 2337 noster
465 2302 594 2348 Regius
610 2303 639 2337 B
649 2304 800 2348 )figuris.
817 2303 956 2338 Menan·
966 2310 1005 2337 ut

335 2353 383 2397 V,
398 2354 462 2388 326
472 2361 507 2389 et
517 2367 618 2399 saepe.
630 2356 867 2399 —Sedprema
882 2355 1004 2389 Heins.

335 2406 484 2440 malebat
498 2408 663 2450 Perprime
672 2433 680 2447 ‚
698 2414 737 2441 ut
748 2407 824 2441 Art.
837 2407 952 2441 Amat.
965 2406 981 2440 Ῑ
995 2432 1004 2449 ,

336 2459 555 2506 394.·—Regii
569 2459 679 2493 nostri
690 2461 752 2493 sed
758 2472 868 2503 preme
878 2485 886 2499 ,
907 2458 943 2492 id
956 2465 1007 2492 est

336 2511 503 2545 tenaciter
514 2511 856 2555 tene.·—Beformare‚
872 2511 908 2544 in
919 2510 1009 2555 prio-

335 2575 412 2596 rem
430 2561 582 2597 sormam
599 2569 753 2606 mutare,
773 2569 811 2596 ut
826 2563 879 2597 IX
890 2588 899 2605 ,
920 2563 984 2605 400
996 2587 1006 2605 ‚

336 2614 531 2658 reformatus
540 2617 575 2648 in
576 2618 703 2658 primos
709 2627 824 2650 annos.
834 2613 903 2648 Sed
914 2626 1009 2648 nunc

337 2666 551 2700 intransitive
565 2693 573 2710 ,
590 2666 627 2700 in
636 2666 788 2711 priorem
801 2665 949 2699 formam
959 2678 1009 2698 re-

339 2717 412 2752 dire
426 2745 435 2761 ,
452 2732 487 2753 se
504 2727 651 2753 mutare.

382 2769 455 2803 256.
482 2771 692 2815 Admisitque
719 2777 782 2806 etc.
796 2769 984 2819 vingeniose
999 2795 1008 2814 ‚

1660 1152 1723 1185 260

1055 1277 1094 1305 ut
1111 1272 1146 1306 II
1161 1297 1170 1314 ‚
1192 1271 1256 1305 363
1271 1296 1281 1314 ,
1304 1276 1415 1305 cortex
1432 1273 1469 1304 in
1486 1272 1586 1304 verba
1605 1272 1725 1304 nouis-

1054 1325 1142 1356 sima
1161 1325 1260 1357 venit.

1098 1374 1170 1418 257.
1183 1374 1295 1406 Prona
1304 1371 1468 1406 dicuntur
1476 1370 1588 1406 sidera
1597 1396 1606 1415 ,
1618 1382 1727 1416 quum

1055 1424 1095 1458 ad
1116 1437 1272 1459 occasum
1296 1431 1455 1470 vergunt.
1473 1424 1590 1459 Etiam
1604 1435 1728 1467 pronus

1055 1478 1195 1510 mundus
1206 1503 1215 1516 ‚
1234 1489 1311 1521 pars
1326 1476 1397 1511 caeli
1410 1474 1644 1517 occidentalis3
1661 1473 1730 1509 Se-

1055 1541 1140 1562 neca
1152 1528 1257 1562 Herc.
1270 1529 1351 1562 Fur.
1369 1531 1441 1563 125.
1461 1530 1526 1562 Via
1531 1540 1640 1572 prona
1651 1525 1729 1561 solis

1056 1577 1243 1612 occidentis
1250 1591 1352 1623 supra
1363 1578 1398 1612 ΙΙ
1409 1604 1418 1621 ,
1426 1578 1467 1623 67
1478 1591 1486 1619 ;
1497 1577 1565 1612 vid.
1574 1575 1730 1612 Broukh.

1057 1629 1100 1663 ad
1118 1629 1341 1675 Propertium
1354 1655 1363 1672 ‚
1383 1629 1420 1671 I,
1439 1639 1502 1663 xt'l
1516 1655 1525 1671 ,
1546 1629 1597 1663 23.
1615 1646 1658 1655 -
1673 1627 1729 1662 De

1056 1683 1218 1715 inclinato
1230 1687 1356 1715 temone
1372 1680 1450 1714 vide
1467 1679 1510 1714 ad
1527 1680 1561 1714 X
1572 1705 1581 1723 ,
1603 1681 1676 1724 447.
1687 1697 1731 1704 —

1063 1734 1218 1766 Tenebat.
1236 1732 1351 1777 Vulgo
1373 1734 1386 1775 (
1403 1739 1437 1766 et
1454 1732 1488 1765 in
1509 1730 1634 1766 nostris
1650 1731 1731 1765 Re—

1059 1783 1120 1829 giis
1135 1783 1151 1828 )
1161 1786 1319 1828 petebat5
1345 1784 1569 1818 Burmannus
1590 1781 1731 1826 conjicit

1057 1838 1206 1878 tepebat,
1219 1835 1312 1869 unde
1328 1835 1538 1880 transpositis
1553 1834 1660 1869 literis
1667 1846 1733 1877 pe-

1060 1890 1154 1922 tebat
1164 1915 1173 1929 ‚
1202 1896 1325 1923 natum
1348 1889 1402 1923 sit.
1433 1890 1591 1923 Tenemus
1616 1887 1732 1922 locum

1063 1953 1167 1985 quem
1179 1940 1365 1985 attigimus.
1379 1940 1513 1975 Auctor
1525 1938 1734 1985 Argumenti

1062 1992 1295 2026 meridianum
1329 1991 1479 2026 calorem
1509 1990 1678 2025 nominat.
1693 2007 1735 2014 —

1062 2044 1170 2077 Ponto
1192 2055 1211 2077 e
1233 2042 1433 2076 melioribus
1454 2041 1550 2075 dedit
1570 2039 1735 2075 Heinsius

1063 2106 1127 2139 pro
1133 2096 1242 2138 fluctu
1262 2101 1298 2128 et
1312 2106 1407 2127 saxo.
1421 2111 1465 2120 -—
1480 2091 1598 2138 Regiis
1610 2090 1735 2126 nostris

1065 2153 1116 2181 est
1125 2152 1239 2189 ponto.

1110 2198 1184 2232 260.
1209 2199 1277 2232 Vix
1300 2199 1379 2231 bene
1403 2202 1495 2230 amat
1520 2195 1648 2231 Noster
1665 2217 1675 2237 ,
1697 2199 1737 2226 ut

1067 2251 1103 2285 II
1115 2276 1124 2294 ,
1141 2251 1199 2295 47;
1215 2249 1305 2283 Fast.
1317 2250 1365 2292 V,
1379 2246 1545 2294 2783V1,
1561 2247 1634 2281 513.
1646 2246 1739 2279 Bene

1065 2302 1123 2337 hic
1138 2301 1276 2337 videtur
1298 2314 1423 2347 augere
1445 2301 1517 2334 vim
1539 2306 1592 2335 τοῦ
1613 2301 1682 2333 vix.
1695 2316 1740 2323 —

1066 2357 1195 2389 Peleus.
1212 2353 1336 2389 Peleus
1348 2379 1357 2397 ,
1379 2345 1493 2397 inq⁷uit
1512 2349 1713 2394 Fulgentius
1728 2375 1738 2392 ‚

1068 2411 1120 2439 est
1135 2407 1225 2446 πηλὸς
1236 2430 1245 2448 ,
1263 2405 1376 2438 lutum
1388 2429 1398 2447 ‚
1415 2410 1507 2437 terra
1519 2400 1583 2445 {id
1596 2407 1647 2434 est
1658 2425 1668 2443 ,
1685 2412 1741 2435 ca-

1068 2469 1109 2490 ro
1124 2470 1132 2498 ;
1149 2456 1271 2491 Thetis
1295 2467 1382 2499 aqua
1398 2479 1407 2496 ,
1430 2453 1467 2487 id
1489 2458 1539 2487 est
1555 2477 1564 2495 ,
1588 2451 1740 2492 humor;
1762 2454 1764 2456 ’

1069 2508 1227 2553 Jupiter,
1245 2506 1304 2551 qui
1320 2512 1465 2549 utraque
1482 2502 1591 2549 gignit
1604 2509 1640 2537 et
1655 2514 1743 2537 con-

1069 2560 1130 2604 jun
1137 2559 1202 2605 git,
1218 2565 1269 2592 est
1281 2556 1369 2603 ignis
1380 2582 1389 2599 ,
1405 2555 1439 2590 id
1451 2561 1502 2589 est
1513 2554 1630 2589 anima
1642 2565 1650 2587 :
1660 2552 1743 2587 hinc

1070 2620 1171 2647 natus
1178 2618 1228 2646 est
1237 2609 1387 2645 Achilles
1396 2634 1405 2652 ,
1417 2608 1453 2642 id
1466 2615 1534 2651 est,
1545 2606 1653 2640 homo
1662 2617 1743 2650 per-

1070 2664 1188 2699 fectus.
1200 2664 1265 2698 Ed.
1274 2681 1318 2687 —-
1326 2663 1509 2696 Iunas-erat.
1523 2659 1597 2693 Lib.
1608 2657 1741 2692 Briant.

1070 2721 1260 2757 em’nzemoe
1277 2714 1361 2748 alius
1372 2715 1583 2752 deventuram
1601 2707 1743 2754 quidam

1071 2767 1290 2812 conjunxerat
1304 2777 1317 2808 ,¹
1347 2764 1425 2800 vide
1442 2764 1686 2799 Bunnannum
1700 2758 1743 2793 ad
