1820 3106
320 318 323 319 ⁷
389 276 1093 323 METAMORPHOSEON
1121 278 1254 322 LIB.
1290 279 1385 323 XI.
1515 279 1600 322 265

175 355 347 405 Damna
369 374 451 404 suo
472 354 650 403 inferias
675 353 893 402 exstincto
916 353 1089 403 mittere
1111 354 1280 403 Phoco.

174 432 363 493 Induere
386 450 504 480 arma
525 430 668 490 viros,
694 430 976 498 violentaque
1002 451 1171 481 sumere
1196 431 1283 480 tela

174 511 270 574 Rex
289 509 418 577 jubet
441 509 624 558 OEtaeus
639 545 651 567 ,
667 528 774 574 'cum
797 512 898 577 quis
920 509 1051 558 simul
1076 510 1172 577 ipse
1195 508 1379 578 parabat

175 588 246 636 Ire
269 606 282 646 τ,
303 585 381 646 sed
405 585 631 654 Halcyone
656 587 822 654 conjux
846 587 985 636 excita
1009 588 1205 637 tumultu

175 651 382 722 Prosilit,
406 675 451 712 et
473 664 672 732 nondum
698 676 820 714 totos
843 678 998 714 ornata
1019 666 1204 733 capillos
1220 704 1231 724 ‚

1541 677 1606 714 385

173 738 353 807 Disjicit
373 741 457 791 hos
480 743 631 810 ipsos3
655 743 860 811 colloque
882 745 1027 794 infusa
1050 745 1219 803 mariti,

173 819 330 870 Mittat
349 832 401 870 ut
422 820 634 870 auxilium
658 822 752 872 sine
777 842 822 872 se
840 861 851 882 ,
877 824 1112 891 verbisque
1136 835 1366 891 precatur,

171 961 300 1002 Nereis,
314 960 516 1005 Psamatbe,
526 961 634 997 Nerei
645 961 728 1006 filia,
738 975 778 997 ex
789 975 858 1008 qua

164 1012 303 1049 -AEaeus
316 1013 479 1050 Phocum
492 1021 673 1060 genuerat.
684 1034 729 1042 —-
743 1018 858 1051 Colli-

169 1070 240 1112 51’1,
254 1066 393 1112 'iudicat
404 1093 415 1111 ‚
432 1067 765 1109 existimat—Suo,
785 1069 858 1104 filio

171 1123 246 1154 suo.
272 1119 355 1155 Non
378 1120 488 1167 igitur
514 1120 685 1156 assentior
709 1122 859 1168 Heinsio

172 1174 300 1208 damna
321 1178 396 1215 sue‘,
424 1173 460 1209 id
480 1181 556 1219 est,
579 1174 708 1210 damna
731 1189 792 1211 sua
805 1203 815 1220 ‚
837 1190 857 1212 e

174 1225 274 1262 MSS
294 1227 476 1262 nonnullis
493 1228 740 1264 vetustioribus
760 1243 858 1275 prae-

173 1277 368 1316 ferentie-
378 1281 509 1327 Regius
523 1288 645 1317 noster
661 1282 783 1317 Codex
801 1284 832 1318 A
846 1310 855 1327 ,

174 1332 302 1366 danna
313 1335 385 1374 sui‚·
400 1331 523 1367 Codex
533 1333 564 1368 B
573 1360 583 1377 ,
594 1347 658 1368 sua
666 1362 673 1373 ‚
693 1334 786 1380 quod
802 1334 858 1369 alii

176 1394 317 1428 quoque
328 1383 660 1429 habent.-Infi‘riae,
675 1399 770 1421 sacra
781 1385 858 1421 Diis

176 1434 345 1471 Manibus
360 1435 536 1482 placandis
550 1436 638 1472 facta
649 1464 660 1481 ,
679 1450 756 1483 quae
767 1450 858 1484 pro-

176 1487 251 1533 prie
271 1487 547 1524 dicuntur-mitti
561 1495 597 1524 et
606 1490 705 1534 [εν-η’.
730 1490 857 1535 Quum

175 1539 288 1577 codes
297 1540 387 1577 saeta
402 1549 517 1578 morte
530 1549 591 1578 aut
603 1542 729 1589 insigni
744 1544 859 1589 parri-

173 1593 261 1630 cidae
270 1594 367 1631 clade
377 1604 626 1642 compensatur
635 1624 644 1641 ,
657 1597 715 1632 Dii
732 1598 858 1633 dicun-

164 1655 234 1683 tur
243 1648 512 1686 interfectorem
525 1658 586 1686 aut
596 1652 651 1686 illa
662 1651 791 1687 damna
803 1655 859 1686 in-

162 1698 277 1743 sen‘as
291 1704 419 1737 uu'tteoe
433 1702 639 1746 interret-,103
656 1704 782 1740 Horat.
798 1704 834 1740 II
846 1730 856 1747 ,

173 1749 244 1788 Od.
260 1753 297 1797 1,
320 1767 361 1800 27
378 1781 389 1798 ,
415 1755 515 1790 June
538 1759 700 1790 ve'ctorum
725 1763 859 1802 nepotes

171 1806 320 1842 Rettulit
330 1807 473 1852 insertus
485 1811 669 1854 Jugurtkae.

185 1862 189 1867 ‘
215 1858 292 1894 382.
311 1861 453 1895 Induere
471 1874 569 1896 anna
590 1866 683 1897 viros
702 1869 768 1897 etc.
788 1861 861 1896 Hic

172 1922 314 1955 quoque
329 1923 447 1947 mores
462 1926 543 1948 suos
564 1914 729 1948 amabiles
745 1920 860 1948 servat

175 1961 286 2011 Ceyx.
304 1982 349 1990 —
362 1964 488 2006 Arma,
516 1965 649 2011 galeam
662 1992 671 2010 ,
692 1965 835 2001 loricam
847 1992 857 2010 ,

173 2015 337 2063 clypeum
351 2042 361 2060 ,
388 2029 467 2063 quae
483 2018 778 2053 vestimentorum
801 2019 860 2053 in-

173 2073 246 2102 star
258 2094 268 2111 ,
285 2070 483 2111 induuntur,
499 2082 654 2116 namque
666 2070 775 2105 etiam
786 2070 861 2118 cly-

174 2119 250 2165 peis
256 2121 332 2156 loro
342 2128 403 2157 aut
411 2134 504 2157 ansae
511 2122 703 2158 insertatur
710 2123 859 2158 sinistra.

181 2173 284 2214 Tela,
298 2200 299 2203 η
315 2173 470 2220 gladium
488 2198 507 2218 ,=
528 2176 640 2221 jacula
658 2203 668 2220 ,
696 2176 834 2222 sagittas
846 2202 856 2220 ,

176 2225 302 2271 quibus
316 2230 371 2262 vis
385 2226 546 2263 infertur.
557 2247 602 2256 —
614 2229 756 2270 OEtoeus,
778 2229 859 2274 quia

177 2277 367 2314 Trachinia
376 2279 490 2314 vicina
503 2280 599 2315 OEtae
609 2281 734 2315 monti.
752 2281 860 2316 Multi

176 2330 275 2366 MSS
286 2333 441 2367 etherius
449 2360 456 2371 .
469 2333 563 2378 quod
576 2333 765 2379 explicant,
773 2334 859 2370 side·

174 2395 278 2418 reum
291 2410 301 2427 ,
310 2383 535 2429 splendidum
549 2385 639 2419 :imo
652 2411 663 2430 ,
675 2386 735 2431 qui
749 2386 862 2422 aethe-

174 2448 288 2479 ream,
295 2436 366 2471 scil.
375 2436 548 2472 calestem
557 2437 731 2483 originem
742 2438 859 2474 habet:

176 2487 255 2523 vide
271 2501 360 2523 vers.
378 2502 453 2534 ²7¹·
469 2490 527 2525 Sic
542 2490 649 2525 etiam
666 2503 754 2526 vers.
772 2493 836 2536 445
849 2518 859 2536 ,

177 2542 326 2576 sidereus
337 2543 413 2588 capi
428 2542 544 2579 debet.

221 2593 298 2637 384.
306 2594 375 2628 Sed
378 2596 556 2642 Halcyone
564 2596 690 2641 conjux
695 2603 759 2632 etc.
770 2596 863 2642 Apta

177 2643 252 2679 hnc
260 2645 405 2691 ingenio
417 2647 579 2683 muliebri
590 2661 598 2682 :
607 2652 758 2684 exct'n’et
767 2653 862 2684 exci-

175 2696 422 2733 taridicnntur
436 2700 496 2745 qui
511 2707 571 2735 aut
583 2701 694 2736 vocati
708 2708 767 2736 aut
780 2715 863 2747 per—

179 2748 354 2784 terrefacti
369 2749 413 2785 de
425 2750 506 2786 sella
518 2765 580 2786 sua
591 2759 736 2798 repente
750 2753 862 2799 prosi-

178 2800 332 2836 liunt.-
347 2803 518 2845 Tumultus
541 2805 688 2851 strepitu
704 2806 862 2841 virorum

923 963 967 999 ad
985 977 1083 999 arma
1096 964 1399 1000 concurrentium.
1418 963 1559 999 Prosilit
1573 970 1613 999 ut

923 1017 1128 1052 Semiramis
1150 1016 1241 1063 apud
1259 1016 1461 1061 Valerium,
1481 1017 1552 1060 lx,
1571 1018 1608 1051 3:

923 1083 941 1099 α
960 1069 1087 1114 Quum
1103 1070 1135 1104 ei
1155 1070 1245 1104 circa
1260 1069 1396 1104 cultum
1413 1069 1532 1114 capitis
1549 1081 1610 1103 oc-

924 1139 942 1154 »
958 1131 1092 1170 cupatae
1108 1125 1311 1160 nuntiatum
1327 1131 1418 1159 esset
1429 1151 1438 1169 ,
1457 1124 1612 1172 Babylo·-

924 1191 942 1207 »
959 1190 1006 1212 na
1018 1177 1182 1213 defecisse
1195 1204 1204 1221 ‚
1226 1177 1332 1214 altera
1346 1185 1444 1223 parte
1456 1177 1610 1211 crinium

926 1243 943 1260 >⁸
963 1228 1077 1265 adbuc
1092 1230 1216 1274 soluta,
1230 1229 1390 1276 protinus
1403 1229 1445 1264 ad
1458 1242 1535 1264 eam
1551 1242 1613 1263 ex-

926 1296 943 1311 »
961 1282 1188 1327 pugnandam
1215 1283 1398 1323 cucurrit;
1426 1295 1492 1318 ner,
1516 1281 1612 1327 prius

922 1349 942 1365 -»
961 1333 1125 1369 decorem
1145 1334 1350 1380 capillorum
1370 1335 1407 1368 in
1424 1334 1587 1369 ordinem
1599 1360 1609 1376 ,

926 1401 943 1417 υ
960 1399 1066 1432 quam
1090 1393 1226 1421 tantam
1245 1387 1372 1422 urbem
1392 1387 1430 1430 in
1450 1392 1612 1433 potesta-

925 1454 944 1470 ι»
962 1446 1035 1474 tem
1054 1452 1155 1474 suam
1175 1439 1322 1486 redegit.
1337 1454 1406 1470 »—
1426 1440 1531 1474 Totos
1545 1453 1610 1473 or-

923 1497 1007 1526 nata
1019 1494 1173 1535 capillos.
1191 1491 1298 1526 Multi
1314 1498 1428 1526 tortos.
1439 1491 1613 1526 —Nostri

925 1543 1027 1589 Regii
1044 1550 1142 1578 totos.
1159 1562 1203 1570 —
1216 1544 1366 1589 Dtlrjicit
1380 1544 1458 1579 libri
1475 1550 1612 1579 veteres

925 1596 984 1639 (et
994 1596 1106 1631 nostri
1119 1596 1221 1642 Regii
1230 1597 1243 1639 )
1252 1609 1380 1642 magna
1391 1610 1431 1631 ex
1441 1603 1540 1642 parte
1553 1596 1613 1630 ha-

923 1648 1033 1690 bent;
1053 1648 1147 1695 quod
1167 1649 1330 1684 nonnulli
1349 1650 1611 1695 approbarunt,

924 1701 1030 1747 idque
1050 1715 1113 1748 pro
1132 1704 1284 1738 dissecat
1301 1702 1491 1738 voluerunt
1507 1716 1612 1737 usur-

924 1763 1047 1802 patum
1066 1769 1074 1790 ε
1090 1757 1248 1803 quinque
1271 1759 1435 1800 discuti&
1462 1763 1614 1801 quatuor

924 1811 1092 1854 dissipass·
1110 1817 1180 1846 tres
1200 1813 1349 1846 discidit.
1372 1810 1444 1846 Sed
1465 1810 1510 1845 de
1527 1818 1612 1846 tur-

925 1862 1012 1897 batis
1022 1862 1180 1898 solemne
1193 1876 1266 1898 esse
1275 1863 1433 1906 dejicere
1447 1863 1614 1909 exemplis

925 1913 1054 1949 docent
1072 1915 1240 1950 Heinsius
1263 1922 1299 1950 et
1319 1916 1613 1951 Burmannus.—

925 1966 1050 2011 Insusa
1067 1966 1111 2001 de
1135 1968 1353 2013 amplexante
1368 1994 1378 2012 ,
1396 1969 1503 2003 etiam
1527 1968 1613 2002 He-

925 2019 1014 2054 roid.
1034 2020 1070 2054 11
1083 2047 1092 2064 ,
1114 2020 1169 2068 93.
1186 2019 1358 2055 Similiter
1372 2019 1519 2065 adfusus
1536 2020 1587 2055 lx
1602 2046 1612 2063 ‚

925 2073 1002 2107 366.
1019 2073 1240 2109 Schirachius
1256 2086 1340 2108 vero
1356 2072 1537 2117 defendit,
1558 2076 1613 2107 in-

912 2126 1014 2171 fixa,
1038 2132 1078 2160 ut
1093 2126 1232 2173 elegans
1251 2125 1294 2161 sit
1313 2126 1430 2171 imago
1448 2125 1616 2160 ardenter

926 2179 1099 2224 petentis,
1117 2185 1152 2213 et
1170 2178 1320 2213 amantis
1336 2177 1483 2213 fervide.
1507 2176 1615 2213 Certe

927 2231 988 2276 qui
1004 2231 1120 2266 divelli
1137 2233 1179 2266 ab
1196 2232 1311 2278 aliqua
1326 2245 1364 2266 re
1384 2231 1533 2274 nolunt,
1551 2235 1614 2266 in·-

913 2285 991 2330 fixt'
999 2291 1034 2319 et
1052 2286 1164 2329 adfixi
1175 2283 1343 2319 dicuntur
1356 2296 1364 2318 ε
1374 2283 1492 2328 insum
1505 2282 1615 2317 dede-

926 2344 981 2371 rat
995 2336 1165 2372 Ciofanus
1177 2351 1218 2372 ex
1230 2338 1341 2372 tribus
1351 2351 1359 2379 3
1371 2336 1487 2372 caeteri
1498 2339 1617 2383 infixa.

926 2389 1078 2435 -Regii
1094 2389 1206 2424 nostri
1220 2389 1616 2434 infusa—Disputatur,

927 2453 971 2474 an
994 2447 1088 2475 recte
1109 2441 1246 2476 dicatur
1258 2468 1268 2485 ,
1294 2444 1423 2475 mittere
1439 2442 1617 2474 auxilium.

929 2492 1097 2527 Historici
1109 2506 1192 2527 sane
1204 2493 1328 2528 dicunt
1338 2494 1472 2527 auxilia
1482 2519 1490 2533 ,
1504 2503 1615 2537 quum

926 2544 1042 2590 copias
1069 2545 1250 2579 auxiliares
1280 2543 1436 2579 indicare
1466 2543 1590 2578 volunt
1605 2569 1615 2587 ,

926 2597 987 2631 sed
1004 2603 1116 2642 poetae
1129 2596 1225 2631 licuit
1238 2596 1452 2642 singularem
1463 2607 1528 2642 pro
1538 2595 1617 2642 plu-

927 2649 989 2683 rali
1003 2651 1415 2694 ponere.—-Animasque
1426 2655 1491 2684 etc.
1509 2648 1590 2693 quia
1604 2674 1614 2691 ,

927 2701 955 2736 si
975 2700 1073 2748 Ceyx
1092 2702 1128 2735 in
1146 2701 1205 2735 illo
1222 2701 1414 2736 certamine
1435 2701 1616 2747 periisset,

930 2753 1167 2789 amantissima
1193 2754 1269 2799 ejus
1295 2755 1424 2799 conjux
1449 2753 1617 2788 noluisset

928 2806 991 2852 ipsi
1011 2814 1185 2852 superstes
1201 2820 1297 2850 esse;
1316 2807 1372 2843 111
1386 2834 1396 2852 ,
1414 2808 1499 2853 473,
1518 2808 1617 2841 Nunc
