1820 3106
329 263 1024 312 METAMORPHOSEON
1055 264 1189 309 LIB.
1221 265 1385 308 XIII.

1482 262 1563 310 361

146 364 413 432 Expositum
435 363 629 412 Lemnos
651 372 807 410 nostro
833 379 932 409 cum
955 360 1134 409 crimine
1158 359 1340 409 haberet
1356 353 1381 418 ;Κ

149 441 243 506 Qui
267 459 411 500 nunc,
432 451 484 488 ut
505 450 781 496 memorant,
805 437 1081 488 silvestribus
1103 436 1282 487 abditus
1305 438 1469 498 antris,

148 518 265 567 Saxa
281 535 436 573 moves>
454 516 620 580 gemitu
634 553 647 575 ‚
672 515 1002 582 Laertiadaeque
1025 515 1216 581 precaris

147 594 260 659 Quae
278 593 439 642 meruit
460 613 470 642 ε
497 612 594 660 quae
609 631 621 652 ‚
647 593 684 642 si
704 593 766 641 Di
791 604 917 649 sunt,
943 611 1035 640 non
1056 611 1165 640 vana
1189 591 1397 659 preceris.

145 670 207 719 Et
226 689 343 719 nunc
366 669 438 719 ille
463 670 614 720 eadem
635 670 771 720 nobis
793 671 966 736 juratus
989 670 1036 718 in
1062 689 1204 728 arma,
1529 680 1573 714 50

144 746 273 795 Heu!
297 765 400 815 pars
423 767 512 797 una
540 748 701 797 ducum
716 785 728 806 ‚
758 766 848 814 quo
873 766 1124 796 successore
1148 746 1317 810 sagittae

147 823 353 873 Herculis
373 835 589 883 utuntur,
611 825 775 874 fractus
798 825 1046 892 morboque
1071 825 1271 892 fameque
1285 861 1298 883 ‚

142 900 415 968 Velaturque
430 940 443 961 ‚
467 901 688 969 aliturque
712 902 891 960 avibus;
917 902 1209 969 volucresque
1236 901 1429 969 petendo

143 979 310 1028 Debita
328 979 536 1045 Trojanis
561 991 731 1028 exercet
755 979 922 1046 spicula
947 979 1076 1029 fatis:

139 1057 222 1107 Ille
245 1070 391 1107 tamen
412 1058 547 1117 vivit,
574 1058 678 1124 quia
702 1076 795 1106 non
819 1056 1045 1106 comitavit
1069 1056 1245 1106 Ulixen.
1534 1068 1576 1102 55

143 1136 304 1189 Mallet
329 1148 375 1186 et
394 1135 547 1185 infelix
568 1135 823 1185 Palamedes
847 1153 939 1184 esse
963 1134 1143 1184 relictus
1165 1137 1175 1183 Ξ

142 1266 322 1312 tangitur,
340 1265 422 1311 quia
437 1264 481 1300 ad
499 1264 641 1301 Graecos
659 1263 829 1310 loqueba-

144 1325 204 1354 tur
213 1345 223 1364 ,
238 1319 364 1365 quibus
374 1318 432 1353 illa
442 1325 525 1353 nota
536 1331 548 1360 ς
559 1317 695 1364 singula
706 1325 827 1352 tamen

143 1370 262 1406 valent
276 1370 321 1405 ad
336 1371 682 1406 commiserationem
694 1369 830 1404 sacien-

144 1422 488 1469 dam,invidiamque
501 1422 689 1459 creandam
699 1422 829 1470 Ulyssi.

142 1474 320 1521 Longiore
341 1475 544 1510 narratione
560 1501 571 1519 ,
599 1487 709 1519 eaque
731 1473 828 1509 luctu

143 1526 342 1573 plenissima
353 1526 540 1574 exponitur
550 1540 570 1562 a
583 1526 711 1572 Quint.
725 1524 829 1560 Cala-

141 1579 207 1614 bro
215 1605 225 1623 ,
238 1579 292 1615 lx
301 1606 311 1624 ,
323 1579 482 1627 352—396
492 1606 502 1624 ,
514 1579 576 1614 ubi
587 1578 781 1614 Diomedes
792 1585 828 1613 et

142 1630 286 1679 Ulysses
297 1632 404 1678 legati
419 1632 461 1666 ad
479 1645 563 1667 eum
581 1631 747 1675 veniunt,
765 1638 825 1675 ut,

140 1696 250 1730 quum
266 1683 342 1720 sine
360 1684 437 1730 eius
451 1684 581 1730 sagittis
598 1684 703 1720 Ilium
718 1698 828 1731 expu-

140 1736 240 1783 gnari
256 1749 330 1772 non
347 1737 495 1783 possein
510 1736 588 1772 fatis
602 1744 691 1772 esset
703 1736 827 1783 (unde

143 1801 227 1825 mox
237 1790 352 1824 debita
360 1816 370 1830 ,
388 1788 560 1824 destinata
571 1815 580 1833 ,
600 1791 634 1823 Τ
628 1791 760 1834 rojam‘s
760 1789 829 1834 fa-

139 1845 204 1883 iis,
223 1842 384 1887 Trojano
399 1841 532 1877 excidio
543 1868 553 1885 ‚
570 1844 704 1886 spicula
718 1840 734 1887 )
747 1867 756 1885 ,
773 1841 829 1886 ip-

139 1906 220 1929 sum
232 1900 458 1928 arcesserent.
478 1893 530 1928 Ex
542 1893 640 1928 Attio
652 1920 661 1937 ,
679 1894 738 1939 qui
752 1900 829 1939 post

142 1945 358 1992 Sophoclem
372 1972 382 1989 ‚
404 1946 504 1992 cujus
525 1945 673 1980 Philoct.
697 1953 828 1990 exstat,

141 2000 181 2035 et'
189 1999 399 2046 Euripidem
412 1999 480 2035 hoc
496 2006 745 2046 argumentum
758 2008 830 2035 tra-

141 2059 294 2088 ctaverat
311 2078 321 2096 ,
348 2052 474 2099 passim
499 2052 686 2088 versiculos
710 2052 830 2087 laudat

144 2104 274 2140 Cicero
286 2131 296 2148 ,
313 2111 348 2140 et
364 2104 567 2140 Philoctetae
584 2104 744 2151 exemplo
757 2104 830 2139 uti-

143 2163 203 2192 tur
218 2157 255 2192 in
273 2156 564 2204 disputationibus
581 2157 623 2192 de
646 2157 830 2204 perferen-

143 2210 195 2246 dis
211 2209 410 2254 doloribus;
429 2210 507 2245 Fin.
528 2211 564 2246 II
579 2236 590 2255 ,
608 2225 670 2259 ²93
692 2211 744 2256 V,
767 2225 802 2246 11
818 2225 827 2253 ς

146 2262 251 2298 Tusc.
268 2262 306 2298 ΙΙ
320 2288 333 2306 ,
350 2277 379 2309 7.

189 2316 242 2360 48.
255 2317 410 2356 Gemitu,
422 2327 507 2360 cum.
514 2314 646 2361 gemitu
659 2329 667 2356 ;
682 2313 809 2351 Cicero
818 2342 828 2360 ,

145 2368 249 2404 Tusc.
267 2367 302 2402 d.
322 2368 343 2402 l.
363 2382 379 2397 «
405 2367 556 2413 Adspice
575 2366 828 2402 Philoctetam!

147 2438 165 2454 »
187 2422 257 2458 Cui
283 2421 553 2459 concedendum
584 2429 636 2457 est
665 2423 831 2468 gementi.

149 2489 166 2506 »
187 2475 307 2521 Ipsum
320 2475 418 2510 enim
434 2474 628 2509 Herculem
643 2473 778 2509 viderat
793 2474 830 2509 in

148 2542 167 2558 »
188 2527 275 2562 OEta
296 2526 540 2573 magnitudine
561 2526 727 2560 dolorum
745 2526 832 2571 eju-

148 2595 165 2611 »
185 2580 328 2615 lantem.
342 2595 359 2610 »
371 2598 415 2607 —
431 2582 602 2621 Pte-caris,
620 2579 832 2624 imprecaris.

146 2635 230 2669 —Si
234 2635 290 2668 Di
295 2641 388 2674 sunt,
399 2646 510 2679 quum
517 2633 565 2667 Di
574 2633 644 2668 sint
656 2646 664 2668 ε
675 2636 811 2668 sinunc
820 2659 831 2678 ,

147 2693 188 2721 ut
206 2698 296 2732 saepe
314 2711 324 2729 ,
348 2684 567 2720 adfirmantis
583 2691 658 2729 est,
675 2697 749 2719 non
768 2697 833 2719 au—

148 2745 222 2773 tem
237 2737 439 2773 dubitantis.
460 2737 632 2774 Nonnulli
655 2737 787 2772 habent
800 2740 838 2772 si

149 2793 190 2827 di
199 2794 289 2836 ,νίκη
310 2790 453 2838 quidam
465 2793 550 2828 sidi
559 2793 647 2828 dent.
664 2791 832 2830 Heinsius

894 1263 1106 1299 emendabat
1115 1277 1188 1309 quae
1196 1264 1250 1303 di,
1261 1264 1303 1298 di
1306 1264 1400 1305 dent,
1412 1277 1479 1298 non
1486 1277 1579 1298 vana

886 1320 1056 1360 preceris‚·
1069 1324 1129 1351 aut
1140 1329 1227 1361 quoe,
1242 1318 1283 1350 di
1293 1318 1376 1350 dent
1383 1342 1391 1357 ‚
1400 1329 1420 1350 o
1430 1329 1496 1350 non
1507 1330 1538 1350 v.
1543 1329 1582 1360 p.

894 1389 938 1396 —
947 1369 1077 1415 Regius
1088 1368 1198 1404 codex
1210 1368 1243 1403 A
1252 1382 1325 1414 quae
1337 1371 1373 1403 si
1379 1370 1419 1403 di
1425 1372 1512 1413 siut‚·
1525 1382 1579 1404 co-

889 1421 957 1456 dex
973 1422 1002 1456 Β
1016 1434 1088 1466 quoe
1097 1424 1181 1455 sidi
1189 1424 1292 1464 dent,·
1312 1421 1578 1456 emendationes

891 1473 1030 1509 Heinsii
1048 1487 1122 1508 non
1139 1473 1287 1519 placent.
1300 1475 1366 1508 Ed.

935 1530 988 1563 50.
1005 1529 1136 1562 Eadem
1146 1530 1244 1562 nobis
1255 1554 1264 1569 ‚
1283 1541 1393 1573 graeca
1404 1528 1556 1575 syntaxis
1567 1555 1576 1572 ,

890 1582 986 1616 ταυτᾶ
1010 1583 1102 1625 ἡμῖν,
1127 1582 1242 1615 eadem
1260 1580 1295 1614 in
1310 1593 1387 1626 quae
1400 1593 1482 1621 nos;
1502 1579 1576 1615 Cic.

890 1632 1015 1667 Famil.
1040 1634 1093 1668 IX
1105 1659 1115 1677 ‚
1137 1633 1157 1667 6
1172 1659 1181 1677 ,
1208 1635 1300 1678 quod
1313 1646 1380 1667 non
1397 1636 1484 1667 idem
1507 1635 1580 1667 illis

889 1689 1145 1720 censuissemus.
1169 1704 1208 1711 —
1229 1687 1307 1720 Una
1335 1685 1580 1720 redundanter

892 1737 1061 1772 additum.
1071 1756 1115 1765 -
1128 1741 1271 1773 Fructus
1282 1741 1395 1773 morbo
1394 1739 1555 1783 fameque
1564 1750 1577 1781 ‚·

893 1790 1021 1835 Quint.
1036 1790 1187 1826 Calaber
1197 1817 1206 1834 ,
1221 1791 1283 1836 367
1301 1791 1576 1836 sqq.—Velalur,

893 1842 1088 1877 Philocteta
1103 1842 1194 1888 apud
1212 1843 1372 1877 Attium:
1389 1858 1405 1873 «
1426 1842 1578 1889 Configo

894 1908 911 1924 »
930 1894 1047 1929 tardus
1056 1895 1185 1929 celeres
1194 1921 1203 1938 ,
1215 1902 1310 1930 stans
1318 1895 1473 1931 volatiles
1484 1922 1493 1940 ‚
1503 1896 1575 1931 Pro

893 1960 911 1977 »
930 1953 1023 1981 veste
1037 1947 1165 1992 pennis
1175 1947 1334 1982 membra
1349 1947 1449 1983 textis
1459 1960 1524 1982 con
1531 1955 1577 1982 te-

894 2014 912 2030 »
927 2013 1012 2046 gens
1025 2015 1034 2042 ;
1053 2015 1070 2030 »
1082 1999 1204 2035 confer
1215 2000 1263 2045 Q.
1273 2000 1477 2043 Calabrum,
1489 2001 1553 2036 358
1564 2027 1573 2043 ,

892 2058 928 2086 et
938 2050 1010 2087 Cic.
1019 2052 1096 2087 Fin.
1109 2053 1156 2096 V,
1174 2066 1185 2086 1
1195 2052 1394 2092 1.—-Al1'tur‚
1411 2052 1575 2098 Sophocl.

892 2118 940 2139 vs.
957 2105 1020 2138 288
1035 2105 1255 2140 s.—-Exercei
1266 2107 1413 2149 spicula,
1428 2111 1467 2139 ut
1483 2104 1575 2151 apud

893 2157 1033 2192 Attium
1059 2170 1067 2192 ε
1094 2172 1112 2188 «
1140 2158 1406 2203 Ingemiscimus
1424 2185 1433 2203 ,
1464 2157 1574 2204 Quod

894 2224 911 2240 »
933 2209 1007 2244 haec
1022 2209 1216 2256 pennigero
1230 2236 1239 2255 ,
1256 2223 1330 2245 non
1347 2211 1521 2256 armigero
1537 2210 1573 2245 in

895 2277 913 2293 »
931 2276 1078 2309 corpore
1091 2289 1100 2307 ,
1117 2263 1358 2299 Exerceantur
1374 2264 1451 2299 tela.
1468 2278 1485 2295 »ι
1501 2266 1576 2299 De·-

892 2317 964 2349 bita
979 2317 1112 2360 spicula
1119 2327 1131 2358 ,·
1150 2314 1228 2350 vide
1244 2328 1348 2361 supra
1364 2315 1405 2350 ad
1422 2329 1509 2351 vers.
1523 2317 1575 2360 45.

893 2385 937 2392 --
949 2368 1130 2402 Comilavit
1148 2367 1316 2402 Heinsius
1332 2380 1351 2402 e
1369 2367 1578 2403 Florentino

895 2419 933 2454 S.
952 2419 1064 2454 Marc.
1089 2426 1125 2454 et
1149 2433 1223 2455 uno
1244 2419 1402 2454 Gronov.
1420 2420 1575 2465 recepit,

896 2471 977 2516 quia
999 2471 1128 2508 Noster
1151 2470 1218 2506 hoc
1239 2472 1351 2507 activo
1372 2472 1578 2517 frequenter

895 2525 1017 2559 utitur.
1035 2525 1151 2571 Vulgo
1168 2526 1181 2567 (
1196 2532 1232 2559 et
1247 2525 1283 2558 in
1299 2525 1375 2559 cod.
1394 2525 1507 2571 Regio
1523 2525 1577 2569 B)

893 2577 1020 2622 legitur
1028 2581 1227 2621 comitatur,-
1242 2576 1344 2611 multi
1357 2579 1370 2622 (
1383 2584 1418 2612 et
1428 2578 1504 2613 cod.
1518 2575 1577 2622 A)

895 2633 1085 2664 comitatus.

942 2681 994 2715 56.
1011 2681 1135 2716 M'allet
1147 2687 1181 2716 et
1198 2682 1399 2717 Palamedes
1415 2689 1480 2718 etc.
1496 2683 1521 2717 J
1523 2696 1580 2717 arn

897 2735 1103 2771 Philoctetae
1118 2736 1319 2783 exemplum
1335 2737 1430 2774 luctu
1447 2737 1578 2783 plenis-

897 2790 1026 2827 simum
1039 2818 1049 2837 ,
1073 2798 1110 2827 et
1134 2791 1175 2827 ad
1197 2791 1365 2828 invidiam
1380 2792 1498 2839 Ulyssi
1520 2791 1579 2826 sa-
