1820 3106
402 232 1086 286 METAMORPHOSEON
1119 235 1248 278 LIB.
1284 233 1403 278 XV.

1520 233 1607 293 517

173 329 378 380 Flumina
395 327 638 398 prosiliunt
653 365 665 387 ‚
686 339 764 377 aut
787 338 997 377 excaecata
1019 326 1233 376 residunt.

174 407 246 457 Sic
267 407 349 457 ubi
369 418 540 456 terreno
562 407 708 472 Lycus
732 416 800 453 est
819 416 981 472 epotus
1005 403 1130 452 hiatu
1143 441 1155 462 ‚

175 485 365 536 Exsistit
386 483 543 552 procul
566 483 671 533 hinc
685 521 697 543 ‚
724 483 899 551 alioque
922 483 1168 533 renascitur
1189 501 1264 532 ore
1283 501 1294 530 :

176 562 251 611 Sic
273 560 409 611 modo
433 560 734 619 combibitur,
761 571 879 609 tecto
902 559 1035 608 modo
1063 560 1237 624 gurgite
1258 557 1411 627 lapsus

1543 570 1608 618 275

174 639 397 691 Redditur
420 639 647 704 Argolicis
667 640 826 703 ingens
849 638 1062 688 Erasinus
1084 639 1132 687 in
1159 639 1274 688 arvis
1295 658 1306 687 :

173 720 236 768 Et
259 719 441 786 Mysum
465 718 710 786 capitisque
734 718 830 776 sui,
854 717 1048 783 ripaeque
1070 715 1235 783 prioris

170 796 441 847 Poenituisse
462 797 631 855 ferunt,
657 796 741 846 alia
761 814 882 844 n-unc
905 795 967 843 ire
983 832 996 853 ,
1019 793 1213 842 Caicum.

173 876 267 925 Nec
287 895 380 925 non
403 875 605 925 Sicanias
622 875 806 924 volvens
827 875 1085 923 Amenanus
1109 890 1262 921 arenas

173 956 306 1005 Nunc
327 955 429 1005 fluit
443 992 456 1014 ‚
481 955 704 1004 interdum
727 952 977 1021 suppressis
999 951 1201 1001 fontibus
1223 961 1330 999 aret.
1373 992 1395 1009 ⁴

1545 964 1612 1000 280

175 1035 295 1085 Ante
317 1034 585 1093 bibebatur,
608 1053 754 1093 nunc,
781 1052 890 1100 quas
915 1032 1172 1095 contingere
1196 1029 1341 1089 nolis,

175 1144 398 1192 vulgatanon
412 1144 551 1180 videtur
565 1144 702 1180 fluxisse
717 1157 736 1179 a
749 1157 860 1179 manu

176 1196 309 1234 Ovidii.
323 1197 429 1233 Lenis
438 1204 474 1232 et
487 1197 581 1233 bona
595 1197 859 1238 esumendatio

175 1249 245 1284 viri
266 1249 359 1286 docti
378 1250 417 1286 in
434 1249 582 1285 Miscell.
613 1249 762 1285 Observ.
792 1249 859 1284 vol.

177 1301 257 1338 Vll
267 1328 278 1346 ‚
294 1315 371 1349 pag.
390 1302 452 1337 123
465 1328 475 1346 ,
493 1304 865 1348 anle’quL—Eaecaecari

177 1352 530 1400 eleganterdicuntur
536 1366 613 1399 quae
620 1353 795 1396 delentur,
801 1353 860 1387 ob·

178 1412 346 1441 tun-antur
356 1432 366 1450 ,
383 1404 676 1442 exsiccantur-‚Sic
687 1405 740 1439 IV
753 1405 860 1439 Pont.

178 1468 210 1492 11
221 1483 231 1501 ,
249 1471 261 1493 ι
269 1472 286 1503 7
297 1485 307 1502 ,
322 1461 422 1494 limus
435 1471 542 1493 venas
549 1463 699 1492 esca-ca!
705 1459 741 1490 in
749 1457 860 1490 undis.

181 1509 352 1545 Similiter
379 1509 470 1556 apud
496 1509 638 1545 Graecos
663 1510 862 1554 τυφλούμεναι

180 1567 280 1609 πηγαί
289 1576 298 1605 ;
316 1562 396 1598 vide
410 1562 612 1599 Heinsium.

226 1616 369 1663 273.S1'c
377 1618 570 1652 ubilerreno
586 1623 650 1650 etc.
666 1613 757 1650 Plin.
768 1613 863 1649 Hist.
878 1611 880 1613 ¹

179 1669 260 1705 Nat.
278 1668 316 1704 Π
331 1694 342 1713 ,
364 1669 427 1705 103
438 1695 448 1713 ‚
470 1669 617 1706 subeunt
631 1673 739 1703 terras
751 1693 760 1708 ,
784 1680 863 1701 rm*-

180 1727 302 1767 susque
308 1722 497 1763 redduntur,
509 1722 624 1768 lycus
634 1720 763 1766 (prope
774 1720 864 1755 Lao·
880 1725 883 1728 ”

182 1772 318 1809 dieeam
337 1786 357 1808 e
376 1771 515 1807 Cadmo
536 1780 659 1808 monte
682 1780 779 1807 ortus
796 1774 809 1816 )
828 1776 864 1807 in

182 1826 290 1866 Asia,
312 1826 482 1859 Erasinus
493 1828 529 1859 in
539 1825 712 1870 Aqolica.
728 1823 866 1860 Confer

185 1877 358 1915 Senecam
368 1902 378 1921 ,
398 1877 711 1924 Nat.Quaest.111‚
732 1878 773 1912 26
783 1903 795 1922 ,
806 1877 867 1913 ubi

184 1929 251 1964 hos
264 1943 352 1965 vers.
367 1929 496 1965 laudat.
514 1948 558 1957 —
573 1932 720 1975 Epotus,
740 1930 867 1965 absor—

187 1982 408 2029 ptum—Mox
418 1995 530 2029 quum
543 1982 598 2018 alii
609 1982 708 2018 MSS
717 1982 869 2019 habeant

187 2037 320 2081 alioque
334 2037 428 2077 orbe,
455 2035 623 2082 quaeritur
635 2062 644 2080 ,
668 2043 789 2071 utrum
804 2048 867 2070 ve-

187 2087 272 2123 rius.
290 2087 335 2123 In
354 2100 391 2123 se
405 2094 596 2134 utrumque
612 2095 707 2123 recte
722 2087 868 2130 dicitur;

190 2153 275 2176 nam
289 2147 325 2176 et
337 2143 511 2188 orbirpro
528 2148 626 2188 parte
644 2141 756 2186 orbis,
777 2148 872 2176 terra

192 2193 319 2229 dicitur
340 2200 382 2229 ut
403 2194 444 2237 1,
466 2195 535 2242 94:
556 2207 595 2230 ac
617 2194 760 2240 saepius,
779 2202 815 2230 et
833 2207 873 2229 os

192 2244 398 2281 fluminibus
408 2245 578 2291 tribuere,
587 2246 622 2281 id
635 2254 700 2292 est,
711 2247 850 2283 fontem
860 2273 870 2291 ‚

192 2296 384 2341 sollemne,
405 2303 447 2332 ut
463 2298 506 2341 1,
534 2298 608 2332 281.
636 2299 686 2334 H.
709 2298 731 2333 1.
754 2306 874 2334 tamen

194 2349 344 2396 prefero
361 2363 434 2392 ore,
458 2350 554 2396 quod
575 2351 666 2387 bene
687 2352 876 2398 opponitur

194 2409 239 2451 τῷ
263 2405 368 2439 hiatu,
384 2419 428 2430 --
448 2404 551 2438 Tecto
569 2407 699 2449 gurgite
712 2431 721 2445 ‚
755 2411 877 2440 tectus.

196 2455 321 2501 Neque
345 2462 464 2491 tamen
485 2456 756 2492 condemnanda
775 2456 879 2493 lectio

197 2520 303 2553 quam
329 2508 463 2544 Seneca
481 2508 514 2543 d.
537 2509 560 2543 1.
582 2508 720 2544 exhibet
737 2535 747 2554 ,
775 2512 880 2545 tacito

195 2562 324 2604 gurgite
339 2573 349 2594 .·
374 2573 527 2607 namque
543 2564 668 2596 tacitus
682 2573 771 2607 saepe
789 2561 880 2608 apud

199 2613 476 2658 poetas-ponitur
486 2625 551 2659 pro
560 2639 570 2657 ,
587 2620 707 2649 tectus.
722 2613 780 2649 sie
793 2617 883 2650 taci-

200 2669 271 2699 tum
286 2667 427 2707 vulnus,
446 2669 559 2702 tacita·
574 2668 744 2707 medulae,
771 2670 884 2702 tacita·

196 2719 340 2762 jbmmae
356 2724 420 2752 etc.
445 2717 567 2763 Itaque
591 2731 633 2753 ex
653 2717 762 2764 glossa
782 2718 883 2754 facile

208 2769 244 2804 h.
259 2769 282 2805 l.
298 2770 451 2817 irrepere
468 2769 582 2817 potuit
597 2777 703 2815 tecto,
719 2770 832 2817 quod,
846 2777 890 2806 ut

924 1143 1042 1179 notius
1054 1169 1065 1187 ‚
1081 1142 1306 1188 arripuerunt
1313 1140 1454 1176 librarii.
1473 1141 1610 1178 Eadem

924 1195 1071 1230 varietas
1088 1201 1124 1230 et
1140 1193 1224 1229 alibi
1234 1193 1422 1240 reperitur,
1435 1200 1474 1228 ut
1487 1194 1610 1230 Amor.

926 1249 962 1292 I,
981 1261 1032 1293 11,
1049 1249 1090 1291 ὃς
1108 1249 1302 1292 Trist.lll,
1322 1260 1367 1291 x,
1384 1249 1438 1283 30.

971 1315 1045 1348 ²77·
1064 1300 1295 1345 Caputmodo
1313 1300 1395 1335 fons
1418 1300 1515 1338 fluvii
1535 1308 1610 1345 est;

927 1351 1050 1398 Vix-gil,
1069 1351 1197 1396 Georg.
1215 1353 1271 1387 IV
1287 1377 1296 1395 ,
1315 1352 1379 1387 368
1398 1365 1407 1393 ;
1432 1365 1535 1398 supra
1551 1353 1610 1397 II,

927 1405 1010 1447 255,
1024 1410 1059 1438 et
1070 1403 1105 1438 h.
1115 1403 1137 1438 l.
1148 1403 1256 1438 modo
1268 1404 1415 1446 ostium
1429 1405 1529 1452 Virg.
1545 1406 1578 1441 d.
1589 1408 1614 1442 Ι.

926 1455 1002 1501 3¹9·
1011 1472 1056 1480 —-
1069 1452 1211 1497 Caicus,
1230 1456 1355 1503 Mysiae
1367 1456 1492 1493 fluvius
1505 1484 1514 1502 ,
1530 1472 1614 1493 cur-

926 1518 1005 1541 sum
1031 1519 1138 1541 suum
1166 1508 1324 1544 mutavit.
1358 1508 1444 1554 Quo
1471 1517 1613 1548 auctore

928 1560 1078 1596 Ovidius
1088 1561 1154 1598 hoc
1165 1561 1366 1607 tradiderit,
1382 1576 1456 1598 non
1467 1571 1613 1601 constat.

972 1626 1048 1661 279.
1062 1613 1270 1648 Amenanus.
1289 1614 1370 1649 Hoc
1381 1628 1514 1651 nomen
1532 1618 1616 1652 nul-

928 1667 981 1703 lus
996 1667 1104 1702 habet
1121 1667 1230 1703 codex
1244 1681 1252 1711 ;
1269 1668 1496 1714 plerumque,
1520 1678 1560 1706 ut
1576 1671 1614 1706 in

929 1719 1051 1755 codice
1063 1719 1176 1765 Regio
1191 1720 1224 1754 A
1238 1745 1248 1763 ,
1261 1719 1390 1766 legitur
1398 1722 1590 1758 Amasenus
1602 1735 1616 1767 ‚-

930 1773 968 1808 in
985 1771 1103 1808 codice
1120 1772 1151 1807 Β
1169 1774 1380 1815 Amasenos‚·
1405 1773 1442 1808 in
1463 1780 1534 1810 tota
1557 1775 1618 1811 Si·-

930 1823 1008 1860 cilia
1034 1823 1151 1860 nullus
1178 1823 1284 1869 hujus
1308 1824 1463 1860 nominis
1488 1826 1618 1863 fluvius

932 1876 1130 1922 reperitur;
1145 1875 1263 1911 locum
1276 1875 1372 1912 hunc
1385 1876 1527 1914 Fulvius
1538 1879 1616 1916 Ur-

932 1931 1050 1976 sinus,
1077 1930 1114 1965 in
1134 1929 1227 1966 notis
1248 1930 1292 1966 ad
1313 1930 1618 1969 Comment.Cae-
1638 1965 1640 1967 .

933 1982 1017 2019 saris
1034 2009 1044 2027 ,
1069 1982 1204 2029 primus
1223 1983 1425 2019 emendavit
1445 1998 1487 2020 ex
1509 1986 1621 2022 veteri

935 2048 1086 2071 nummo
1103 2062 1113 2080 ,
1139 2036 1239 2082 cujus
1266 2036 1309 2071 ab
1332 2049 1403 2072 una
1428 2037 1517 2073 facie
1545 2045 1621 2074 erat

936 2094 1099 2127 ΔΜΕΝΟΣ
1116 2115 1126 2133 ,
1152 2088 1195 2124 ab
1217 2088 1324 2124 altera
1351 2094 1619 2133 mmmmm

937 2147 974 2176 et
989 2139 1118 2175 deinde
1134 2139 1302 2177 Heinsius
1318 2154 1358 2176 ex
1373 2141 1554 2177 Strabonis
1568 2141 1624 2176 lo-

938 2204 980 2226 co
992 2217 1002 2235 ,
1024 2204 1131 2237 quem
1145 2191 1240 2227 infra
1251 2192 1294 2226 ab
1306 2191 1461 2239 Gierigio
1472 2192 1623 2228 relatum

937 2243 1040 2288 leges.
1056 2245 1121 2278 Ed.
1136 2263 1181 2270 —
1193 2245 1390 2279 Amenanus
1408 2243 1565 2280 Catauiae
1585 2244 1623 2280 iu

940 2296 1198 2332 Siciliafluvius.
1207 2297 1334 2332 Strabo
1343 2323 1353 2341 ,
1366 2297 1423 2332 lib.
1434 2296 1481 2342 V,
1493 2311 1526 2343 p.
1537 2297 1604 2332 360
1615 2310 1625 2334 2

941 2350 1081 2400 Καθάπερ
1102 2355 1169 2400 περὶ
1187 2356 1241 2386 τοῦ
1262 2342 1420 2395 Α’μενάνου
1450 2354 1626 2394 emendum

944 2407 1021 2442 φασι·
1042 2407 1096 2437 τοῦ
1117 2404 1173 2438 διὰ
1189 2404 1332 2443 Κατάνης
1352 2404 1478 2452 ῥέοντος·
1502 2404 1629 2438 ἐκλείπει

943 2459 1001 2507 γὰρ
1025 2458 1074 2493 ἕκὶ
1095 2459 1190 2493 πολλὰ
1208 2461 1259 2498 ἔτη
1279 2463 1332 2493 καὶ
1349 2459 1439 2492 πάλιν
1464 2460 1518 2508 ῥεῖ.
1535 2457 1631 2492 Bur-

944 2522 1098 2545 mannus
1107 2511 1272 2546 -erFazelli
1287 2511 1388 2546 rebus
1401 2510 1470 2546 Sic.
1482 2510 1539 2546 lib.
1551 2511 1608 2546 111
1617 2538 1627 2555 ,

945 2575 1017 2607 cap.
1039 2575 1053 2596 ι
1067 2588 1077 2605 ,
1101 2568 1218 2605 notat,
1244 2562 1384 2596 fontem
1402 2561 1508 2607 hujus
1529 2561 1631 2598 fluvii

946 2612 1109 2647 nondum
1137 2612 1361 2660 pervestigari
1390 2613 1541 2660 potuisse
1559 2640 1569 2659 ,
1595 2621 1632 2650 et

947 2677 1036 2710 saepe
1049 2691 1058 2708 ,
1071 2665 1239 2700 obturatis
1254 2665 1409 2701 fontium
1430 2666 1528 2702 venis
1540 2694 1550 2711 ‚
1568 2679 1632 2712 per

948 2718 1079 2764 aiiquot
1087 2731 1197 2754 annos
1205 2725 1320 2755 totum
1328 2733 1546 2764 evanescere,
1558 2733 1632 2755 rur-

949 2783 1077 2817 susque
1090 2770 1205 2808 subito
1219 2779 1467 2819 erumpentem
1479 2784 1638 2808 excurre-
