1820 3106
278 254 367 316 494

644 255 697 298 P.
747 255 978 299 OVIDII
1016 254 1314 301 NASONIS

277 348 510 416 Concipit,
539 360 583 397 et
605 368 701 415 quae
724 350 781 398 sit
800 368 944 398 rerum
969 361 1121 398 natura
1145 350 1342 417 requirit.

273 426 419 491 Hujus
442 445 563 474 amor
586 445 698 474 curae
717 464 728 484 ,
748 426 911 491 patria,
939 427 1218 493 Curibusque
1239 427 1432 486 relictis,

270 503 416 561 Fecit,
439 515 489 552 ut
514 502 717 551 Herculei
741 514 986 569 penetraret
1009 503 1066 551 ad
1089 504 1281 570 hospitis
1306 505 1483 553 urbem:

277 582 408 630 Graia
433 581 531 648 quis
555 581 718 629 Italicis
741 593 894 629 auctor
914 581 1136 647 posuisset
1156 581 1202 629 in
1227 582 1317 631 oris

272 660 441 708 Moenia
467 660 705 726 quaerenti,
731 659 792 707 sic
814 678 836 708 e
862 659 1111 708 senioribus
1133 679 1249 708 unus
1648 684 1687 709 xo

272 735 465 785 Rettulit
484 736 699 799 indigenis
713 773 724 792 ‚
746 735 902 784 veteris
922 755 1014 783 non
1037 729 1198 784 inscius
1222 737 1299 784 aevi
1318 756 1329 784 :

276 834 300 855 ‹<
325 813 460 860 Dives
483 812 538 859 ab
566 814 742 860 Oceano
765 812 916 860 bubus
939 813 1047 860 Jove
1071 824 1201 860 natus
1223 811 1363 861 Iberis

268 884 422 932 Litora
445 882 560 930 felici
586 882 775 931 tenuisse
798 883 974 931 Lacinia
998 902 1130 931 cursu

273 961 454 1018 Fertur,
480 972 549 1018 et,
575 972 770 1008 armento
796 971 964 1008 teneras
987 972 1157 1008 errante
1178 979 1256 1026 per
1278 960 1459 1019 herbas,

265 1092 366 1136 jora,
386 1091 471 1126 scitu
496 1090 653 1136 digniora
675 1097 710 1125 et
726 1090 891 1136 graviora.
905 1109 950 1117 —
1012 1091 1157 1126 Graeciae
1183 1091 1323 1138 Magnae
1347 1091 1384 1126 in
1402 1104 1444 1127 ea
1472 1090 1578 1126 Italiae
1602 1103 1685 1136 ora,

276 1144 429 1188 Concipit
439 1171 449 1186 ,
465 1144 549 1178 scire
565 1144 690 1179 studet.
707 1143 926 1189 Frequenter
937 1170 947 1188 ,

1015 1155 1090 1188 quae
1107 1143 1210 1178 hodie
1230 1144 1390 1177 Calabria
1406 1141 1687 1178 &eitun—Itali-

271 1195 330 1230 sed
344 1195 439 1229 vario
460 1209 562 1230 sensu
578 1222 587 1239 ,
613 1196 741 1230 Noster
758 1195 824 1230 hoc
842 1196 949 1230 verbo
1013 1199 1064 1229 cis
1074 1198 1149 1229 oris.
1161 1189 1559 1237 PrimusPal.Urbinas,
1573 1193 1687 1228 Aron-

271 1248 600 1292 utitur.—Requiril‚
610 1260 815 1294 cognoscere
828 1247 922 1292 cupit
931 1273 940 1291 ,

270 1313 341 1345 qua·
354 1303 401 1334 sil
412 1314 516 1334 rerum
533 1307 669 1339 natura,
692 1299 943 1345 philosophiam

269 1364 416 1397 graecam
432 1378 440 1395 ,
457 1364 534 1397 quae
550 1352 749 1386 versabatur
768 1351 805 1386 in
825 1364 944 1386 rerum

270 1411 396 1438 natura
412 1403 623 1450 explicanda.

315 1471 344 1502 7.
361 1457 474 1502 Hujus
492 1471 595 1497 carae,
623 1457 727 1501 hujus
753 1456 878 1500 studii,
905 1465 944 1492 ut

268 1521 355 1543 vers.
367 1508 605 1547 &Se-Patria,
629 1510 844 1552 Curibusque,
875 1522 942 1554 pa·-

269 1560 351 1603 tria,
363 1559 429 1594 hoc
440 1566 490 1594 est
503 1558 664 1594 Curibus.
677 1560 718 1595 In
731 1573 816 1593 cura·
829 1566 864 1594 et
877 1561 944 1593 Cu-

271 1614 362 1647 ribus
380 1618 555 1657 captatum
576 1607 651 1646 esse'
668 1611 709 1645 ab
730 1610 860 1646 ovidio
881 1610 942 1644 lu-

268 1676 345 1699 sum
368 1663 577 1705 verborum,
601 1669 700 1708 putat
729 1662 885 1697 Lenzius.
899 1681 943 1688 —-

268 1717 429 1750 Herculei
449 1716 589 1758 hospitis
615 1717 708 1754 urbs,
741 1714 875 1748 Croton
893 1740 901 1756 ,
923 1727 941 1747 a

269 1766 427 1802 Crotone
439 1792 448 1808 ,
478 1766 536 1811 qui
563 1767 737 1800 Herculem
763 1765 941 1810 quondam

268 1820 478 1862 hospitaliter
490 1821 687 1862 exceperat,
708 1817 754 1852 sic
772 1817 878 1861 dicta,
904 1825 942 1852 ut

267 1869 396 1904 docent
407 1869 848 1914 sequentia.--Pcnelraret‚
867 1882 941 1914 per-

268 1921 413 1955 veniret.
430 1921 514 1955 Erat
527 1933 608 1954 sane
622 1920 761 1964 antiqua
781 1919 938 1962 traditio,

267 1973 422 2007 Numam
451 1970 607 2006 Crotona
628 1984 699 2005 esse
723 1970 914 2016 profectum
929 1996 938 2013 ,

264 2024 381 2069 ibique
396 2036 414 2057 a
424 2024 621 2071 Pythagora
631 2030 799 2068 praecepta
806 2023 940 2068 sapien-

264 2077 321 2110 tiae
330 2075 538 2121 cognovisse,
556 2076 625 2110 Sed
641 2088 718 2110 eam
736 2075 938 2121 gravissimis

263 2129 476 2174 argumentis
492 2128 614 2163 refellit
627 2129 742 2162 Livius
755 2128 786 2162 d.
798 2128 873 2162 loco
882 2154 890 2170 ,
904 2135 939 2162 et

267 2196 284 2211 «
299 2188 422 2226 suopte
441 2180 583 2225 ingenio
604 2187 836 2224 temperatum
853 2180 937 2213 Nu-

265 2247 283 2263 »
298 2245 364 2267 mae
378 2232 534 2267 animum
551 2232 732 2266 virtutibus
747 2230 847 2265 fuisse
863 2234 938 2274 opi-

265 2298 283 2314 n
300 2290 400 2317 natur
413 2284 538 2329 magis;
568 2280 845 2326 instructumque
863 2293 935 2315 non

263 2349 282 2365 »
297 2342 368 2369 tam
384 2334 574 2380 peregrinis
591 2334 719 2369 artibus
733 2361 741 2377 ,
759 2345 862 2378 quam
880 2332 935 2366 di-

266 2402 285 2418 »
302 2387 443 2433 sciplina
465 2387 685 2423 Sabinorum.
703 2402 719 2416 »
741 2386 814 2420 Cic.
834 2387 935 2420 Tusc-

265 2438 319 2474 IV
331 2466 340 2479 ‚
361 2452 375 2473 ι
386 2464 395 2481 ,
413 2439 598 2473 arbitratur
609 2465 618 2481 ,
637 2445 779 2484 propter
797 2437 935 2485 Pytha4

263 2502 449 2536 goreorum
482 2489 749 2524 admirationem
781 2490 936 2524 Numam

264 2554 404 2587 quoque
420 2554 553 2586 regem,
571 2541 832 2587 Pythagoreum
844 2554 861 2575 a
873 2554 937 2586 po-

264 2592 467 2627 sterioribus
481 2592 726 2628 existimatum.
738 2592 934 2627 Commode

266 2650 382 2678 tamen
401 2645 437 2677 in
460 2657 537 2678 rem
552 2657 650 2679 suam
671 2644 854 2679 traditione
879 2643 936 2678 illa

264 2707 345 2730 usus
362 2702 413 2729 est
427 2703 539 2740 poeta.

304 2759 336 2793 9.
354 2748 466 2782 Graia‘
476 2752 604 2793 maem'a,
617 2749 698 2793 quia
709 2747 844 2784 Croton
856 2760 934 2794 pars

1008 1246 1074 1280 del.
1089 1253 1124 1281 et
1146 1246 1201 1281 alii
1219 1249 1344 1288 Ilalis,·
1361 1246 1526 1281 Heinsius
1546 1245 1685 1290 conjicit

1008 1299 1304 1344 hallin—Regius
1319 1298 1427 1334 codex
1437 1298 1469 1333 A
1484 1300 1583 1333 Italis
1595 1302 1685 1342 oris,-

1010 1350 1118 1386 codex
1134 1352 1164 1386 B
1185 1353 1318 1385 Italicis
1328 1362 1341 1392 ‚·
1356 1349 1475 1386 confer
1492 1350 1582 1385 XIV
1593 1376 1604 1394 ,
1625 1363 1683 1396 17,

1010 1401 1069 1436 ubi
1084 1402 1186 1436 ambo
1201 1400 1309 1436 iidem
1323 1401 1458 1437 codices
1475 1400 1605 1435 habent
1621 1402 1698 1448 Εἰ·-

1008 1461 1080 1489 tore
1098 1458 1132 1490 in
1144 1457 1263 1490 Italico
1277 1466 1289 1497 ,·
1306 1455 1397 1489 infra
1412 1461 1529 1489 autem
1537 1479 1547 1497 ‚
1559 1467 1606 1488 vs.
1618 1454 1662 1501 59
1671 1471 1684 1497 5

1010 1505 1095 1540 dant
1114 1508 1215 1540 Ilulis
1233 1509 1267 1540 in
1278 1508 1410 1551 finibus
1424 1508 1524 1540 urbis.
1553 1503 1618 1539 Ed.
1639 1523 1684 1532 ——

1009 1558 1138 1590 Auctor
1144 1561 1317 1600 posuisset
1327 1583 1335 1597 ‚
1364 1556 1574 1592 condidisset
1589 1569 1597 1591 ε
1613 1570 1684 1602 auj-

1007 1614 1081 1643 ctor
1090 1608 1313 1654 plenitudinis
1324 1622 1424 1644 causa
1434 1608 1574 1643 additur
1583 1622 1591 1649 ;
1603 1608 1685 1642 Vir-

1008 1659 1105 1705 gilius
1122 1686 1131 1704 ,
1153 1660 1292 1694 AEneid.
1312 1661 1345 1694 V
1357 1686 1366 1703 ,
1389 1673 1443 1705 17,
1462 1660 1503 1694 Si
1512 1661 1597 1694 mibi
1608 1661 1682 1693 Ju-

1001 1711 1378 1754 pilcrauctorSpondea!
1385 1722 1397 1753 ,·
1406 1710 1512 1746 Phaed
1517 1723 1588 1754 rus,
1596 1709 1683 1755 prol.

1013 1775 1022 1794 ι
1040 1788 1048 1804 ,
1061 1764 1206 1806 AEsopus
1218 1769 1335 1797 auctor
1341 1776 1439 1808 quam
1447 1765 1619 1796 materiam
1629 1773 1684 1795 re·-

1001 1817 1143 1858 perit.—
1150 1815 1274 1848 Veteris
1289 1817 1366 1855 aevi,
1380 1812 1592 1859 antiquitatis
1602 1839 1612 1857 ,
1625 1812 1682 1847 hi-

1006 1867 1119 1901 storiae
1139 1866 1298 1911 antiquae.
1316 1884 1360 1892 —
1377 1867 1449 1901 Pro
1473 1879 1538 1900 ποπ
1555 1868 1683 1900 inscius

1007 1917 1184 1953 Leidensis
1199 1932 1266 1953 non
1279 1922 1422 1953 nescius.

1053 1984 1101 2004 ια.
1121 1971 1204 2005 Jove
1218 1977 1336 2011 natus,
1368 1969 1554 2013 Hercules,
1576 1970 1682 2003 bubus

1004 2025 1124 2063 Iberis,
1138 2022 1311 2069 Geryonis
1323 2023 1500 2068 Hispaniae
1511 2021 1599 2068 regis
1611 2047 1621 2064 ,
1631 2022 1680 2055 di-

1005 2089 1058 2110 ves
1066 2077 1078 2119 (
1086 2076 1165 2121 quia
1173 2075 1299 2109 divitiae
1307 2074 1369 2109 illis
1380 2074 1594 2120 temporibus
1601 2085 1679 2108 cen-

1003 2128 1168 2161 sebantur
1191 2127 1385 2162 numerosis
1407 2127 1607 2172 gregibus),
1635 2128 1679 2160 ab

1007 2182 1141 2214 Oceano
1151 2206 1159 2220 ,
1175 2180 1231 2214 ubi
1251 2179 1404 2227 Erythea
1416 2206 1425 2223 ,
1439 2178 1611 2226 Geryonis
1624 2180 1679 2214 in-

1000 2232 1093 2274 sula,
1112 2232 1275 2275 veniens,
1301 2231 1445 2266 feliciter
1461 2232 1498 2266 in
1517 2231 1581 2267 illis
1597 2232 1678 2272 locis

1002 2284 1332 2329 adpulit—Lacinia
1341 2287 1448 2318 litora.
1457 2284 1528 2317 Liv.
1540 2280 1676 2328 XXIV,

1001 2337 1042 2370 3:
1058 2350 1075 2365 «
1092 2336 1158 2370 Sex
1172 2335 1276 2370 millia
1287 2336 1403 2370 aberat
1412 2336 1455 2370 ab
1467 2337 1552 2370 urbe
1568 2335 1677 2379 (Cro-

1002 2401 1019 2419 »
1039 2386 1144 2426 tone)
1161 2386 1276 2421 nobile
1297 2385 1464 2431 templum
1477 2413 1486 2430 ,
1504 2387 1575 2431 ipsa
1588 2386 1673 2421 urbe

1002 2454 1019 2469 »
1038 2439 1205 2482 nobilius,
1227 2439 1374 2473 Laciniae
1393 2439 1561 2482 Junonis,
1584 2452 1673 2473 san—-

1002 2505 1019 2521 »
1035 2498 1129 2525 ctum
1145 2491 1306 2525 omnibus
1321 2491 1408 2525 circa
1426 2490 1568 2535 populis.
1585 2505 1602 2521 >²
1614 2491 1670 2526 De

1000 2544 1240 2589 promontorio
1256 2544 1396 2578 Lucir'n'o
1422 2543 1489 2577 vid.
1515 2544 1669 2587 Plinius,

1000 2595 1054 2629 ΙΙΙ
1069 2621 1077 2638 ,
1097 2609 1144 2629 10.
1163 2594 1339 2629 Caeterum
1354 2600 1489 2628 summa
1503 2594 1670 2640 religione

999 2645 1036 2679 in
1052 2646 1123 2681 istis
1139 2647 1207 2680 oris
1227 2647 1396 2681 Hercules
1412 2646 1588 2681 colebatur
1600 2673 1609 2689 ,
1634 2653 1672 2680 et

999 2698 1191 2742 multaeius
1199 2705 1425 2742 monumenta
1436 2697 1671 2732 ostendeban-

999 2755 1074 2794 tur3
1092 2748 1159 2786 vid.
1175 2749 1278 2784 Diod.
1294 2749 1361 2787 Sic.
1373 2749 1439 2792 IV,
1453 2761 1495 2783 20
1508 2761 1516 2792 3
1531 2747 1668 2789 Strabo,
