1820 3106
298 244 355 300 34
664 248 717 290 P.
764 248 997 294 ov1D11
1031 249 1334 294 NASONIS

294 340 347 386 In
365 339 544 404 juvenes
566 351 689 388 vasto
713 339 775 388 sic
799 341 961 408 impete
983 342 1216 392 vulnificus
1239 363 1314 393 sus

291 421 468 478 Fertur,
493 433 536 469 et
559 421 835 489 Eupalamon
858 423 1168 492 Pelagonaque
1194 425 1344 474 dextra
1365 437 1538 475 tuentes

294 503 472 551 Cornua
496 504 738 569 prosternit
758 523 770 552 ε
791 505 901 553 socii
923 525 1105 572 rapuere
1125 507 1329 571 jacentes.

1650 441 1716 476 360

291 581 354 628 At
375 600 467 629 non
487 580 682 630 letiferos
707 582 864 646 effugit
884 584 1128 632 Enaesimus
1150 584 1264 632 ictus
1279 622 1292 641 ,

291 658 606 723 Hippocoonte
632 670 781 708 satus:
807 659 1120 725 trepidantem,
1147 672 1190 708 et
1211 672 1332 723 terga
1354 674 1580 728 parantem
1608 727 1612 731 ι

291 736 470 783 Vertere
486 772 497 792 ,
524 735 694 783 succiso
716 735 942 802 liquerunt
965 736 1135 803 poplite
1159 738 1293 786 nervi.

292 813 497 861 Forsitan
519 825 563 863 et
585 813 737 879 Pylius
761 813 870 861 citra
888 814 1082 878 Trojana
1104 814 1292 879 perisset

1651 829 1715 864 365

293 892 541 956 Tempora:
563 890 639 939 sed
662 902 808 939 sumto
833 890 978 957 posita
1001 892 1229 941 conamine
1253 892 1308 940 ab
1328 892 1452 940 hasta
1466 929 1478 950 ,

296 967 483 1015 Arboris
505 966 700 1025 insiluit,
729 986 826 1032 quae
849 967 996 1015 stabat
1015 967 1240 1033 proxima,
1265 969 1396 1016 ramis
1415 988 1425 1026 ;

294 1044 593 1110 Despexitque
615 1043 716 1091 loco
742 1054 865 1091 tutus
880 1080 891 1100 ,
918 1062 1048 1109 quem
1069 1043 1262 1107 fugerat,
1284 1046 1472 1093 hostem.

295 1121 519 1170 Dentibus
539 1115 613 1169 ille
635 1121 758 1169 ferox
780 1120 827 1168 in
851 1139 1019 1186 querno
1043 1121 1193 1187 stipite
1218 1122 1334 1170 tritis
1348 1160 1360 1181 ,

296 1198 500 1246 Imminet
520 1197 679 1254 exitio;
705 1197 999 1263 frendensque
1022 1199 1273 1247 recentibus
1295 1200 1425 1247 armis
1443 1236 1455 1257 ,

1651 1215 1719 1260 37⁰

297 1276 518 1324 Actoridae
539 1276 687 1337 magni
708 1287 855 1324 rostro
876 1274 1019 1324 femur
1038 1275 1187 1324 hausit
1207 1275 1392 1325 adunco.

300 1406 400 1441 cessit
424 1404 540 1439 modo.
573 1403 679 1449 Regii
712 1403 821 1438 nostri
846 1403 978 1438 habent

299 1464 396 1492 certo.
409 1476 454 1483 —-
478 1458 662 1502 Vulmficus
688 1468 772 1499 sus‚·
794 1455 850 1489 hic
868 1454 976 1489 Schi—

300 1509 436 1545 rachius
447 1509 605 1543 observat
616 1521 686 1543 esse
702 1508 906 1553 pingentem
916 1520 982 1540 nu·

302 1574 451 1597 merum.
469 1560 663 1606 Compares
680 1573 721 1594 ex
737 1560 906 1604 Horatio,
929 1562 978 1593 ri·-

303 1616 437 1649 dez-ulus
467 1626 550 1647 mus.
583 1612 717 1648 Similia
746 1611 911 1658 Virgilius
939 1611 977 1646 in

302 1666 479 1712 Georgicis
503 1666 617 1700 habet.
643 1684 687 1693 ·-—
708 1666 920 1708 Eupalamon
944 1670 979 1698 et

301 1722 449 1763 Pelagon
470 1731 572 1764 supra
587 1719 624 1753 in
642 1717 797 1763 catalogo
814 1727 884 1751 non
903 1730 979 1751 no-

302 1771 448 1815 minati,
465 1783 531 1805 nec
543 1770 681 1805 aliunde
696 1769 781 1804 noti.
792 1788 835 1796 —
848 1770 980 1803 Dextra

303 1829 428 1858 tuentes
458 1835 583 1857 cornua
602 1834 614 1864 ,-
645 1822 756 1856 aciem
785 1834 915 1866 nempe
942 1821 980 1854 in

304 1887 428 1919 aprum
446 1874 643 1909 direxerant
661 1899 671 1916 ,
694 1873 792 1917 cujus
819 1872 980 1907 dextrum

307 1938 418 1960 cornu
432 1925 470 1960 hi
485 1926 556 1960 duo
572 1925 820 1960 defendebant.
837 1925 902 1958 Ed.

349 1976 424 2019 354.
447 1977 583 2012 Succiso
591 1979 726 2021 poplite.
739 1976 822 2011 Sixii
836 1982 873 2021 et
887 1975 981 2010 Gro-

306 2026 477 2061 novianus
503 2027 624 2063 tertius
636 2053 645 2071 ,
674 2029 832 2062 succiduo
845 2053 854 2067 ‚
886 2026 981 2071 quod

309 2077 394 2111 olim
403 2078 566 2113 Heinsius
575 2079 788 2123 probaverat.
799 2077 898 2122 Regii
905 2089 981 2111 nos-

268 2131 275 2135 ’
310 2130 355 2164 tri
370 2128 458 2163 nihil
473 2137 620 2165 mutant.
640 2131 711 2165 Pro
722 2133 853 2164 succiso
863 2128 979 2171 Silius,

311 2181 379 2225 IV,
390 2180 454 2221 343
465 2206 474 2223 ,
487 2184 720 2226 caesopoplite‚·
732 2180 793 2215 sed
805 2181 983 2215 succiduus

311 2234 430 2280 poples
441 2240 491 2267 est
500 2233 764 2277 eorum,quibus
774 2231 910 2266 animus
916 2231 983 2265 lin-

312 2287 441 2333 quitur.
452 2285 542 2320 Vide
561 2285 979 2324 Burmannum.-Nervi‚

313 2340 372 2386 qui
396 2339 433 2373 in
451 2340 576 2383 poplite
595 2343 678 2372 sunt
698 2336 837 2381 plurimi
854 2350 864 2377 ς
887 2335 983 2370 unde

311 2404 465 2426 nervosus
478 2392 604 2435 poples.
622 2408 666 2416 —
687 2390 883 2433 liquerunt,
912 2387 982 2422 de—

314 2445 484 2477 fecerunt.

356 2494 430 2528 365.
442 2496 569 2540 Pylius,
584 2493 877 2533 Neston—Citra,
891 2499 983 2526 ante.

314 2563 357 2572 —-
384 2546 532 2589 Trojano
555 2552 701 2589 tempora
717 2571 726 2586 ,
755 2544 871 2589 Trojae
886 2545 983 2579 exci-

274 2603 276 2605 ’
315 2595 413 2629 dium
428 2622 438 2639 ,
462 2603 503 2631 ut
527 2604 619 2631 recte
636 2597 884 2641 interpretatur
904 2596 983 2630 Re-

314 2647 397 2692 gius.
421 2648 579 2691 Tempora
594 2648 690 2682 enim
707 2647 830 2692 passim
845 2673 854 2691 ,
879 2647 984 2682 etiam

314 2699 629 2745 apudCiceronem,
640 2701 682 2735 de
690 2701 885 2736 calamitoso
894 2708 984 2736 statu

312 2751 477 2792 hominis,
498 2759 556 2786 aut
567 2753 709 2787 civitatis
725 2765 733 2786 :
747 2752 823 2787 vide
840 2753 981 2787 Ernesti

1043 1402 1139 1439 Clav.
1159 1403 1232 1439 Cic.
1251 1404 1285 1439 h.
1300 1405 1524 1439 v.—Sumere
1538 1407 1694 1440 condmen
1705 1432 1713 1446 ,

1042 1456 1112 1490 vim
1129 1455 1255 1490 addere
1272 1456 1407 1490 salienti
1420 1452 1567 1500 corpori.
1581 1475 1626 1482 —
1640 1458 1716 1491 Po-

1040 1510 1109 1541 sito
1117 1510 1160 1541 ab
1170 1509 1271 1542 hasta
1281 1534 1289 1548 ‚
1305 1507 1400 1541 basta
1412 1507 1526 1541 telluri
1539 1507 1715 1553 impressa.

1044 1557 1179 1593 Confer
1198 1559 1235 1593 11
1251 1584 1260 1602 ,
1290 1559 1374 1602 7863
1398 1558 1466 1602 IV,
1485 1571 1559 1603 710.
1574 1577 1618 1584 —-
1639 1560 1716 1593 Fu-

1039 1618 1149 1656 gerat,
1172 1612 1353 1657 effugerat.

1085 1665 1159 1713 359.
1194 1667 1304 1699 Tritis.
1333 1663 1467 1699 Laudat
1491 1665 1716 1700 Burmannus

1043 1716 1166 1751 Senec.
1185 1716 1222 1759 I,
1243 1715 1286 1750 de
1301 1715 1399 1751 Orat.
1412 1727 1426 1750 1
1439 1742 1449 1759 ,
1464 1718 1580 1751 dentes
1593 1730 1716 1751 acuun-

1042 1775 1098 1803 tur
1106 1771 1233 1803 attritu.
1247 1768 1347 1803 Idem
1358 1768 1467 1803 nescit
1479 1794 1489 1812 ,
1510 1781 1629 1803 annon
1638 1769 1715 1814 jure

1043 1828 1154 1866 poetae
1176 1820 1362 1855 luxurianti
1387 1820 1488 1865 objici
1506 1820 1610 1866 possit
1623 1846 1632 1864 ,
1650 1819 1715 1854 hoc

1043 1871 1208 1917 longioris
1232 1883 1341 1906 morae
1362 1871 1465 1906 fuisse
1483 1885 1492 1913 ς
1519 1883 1634 1917 neque
1656 1885 1717 1905 va·-

1044 1936 1135 1958 casse
1151 1935 1234 1968 apro
1245 1949 1255 1966 ,
1273 1929 1326 1957 tot
1340 1922 1641 1958 circumstantibus
1654 1935 1714 1956 ve—

1044 1977 1235 2020 natoribus,
1248 1976 1285 2010 in
1299 1976 1422 2010 arbore
1439 1988 1563 2011 acuere
1570 1975 1714 2010 dentes:

1044 2030 1081 2063 in
1094 2043 1163 2075 quo
1175 2030 1279 2064 nimis
1294 2042 1432 2064 severus
1451 2036 1501 2063 est
1515 2028 1569 2063 vir
1584 2028 1714 2064 doctus.

1046 2080 1184 2126 Quidni
1199 2081 1369 2116 vacaverit
1385 2092 1469 2126 apro
1483 2080 1606 2116 dentes
1619 2093 1715 2116 acue-

1045 2145 1083 2167 re
1097 2159 1107 2176 ‚
1125 2144 1234 2177 quum
1245 2139 1427 2167 venatores
1438 2131 1574 2178 longius
1588 2133 1715 2167 remoti

1045 2191 1160 2219 essent
1173 2210 1182 2227 ,
1212 2190 1247 2218 et
1269 2183 1500 2229 plurimorum
1523 2183 1592 2230 tela
1607 2184 1713 2219 aber-

1045 2243 1166 2269 rarent
1178 2235 1194 2269 ?
1211 2254 1255 2260 —
1265 2237 1432 2270 Frendens
1445 2248 1486 2270 ex
1497 2247 1569 2269 uno
1579 2235 1715 2270 Heinsii

1047 2285 1142 2320 dedit
1166 2286 1392 2322 Burmannus
1413 2286 1550 2321 :caeteri
1565 2312 1575 2328 ,
1589 2287 1715 2332 fidens.

1047 2337 1100 2371 Ita
1117 2338 1225 2372 nostri
1243 2338 1354 2384 Regii.
1364 2340 1580 2372 —Recentt'a
1593 2349 1688 2371 arma
1705 2365 1713 2377 ‚

1047 2391 1168 2426 dentes
1182 2418 1192 2436 ‚
1211 2404 1296 2436 quos
1311 2398 1510 2425 acuerat.--
1520 2390 1708 2424 Actoridae.

1046 2443 1101 2477 vel
1118 2443 1260 2490 Euryti,
1280 2442 1333 2477 vel
1347 2441 1460 2476 Cteati
1479 2468 1488 2485 ,
1513 2453 1629 2475 versus
1641 2441 1714 2475 308.

1048 2495 1176 2541 Recepi
1192 2495 1282 2528 hanc
1294 2494 1479 2528 lectionem
1492 2519 1502 2536 ,
1515 2505 1620 2538 quam
1633 2506 1715 2538 qua-

1048 2552 1128 2579 tuor
1151 2545 1258 2582 MSS.
1281 2543 1523 2589 suppeditant,
1550 2544 1629 2589 quia
1650 2555 1716 2577 re·
1763 2585 1769 2590 ἢ

1046 2596 1148 2642 liquae
1177 2597 1320 2641 On'thyae
1344 2602 1403 2629 aut
1437 2596 1580 2629 orithia
1591 2621 1599 2634 ‚
1628 2595 1714 2628 Ori—

1047 2651 1147 2689 chioe,
1171 2648 1343 2682 Orchiadoe
1354 2674 1361 2687 ,
1389 2647 1558 2680 Otbriada·
1574 2653 1639 2681 etc.
1654 2657 1715 2679 ex·-

1047 2700 1163 2746 plicari
1178 2705 1367 2744 nequeunt.
1385 2698 1485 2744 Regii
1501 2697 1621 2740 nostri,
1635 2698 1714 2731 Ori·-

1046 2752 1417 2786 th1ze.--Jv'emurlmas1·t.
1424 2750 1512 2785 Vide
1523 2749 1568 2784 adv
1579 2749 1622 2793 V,
1641 2762 1652 2782 1
1659 2748 1709 2782 26.
