1820 3106
295 215 345 257 18
648 216 702 260 P.
744 217 987 262 OVIDII
1029 220 1330 268 NASONIS

282 308 312 354 J
314 326 426 355 anua
449 307 639 357 difficilis
662 307 739 357 filo
764 322 830 358 est
853 311 1028 361 inventa
1048 313 1209 363 relecto
1228 335 1238 374 3

285 384 494 433 Protinus
513 386 718 448 AEgffles,
743 400 868 454 rapta
887 390 1087 440 Minoide
1100 430 1112 451 ,
1132 393 1247 442 Dian

283 461 391 510 Vela
412 462 560 521 dedit;
587 465 879 532 comitemque
903 486 1025 516 suam
1050 470 1238 519 crudelis
1262 472 1308 520 in
1331 472 1409 520 illo

1640 489 1701 536 ¹7⁵

282 540 431 589 Litore
456 541 647 590 deseruit
668 562 677 590 :
698 543 902 602 desertae,
928 557 972 594 et
991 547 1128 596 multa
1155 552 1353 615 querenti
1367 590 1381 608 ‚

279 617 523 684 Amplexus
546 630 590 667 et
613 638 743 685 opem
766 620 902 670 Liber
923 622 1027 671 tulit
1050 643 1061 671 ε
1080 636 1217 691 utque
1238 629 1422 693 perenni

279 694 429 743 Sidere
453 694 568 743 clara
588 694 728 753 foret,
750 709 938 746 sumtam
959 698 1013 746 de
1036 700 1183 749 fronte
1207 722 1417 752 coronam

276 772 463 820 Immisit
483 772 587 821 caelo
609 791 619 820 t
640 785 793 822 tenues
819 774 938 823 volat
958 775 1034 825 illa
1056 796 1137 843 per
1157 798 1284 827 auras
1303 799 1314 837 ;

274 849 480 916 Dumque
503 849 647 908 volat,
673 870 853 914 gemmae
880 853 1054 902 subitos
1077 867 1308 905 vertuntur
1328 858 1375 906 in
1394 859 1545 920 ignes;

1633 878 1695 911 ¹81»

274 928 623 994 Consistuntque
646 927 745 976 loco
761 966 772 987 ‚
797 930 939 995 specie
962 945 1211 982 remanente
1237 935 1423 986 Coronae
1439 973 1451 993 ‚

271 1004 365 1068 Qui
391 1004 561 1053 medius
584 1005 765 1071 nixique
791 1025 906 1068 genu
930 1019 1023 1066 est,
1047 1028 1321 1077 anguemque
1345 1014 1547 1062 tenentis.

334 1083 414 1129 ΙΙΙ.
442 1081 648 1129 Daedalus
671 1082 837 1130 interea
863 1084 1023 1132 Creten
1039 1122 1050 1142 ,
1075 1084 1348 1154 longumque
1369 1108 1554 1155 perosus

268 1212 338 1248 Od.
351 1223 477 1255 xxxrv,
494 1214 658 1247 5.—Filo
674 1215 801 1247 relecto.
813 1213 945 1260 Hygin.

265 1267 305 1308 42
319 1291 327 1307 ,
345 1267 459 1298 It‘c1um
470 1267 661 1298 revolvendo
666 1264 770 1308 foras
778 1271 831 1298 est
837 1278 944 1308 egres-

262 1328 341 1358 sus‚·
363 1329 382 1350 a
397 1315 513 1351 Plinio
530 1341 539 1359 ,
566 1326 679 1350 xxxvl
693 1342 702 1359 ,
734 1328 794 1362 19,
814 1319 944 1360 glomus

262 1372 330 1404 lini
342 1376 498 1403 vocatur.

309 1425 381 1469 ¹74·
398 1424 511 1462 Dian,
544 1434 608 1467 pro
625 1423 730 1457 Diam
742 1448 750 1462 ‚
768 1420 942 1456 secundus

262 1475 440 1510 Palatinus
463 1481 498 1508 et
522 1473 592 1508 duo
625 1473 691 1507 alii.
715 1473 816 1518 Regii
830 1473 941 1508 nostri

262 1527 364 1561 ambo
387 1526 519 1561 habent
549 1526 689 1566 Chiam,
725 1537 807 1559 cum
832 1525 940 1571 glossa

259 1578 476 1613 interlineari
495 1604 503 1622 ,
529 1580 684 1612 insulam.
700 1596 744 1602 —
759 1577 815 1612 De
836 1579 910 1612 Dia
923 1604 932 1619 ,

258 1630 336 1665 vide
350 1630 393 1664 ad
411 1630 467 1664 111
481 1656 490 1673 ,
510 1632 583 1677 597.
597 1629 701 1674 Apud
715 1630 915 1664 Homerum
926 1657 935 1675 ,

260 1682 351 1717 dicto
366 1682 442 1716 loco
455 1708 463 1723 ,
479 1681 594 1715 Diana
609 1680 743 1716 detinet
756 1681 936 1716 Ariadnen

257 1734 292 1768 in
309 1733 422 1768 insula
441 1733 509 1767 Dia
521 1759 530 1776 ,
550 1731 689 1766 Baccho
705 1732 753 1766 sic
772 1733 912 1768 volente
924 1759 934 1776 ,

257 1786 317 1830 qui
333 1798 411 1820 eam
422 1785 519 1819 duxit
528 1797 685 1818 uxorem.
701 1784 845 1819 Confer.
858 1785 937 1819 He-

255 1838 372 1873 siodus
385 1865 393 1881 ‚
422 1837 556 1883 Theog.
573 1839 658 1885 947;
685 1837 814 1873 Noster
828 1865 837 1882 ,
857 1839 936 1873 He-

255 1889 343 1923 roid.
361 1890 418 1932 ΙΙ,
443 1903 504 1936 79;
527 1890 599 1933 IV,
619 1892 684 1937 595
703 1889 908 1925 Plutarchus
923 1916 933 1934 ,

256 1943 362 1977 Thes.
376 1955 449 1987 cap.
461 1955 513 1976 20.
524 1943 636 1977 Nimis
647 1955 766 1978 rursus
772 1942 912 1977 festinat
921 1969 931 1986 ,

254 1996 453 2040 emittitque
469 2021 478 2038 ,
502 2007 559 2029 me
577 1995 691 2039 judice
705 2023 713 2037 ,
732 2008 806 2029 non
826 1996 935 2030 omit-

254 2048 369 2083 tenda.
388 2048 458 2081 Par
475 2048 571 2082 enim
590 2055 664 2082 erat
680 2074 689 2091 ,
719 2048 899 2083 Ariadnen
919 2074 931 2092 ,

252 2107 292 2135 ut
309 2106 445 2145 partem
464 2100 587 2134 fabulae
607 2100 815 2145 praecipuam
826 2127 835 2143 ‚
852 2100 932 2146 plu-

252 2156 347 2190 ribus
372 2160 507 2188 notare.
530 2172 573 2180 —-
588 2156 763 2196 Deseruit,
790 2167 855 2200 pro
872 2156 934 2189 de·-

251 2210 383 2246 stituit,
415 2205 582 2240 Heinsius
608 2219 626 2239 e
651 2207 805 2251 quinque
823 2206 931 2241 MSS.

251 2261 428 2303 assumsit,
446 2266 487 2294 ut
502 2259 545 2293 sit
563 2258 738 2293 Ovidiana
758 2259 929 2304 repetitio.

252 2314 353 2359 Regii
371 2311 483 2346 nostri
496 2337 505 2354 ‚
528 2313 685 2345 destituit.

296 2379 307 2399 ι
317 2365 367 2410 78.
393 2365 541 2398 &antam
562 2364 603 2396 de
620 2361 737 2406 fronte
763 2375 927 2396 coronam.

251 2415 307 2449 De
322 2415 485 2449 Ariadnae
495 2426 618 2448 corona
628 2412 706 2447 vide
719 2414 902 2460 Hyginum
916 2439 926 2456 ‚

250 2469 502 2504 Poet.Ast1-on.
514 2468 563 2511 II,
578 2469 609 2502 5.
626 2468 757 2500 Corona
769 2473 818 2500 est
832 2466 925 2500 sidus

248 2533 378 2554 novem
393 2520 571 2554 stellarum
590 2519 626 2553 in
643 2519 725 2552 orbe
746 2518 927 2563 disposita—

247 2585 330 2606 rum
344 2598 353 2615 ,
388 2572 481 2605 inter
503 2571 706 2616 Engonasin
724 2577 759 2604 et
776 2569 925 2615 Ophiu-

245 2623 351 2658 chum
371 2650 381 2666 ,
408 2623 467 2668 qui
487 2636 626 2666 anguem
648 2629 736 2656 tenet
760 2622 923 2656 ambabus

245 2676 415 2709 manibus.
427 2676 586 2708 Datalem
596 2675 689 2708 illam
701 2687 856 2708 coronam
866 2687 923 2708 vo-

246 2733 301 2761 cat
321 2725 554 2768 Claudianus,
575 2725 630 2769 X,
651 2739 711 2770 272
727 2739 735 2768 ς
754 2725 787 2758 id
808 2732 883 2769 est,
903 2739 922 2759 a

1011 1215 1149 1250 Baccho
1164 1216 1210 1251 illi
1222 1217 1257 1252 in
1274 1217 1394 1254 dotem
1410 1219 1536 1256 datamz
1549 1222 1688 1259 Secun-

1010 1266 1097 1301 dum
1118 1268 1201 1303 alios
1219 1269 1290 1314 ipsa
1317 1271 1472 1307 Ariadne
1499 1274 1537 1308 in
1561 1274 1685 1310 calum

1008 1320 1126 1355 relata.
1137 1322 1359 1367 Propertius,
1375 1325 1431 1360 III
1441 1351 1451 1370 ,
1467 1337 1527 1370 xv,
1544 1328 1586 1371 8‘,
1597 1330 1687 1375 Lyn·

1007 1374 1102 1406 cibus
1111 1376 1147 1407 iu
1158 1377 1273 1409 coelum
1287 1383 1385 1411 vecta
1400 1379 1567 1413 Ariadna.
1586 1379 1638 1414 Ita
1649 1388 1685 1415 et

1007 1424 1148 1468 Noster,
1162 1426 1217 1461 ΙΙΙ
1228 1427 1318 1463 Fast.
1331 1430 1393 1475 507
1406 1442 1480 1475 sqq.
1493 1430 1585 1466 Vide
1597 1432 1684 1467 Bm-

1004 1475 1165 1510 chusium
1173 1477 1216 1511 ad
1228 1478 1402 1523 Propertii
1410 1480 1543 1517 dictum
1554 1482 1682 1520 locum.

1004 1528 1182 1563 —Subitos
1191 1532 1296 1574 ignes.
1311 1530 1584 1568 Lovaniensis'et
1592 1547 1683 1569 unus

1004 1577 1186 1615 Mediceus
1199 1606 1208 1624 ‚
1228 1584 1367 1625 rutilos5
1392 1584 1507 1618 caeteri
1521 1609 1530 1627 ,
1544 1588 1682 1621 nitidos.

1004 1631 1085 1666 Hoc
1096 1632 1224 1667 Noster
1235 1646 1374 1679 quoque
1390 1635 1521 1681 Regius
1534 1637 1564 1672 Β
1578 1652 1587 1679 ;
1607 1637 1683 1673 Co-

1003 1682 1068 1717 dex
1084 1683 1117 1718 A
1129 1710 1139 1727 ,
1157 1687 1295 1720 subitos.
1313 1703 1358 1712 —
1373 1689 1525 1733 Nixique.
1539 1690 1681 1736 Argen-

1002 1735 1097 1770 tinus
1115 1743 1151 1770 et
1164 1736 1295 1772 Mureti
1309 1764 1319 1782 ,
1326 1740 1488 1784 fletique.

1050 1790 1214 1838 183-259.
1231 1793 1415 1833 Daedalus,
1432 1794 1552 1828 Icarus
1561 1801 1597 1829 et
1604 1796 1681 1830 Per-

1000 1842 1070 1874 dzu.
1082 1842 1247 1877 Baedalus
1258 1843 1407 1879 Athenis
1415 1857 1456 1879 ex
1465 1845 1563 1891 regia
1571 1846 1678 1893 stirpe

1000 1900 1098 1928 ortus
1110 1919 1120 1937 ,
1138 1894 1249 1929 occiso
1265 1896 1403 1930 Perdice
1412 1923 1420 1936 ,
1438 1897 1568 1932 sororis
1582 1898 1653 1933 filio
1665 1925 1675 1942 ,

998 1942 1036 1977 in
1056 1943 1201 1979 Cretam
1220 1946 1309 1992 sugit
1327 1946 1370 1988 ad
1388 1947 1523 1982 Minoa.
1549 1948 1621 1983 sed
1640 1956 1676 1983 et

997 1995 1045 2030 ibi
1061 1997 1180 2041 capitis
1194 1996 1380 2032 damnatus
1389 2023 1399 2041 ,
1412 2011 1431 2032 e
1443 1999 1599 2033 custodia
1611 2012 1676 2035 au-

996 2048 1086 2093 fugit
1100 2061 1181 2083 cum
1200 2051 1297 2084 Icaro
1313 2049 1385 2083 fitio
1395 2075 1405 2092 ,
1422 2063 1528 2095 seque
1541 2050 1588 2086 ad.
1603 2050 1675 2087 Co-

996 2099 1111 2133 calum
1121 2126 1130 2143 ,
1149 2100 1273 2135 Siciliae
1284 2113 1404 2146 regem
1414 2127 1423 2145 ,
1438 2102 1604 2146 contulit,
1617 2102 1677 2139 cui.

995 2164 1074 2186 eam
1084 2153 1128 2186 ob
1144 2166 1282 2187 causam
1295 2154 1426 2188 bellum
1437 2154 1517 2189 secit
1532 2155 1671 2189 Minos:

995 2204 1181 2239 Pausanias
1200 2231 1208 2248 ‚
1235 2204 1323 2239 Aah.
1339 2218 1372 2250 p.
1388 2206 1464 2242 531.
1489 2206 1566 2242 Sed.
1579 2207 1669 2243 Ser·-

994 2256 1069 2290 vius
1083 2282 1092 2298 ,
1114 2256 1157 2290 ad
1179 2256 1316 2302 Virgilii
1341 2257 1484 2292 AEneid.
1503 2259 1576 2300 VI,
1605 2262 1667 2302 ιζ,

993 2320 1012 2342 e
1046 2307 1196 2342 Sallustii
1222 2309 1310 2343 libro
1338 2309 1374 2343 ΙΙ
1403 2310 1639 2345 Historiarum
1655 2337 1665 2355 ,

992 2366 1180 2403 memorat,
1193 2373 1274 2394 eum
1286 2360 1440 2405 primum
1451 2361 1665 2406 Sardiniam,

991 2419 1068 2457 post
1087 2411 1218 2447 Cumas
1236 2413 1371 2458 petiisse
1390 2439 1400 2456 ,
1419 2413 1536 2458 ibique
1555 2415 1668 2460 Apol-

989 2463 1051 2497 lini
1064 2464 1234 2510 templum
1245 2463 1437 2499 condidisse
1449 2490 1459 2507 ,
1475 2466 1663 2501 sacratisei

991 2516 1060 2550 alis.
1091 2516 1132 2550 In
1149 2517 1280 2550 foribus
1296 2515 1416 2560 templi
1431 2516 1527 2551 istius
1545 2518 1663 2552 omnia

987 2568 1051 2602 ista
1070 2574 1276 2613 argumenta
1289 2593 1298 2611 ,
1322 2579 1399 2612 quae
1415 2567 1472 2602 hic
1491 2568 1658 2614 legimus,

987 2634 1143 2666 expressa
1158 2626 1257 2655 erant
1272 2646 1282 2664 ,
1300 2633 1377 2666 quae
1393 2621 1555 2657 describit
1571 2623 1662 2657 Vir—

987 2674 1085 2718 gilius
1097 2674 1188 2708 dicto
1197 2673 1272 2708 loco
1283 2699 1292 2716 ,
1309 2686 1461 2718 quocum
1477 2676 1598 2710 confer
1609 2676 1661 2710 Si-

985 2725 1070 2759 lium
1082 2751 1091 2768 ,
1107 2725 1196 2768 XII,
1213 2725 1497 2771 89-103.Totam
1508 2726 1657 2762 fabulam
