1820 3106
308 261 363 304 82
677 261 729 304 P.
769 262 1003 307 OVIDII
1046 262 1347 308 NASONIS

306 352 443 403 Exuit
469 352 694 419 amplexus
709 391 720 412 ‚
748 354 1022 421 adductaque
1040 353 1221 404 brachia
1245 355 1402 413 solvit3

306 430 641 498 Impulsumque
663 451 797 480 manu
821 435 1020 494 (certum
1044 433 1154 480 mihi
1177 452 1275 482 vera
1295 433 1452 495 fateri)

305 507 519 556 Protinus
544 508 722 566 avertit,
750 520 963 574 tergoque
987 528 1202 559 onerosus
1225 510 1413 558 inhaesit.

306 586 354 633 Si
377 606 463 652 qua
484 586 592 634 fides
609 624 620 644 ‚
643 605 785 652 neque
810 586 926 634 enim
947 586 1048 635 fieta
1071 587 1179 635 mihi
1205 587 1345 649 gloria
1364 606 1467 635 voce
1685 601 1728 636 55

306 665 558 728 Quaeritur,
585 664 793 730 imposito
815 683 994 730 pressus
1018 665 1127 712 mihi
1149 677 1300 714 monte
1325 666 1516 716 videbar.

302 742 391 790 Vix
415 754 560 791 tamen
584 742 754 791 exserui
778 741 940 791 sudore
962 742 1143 791 fluentia
1164 742 1307 791 multo

304 819 490 868 Brachia
511 840 520 868 ε
541 820 613 867 vix
637 819 749 868 solvi
773 820 908 868 duros
930 840 952 868 a
976 832 1154 886 pectore
1177 840 1328 869 nexus.

304 899 447 946 Instat
469 897 716 955 anhelanti,
744 898 1041 964 prohibetque
1065 917 1285 946 resumere
1309 898 1423 946 vires
1443 918 1453 956 ;

301 978 361 1024 Et
386 976 549 1024 cervice
572 995 666 1023 mea
690 976 863 1041 potitur
887 996 896 1023 :
923 988 1016 1024 tum
1037 976 1226 1042 denique
1254 975 1384 1023 tellus
1684 991 1729 1024 60

301 1055 458 1102 Pressa
481 1073 596 1117 genu
620 1066 777 1102 nostro
803 1066 896 1111 est,
919 1065 963 1101 et
986 1072 1136 1102 arenas
1161 1072 1235 1101 ore
1259 1052 1492 1101 momordi.

298 1178 421 1217 ganter
434 1198 442 1215 ,
472 1173 568 1204 exuit
592 1172 770 1214 amplexus
785 1196 793 1209 ‚
823 1182 887 1214 pro
910 1181 981 1214 quo

298 1237 379 1258 mox
395 1226 485 1258 solvi
498 1237 521 1258 a
536 1234 670 1267 corpore
685 1233 814 1264 ncxus‚·
831 1221 979 1255 Heroid.

299 1276 391 1311 XIII
409 1303 418 1320 ,
446 1290 481 1310 ια
497 1302 506 1318 ,
522 1278 634 1310 solvor
646 1278 689 1308 ab
705 1277 885 1318 amplexam,-
905 1273 979 1308 Cic.

297 1330 402 1363 Verr.
417 1328 463 1371 V,
478 1329 530 1370 58,
544 1340 662 1363 exuere
671 1340 708 1361 sc
718 1329 857 1371 laqueis.
868 1326 979 1360 Exue-

297 1381 383 1415 bant
394 1388 513 1414 autem
525 1381 700 1425 amplexus
711 1379 814 1413 dorso
824 1385 977 1414 curvato.

297 1451 341 1458 ·-
356 1434 466 1467 Exuit
531 1434 690 1466 adducta.
710 1430 833 1465 Codex
849 1431 979 1475 Regius

296 1486 330 1520 A
345 1512 354 1529 ,
383 1488 512 1520 excutit
523 1511 573 1518 .....
585 1486 755 1526 abducta;
786 1482 909 1517 Codex
925 1482 955 1516 B
967 1509 976 1526 ‚

294 1540 424 1571 excutit
438 1538 596 1570 adducta.
612 1554 656 1560 —
674 1535 837 1569 Adducta
850 1561 857 1574 ‚
882 1534 922 1568 ad
942 1547 978 1570 se

296 1595 416 1623 tracta.
443 1589 542 1633 Saepe
564 1588 693 1622 Noster
716 1586 782 1620 hoc
798 1586 904 1620 verbo
930 1586 979 1620 ita

295 1642 408 1676 utitur
421 1668 430 1683 ‚
451 1648 485 1675 et
502 1640 683 1675 interdum
699 1639 780 1673 satis
793 1638 955 1685 graphice
966 1664 976 1681 ,

296 1695 458 1736 utVIII,
472 1695 534 1733 28;
553 1692 761 1735 Heroid.X,
788 1691 980 1735 104.—Sol-

295 1750 360 1787 m‘t,
373 1745 531 1791 expedit.
550 1744 696 1789 Proprie
716 1745 857 1777 solvitur
870 1755 978 1777 nexus

297 1807 357 1835 aut
373 1799 497 1834 nodus.
516 1800 746 1834 Burmannus
766 1803 888 1830 monet
912 1795 979 1830 So-

294 1853 430 1894 linum,
463 1851 528 1896 Ep.
548 1851 590 1893 24
606 1876 615 1893 ,
635 1848 755 1883 dixisse
771 1874 780 1890 ,
809 1850 980 1892 implicare

294 1912 329 1939 et
341 1907 509 1949 explicare
525 1914 640 1936 nexus.
653 1920 696 1927 —-
712 1903 870 1935 Protinus
883 1912 979 1933 aver-

294 1962 361 2002 tit‚-
378 1970 488 2003 quum
503 1956 636 2002 primus
648 1950 896 1989 Gronovianus
907 1979 916 1995 ‚
929 1965 979 1987 se—

297 2009 434 2044 cundus
461 2008 641 2043 Palatinus
660 2034 669 2051 ,
701 2006 824 2041 tertius
851 2003 978 2038 Medi-

298 2075 380 2096 ceus
398 2088 407 2104 ‚
432 2061 565 2106 primus
596 2059 801 2094 Basiieensis
817 2084 825 2101 ‚
852 2057 976 2101 aliique

259 2138 265 2142 -
297 2113 419 2156 multi,
433 2113 621 2156 praeferant
630 2113 791 2151 aduerat,-
811 2108 977 2143 Heinsius

295 2166 363 2212 legi
378 2165 516 2199 volebat
525 2166 656 2198 Pronus
671 2165 802 2197 humum
815 2189 822 2202 ‚
841 2169 900 2196 aut
913 2163 977 2195 bu-

297 2230 369 2258 mo,
395 2218 559 2258 advena,-
581 2214 673 2260 quod
693 2220 785 2248 recte
803 2212 976 2258 improbat

296 2271 525 2306 Burmannus
536 2294 544 2310 ,
560 2267 639 2313 quia
652 2279 753 2300 versu
771 2266 814 2299 60
830 2265 975 2299 demum

298 2321 462 2366 tellurem
478 2319 606 2365 premit
624 2318 859 2352 Achelous.—
873 2316 975 2362 Regii

295 2373 408 2409 nostri
423 2400 432 2417 ‚
450 2374 608 2407 Protinus
622 2373 750 2404 avertit,
759 2388 803 2395 --
819 2370 854 2403 A
856 2372 953 2403 uertit
962 2396 971 2409 ‚

297 2427 592 2473 comprehensum
608 2438 664 2458 me
679 2423 725 2458 ita
738 2430 842 2466 rotat,
858 2429 897 2456 ut
908 2430 974 2456 ter-

298 2493 382 2526 gum
412 2479 444 2513 ei
474 2478 656 2512 obvertere
683 2488 826 2521 cogerer
845 2501 854 2518 ,
879 2474 974 2519 quod

297 2531 470 2567 Hercules
486 2530 645 2576 protinus
663 2528 787 2570 insilit,
806 2535 839 2563 et
856 2528 902 2562 ita
917 2528 974 2561 in-

295 2583 405 2617 haeret
421 2596 428 2622 ;
446 2595 522 2626 quae
538 2594 591 2616 ars
605 2580 641 2614 in
656 2580 746 2614 lucta
763 2579 864 2614 fuisse
877 2579 974 2614 vide-

294 2642 362 2669 tur.
382 2635 435 2668 Ita
451 2634 703 2678 interpretatur
721 2632 949 2666 Burmannus
962 2657 971 2674 ,

297 2684 356 2730 qui
369 2691 485 2718 tamen
497 2684 676 2718 dubitabat
689 2710 698 2727 ‚
718 2697 760 2718 an
772 2696 846 2717 non
855 2686 977 2718 avertit

296 2749 392 2771 nunc
410 2748 547 2781 quoque
564 2743 653 2770 esset
665 2762 674 2778 ,
699 2735 735 2769 in
753 2736 870 2780 fugam
886 2748 972 2769 ver-

296 2787 350 2832 tit,
362 2794 401 2823 ut
411 2787 534 2833 passim
546 2794 689 2821 avertere
698 2789 819 2821 hostes.
834 2788 866 2819 V
871 2799 971 2819 erum

1046 1167 1079 1202 id
1096 1180 1168 1201 non
1186 1167 1367 1213 patiuntur
1381 1168 1573 1213 sequentia.
1585 1187 1629 1195 -
1642 1169 1726 1204 One—

1045 1233 1142 1254 rosus
1158 1219 1320 1265 praeclare
1343 1219 1386 1254 de
1405 1219 1581 1255 Herculea
1603 1220 1696 1256 mole
1714 1247 1723 1264 ‚

1045 1285 1151 1317 quam
1162 1271 1268 1306 sensit
1284 1271 1354 1318 ipse
1371 1271 1468 1306 Atlas
1483 1297 1492 1315 ,
1510 1284 1613 1307 versu
1628 1273 1702 1318 273.

1089 1326 1141 1358 55.
1163 1325 1284 1358 Gloria
1299 1323 1336 1357 in
1358 1336 1401 1358 eo
1422 1330 1498 1358 erat
1512 1350 1521 1366 ‚
1550 1324 1644 1369 quod
1662 1338 1725 1370 par

1046 1377 1159 1411 suerat
1188 1382 1286 1412 tanto
1317 1377 1414 1411 oneri
1444 1376 1659 1412 sustinendo.
1681 1397 1725 1404 —-

1046 1431 1189 1463 Pressus
1195 1435 1304 1463 monte
1317 1428 1491 1474 proverbii
1501 1429 1651 1474 speciem
1663 1429 1726 1465 ha-

1046 1479 1124 1521 bet;
1144 1479 1217 1514 Cic.
1234 1479 1375 1514 Senect.
1388 1494 1406 1514 2
1419 1506 1429 1525 ,
1446 1492 1531 1514 onus
1539 1481 1725 1527 AEtuagra-

1047 1536 1121 1567 νὶω-
1135 1536 1307 1568 sustinere.

1091 1586 1143 1630 57.
1155 1586 1373 1629 Exseruipro
1386 1585 1517 1617 1'nseru1'
1526 1582 1543 1629 (
1553 1583 1646 1628 quod
1661 1583 1726 1624 ha—
1785 1587 1788 1589 ’

1045 1638 1131 1672 hent
1152 1638 1254 1683 Regii
1276 1636 1414 1683 nostri)
1431 1650 1472 1672 ex
1488 1637 1598 1673 tribus
1615 1637 1724 1674 MSS.

1046 1690 1176 1736 recepit
1194 1689 1361 1724 Heinsius
1373 1716 1383 1733 ‚
1399 1689 1459 1734 qui
1471 1696 1591 1724 tamen
1607 1690 1726 1725 mallet

1045 1747 1193 1783 asserui,
1214 1750 1249 1779 et
1263 1746 1397 1779 tandem
1414 1755 1478 1790 pro
1492 1746 1726 1784 tamem—Su·-

1046 1797 1125 1829 dore
1126 1796 1271 1839 fluentia
1281 1794 1415 1839 poetice
1425 1820 1434 1838 ,
1447 1807 1511 1839 pro
1522 1794 1648 1831 sudore
1660 1795 1725 1830 de-

1046 1845 1190 1881 fluente.
1224 1846 1526 1891 Versussequenti
1558 1846 1724 1883 Heinsius

1045 1897 1185 1943 vulgato
1199 1911 1223 1932 a
1237 1911 1370 1943 corpore
1386 1897 1501 1943 (quod
1516 1897 1619 1934 habet
1637 1899 1722 1935 Nos—

1046 1954 1100 1983 ter
1114 1949 1171 1994 B)
1188 1963 1206 1983 e
1222 1949 1424 1984 melioribus
1439 1949 1547 1984 MSS.
1558 1951 1723 1996 praesere—

1045 2001 1103 2035 bat
1119 2015 1142 2035 a
1152 2009 1302 2045 pectore,
1322 2003 1417 2047 quod
1434 2003 1609 2048 improbat
1627 2003 1721 2039 Schi-

1043 2052 1277 2098 rachius‚quia
1286 2054 1458 2088 Hercules
1467 2053 1602 2089 inhaesit
1612 2062 1720 2101 tergo.

1044 2104 1156 2146 Sane;
1174 2104 1234 2138 sed
1249 2104 1422 2141 inhaerens
1436 2112 1535 2151 tergo
1550 2106 1720 2142 Hercules

1043 2156 1089 2190 ita
1119 2156 1295 2202 ampiexus
1326 2164 1401 2192 erat
1429 2157 1624 2193 Acheloum
1639 2185 1649 2202 ,
1681 2167 1719 2195 ut

1042 2222 1169 2244 manus
1183 2217 1409 2245 necterentur
1423 2210 1459 2244 in
1476 2218 1627 2256 pectore.
1647 2212 1718 2246 Ita-

1043 2275 1110 2308 que
1127 2276 1191 2308 ego
1212 2276 1235 2296 a
1245 2265 1378 2308 pectoPe
1392 2263 1629 2298 revocandum
1644 2277 1717 2309 pu-

1042 2316 1170 2350 tavi.—
1182 2317 1312 2356 Nexus,
1334 2329 1444 2362 quum
1461 2315 1646 2352 luctatores
1663 2316 1717 2352 ad-

1040 2369 1233 2403 versarium
1256 2367 1478 2403 brachiorum
1503 2368 1598 2402 nodo
1622 2382 1716 2404 con-

1040 2423 1226 2467 stringunt.
1259 2421 1375 2458 Etiam
1406 2422 1600 2457 amantium
1632 2436 1715 2458 am·—

1041 2476 1158 2521 plexus
1174 2476 1221 2510 sic
1236 2474 1450 2509 Claudianus
1465 2501 1474 2517 ,
1504 2486 1591 2510 xxxl
1607 2502 1617 2518 ‚
1644 2477 1715 2511 131.

1085 2529 1137 2575 59.
1146 2528 1324 2560 Besumere
1333 2552 1341 2564 ‚
1356 2538 1562 2569 recuperare
1576 2539 1585 2566 ς
1599 2526 1691 2562 VIII
1703 2553 1713 2570 ,

1040 2579 1121 2623 882,
1138 2591 1264 2612 sumere
1279 2581 1385 2620 vires‚·
1404 2577 1458 2612 ΙΙΙ
1475 2590 1514 2611 ex
1529 2578 1632 2613 Pont.
1651 2589 1691 2615 lv
1702 2603 1712 2621 ,

1038 2631 1077 2666 31
1090 2657 1098 2675 ,
1114 2643 1241 2665 sumere
1254 2632 1395 2673 vzgrorem
1408 2640 1420 2670 ⁷⁰
1437 2629 1461 2663 J
1465 2629 1598 2664 ustinus
1609 2655 1618 2673 ,
1635 2628 1688 2664 VI
1701 2655 1712 2672 ‚

1038 2693 1077 2715 1v
1088 2708 1097 2726 ,
1121 2696 1131 2715 1
1148 2708 1157 2724 ,
1175 2693 1334 2715 resumere
1342 2683 1538 2724 potentiam.

1080 2733 1100 2768 6
1106 2747 1119 2767 1
1126 2758 1133 2767 ,
1142 2735 1256 2767 Tellus
1258 2745 1377 2776 pressu
1384 2746 1469 2778 genu
1475 2738 1535 2766 est.
1547 2731 1585 2766 ld
1599 2743 1709 2766 unum

1036 2786 1235 2831 spectabant
1252 2786 1421 2820 luctantes
1438 2811 1446 2828 ,
1464 2792 1504 2820 ut
1518 2784 1604 2821 alter
1618 2784 1710 2824 alteff
