1820 3106
372 208 1079 259 METAMORPHOSEON
1115 210 1251 255 LIB.
1286 211 1433 255 XIV.

1529 209 1618 273 479

183 310 226 358 0
253 309 428 377 quoties
449 306 608 359 habitu
633 305 734 354 duri
757 303 970 353 messoris
992 303 1149 352 aristas

183 387 331 436 Corbe
354 385 485 445 tulit3
508 384 690 451 verique
711 382 798 432 fuit
819 382 1028 431 messoris
1045 369 1218 444 imagol

180 467 402 532 Tempora
423 481 538 531 saepe
563 460 718 525 gerens
741 459 863 510 foeno
887 459 1072 524 religata
1095 459 1263 508 recenti
1279 495 1290 517 ‚

1554 474 1626 519 645

180 544 417 592 Desectum
439 552 615 608 poterat
640 558 820 603 gramen
838 556 1037 587 versasse
1062 536 1215 586 videri.

180 621 304 688 Saepe
326 638 461 668 manu
485 616 694 667 stimulos
717 616 862 680 rigida
884 615 1119 684 portabat,
1143 627 1195 664 ut
1214 613 1340 664 illum

178 693 364 748 Jurares
386 696 529 747 sessos
551 696 686 745 modo
712 695 979 762 disjunxisse
1000 695 1225 762 juvencos.

178 776 307 827 Falce
334 776 437 826 data
459 776 695 825 frondator
717 787 809 824 erat
825 812 837 834 ‚
861 774 1052 841 vitisque
1075 786 1260 842 putator
1280 794 1289 822 ε

177 857 391 906 Induerat
412 855 551 905 scalas
567 893 579 914 ,
604 855 822 904 lecturum
847 873 983 921 poma
999 865 1182 920 putares
1203 873 1213 901 :

1551 870 1622 904 650

178 935 316 985 Miles
340 947 433 984 crat
454 933 601 999 gladio
617 971 629 992 ‚
652 934 850 1000 piscator
870 931 1087 981 arundine
1112 943 1269 980 sumta.

178 1013 387 1081 Denique
410 1032 494 1081 per
516 1011 682 1062 multas
705 1012 876 1061 aditum
900 1010 987 1060 sibi
1009 1029 1122 1077 saepe
1142 1009 1307 1074 figuras

177 1091 422 1160 Repperit‚
444 1103 499 1141 ut
521 1103 698 1159 caperet
720 1102 928 1158 spectatae
955 1089 1117 1152 gaudia
1138 1088 1304 1137 formae.

178 1166 260 1221 Ille
287 1172 418 1225 etiam
439 1171 560 1240 picta
582 1170 817 1220 redimitus
842 1182 1042 1236 tempora
1068 1168 1223 1227 mitra,

178 1250 381 1301 Innitens
402 1250 566 1300 baculo
581 1288 593 1309 ‚
616 1249 778 1317 positis
799 1248 854 1297 ad
877 1259 1076 1314 tempora
1098 1246 1244 1303 canis,

1553 1260 1620 1295 655

179 1328 481 1379 Adsimulavit
503 1348 663 1387 anum,
687 1327 924 1394 cultosque
943 1325 1125 1375 intravit
1148 1325 1196 1373 in
1222 1324 1400 1381 hortos,

180 1407 411 1476 Pomaque
428 1406 586 1457 mirata
606 1419 698 1465 est;
722 1407 962 1473 Tantoque
986 1403 1239 1472 potentior!
1267 1402 1445 1470 inquit,

181 1533 304 1580 quitur
317 1534 414 1571 locus
423 1534 581 1571 classicus
591 1533 635 1569 de
646 1535 863 1576 Vertumno,

180 1600 334 1634 quocum
351 1587 397 1624 cf.
413 1589 574 1634 Propert.
592 1587 646 1624 1V
658 1613 668 1631 ,
686 1602 717 1622 2.
737 1586 863 1632 Quum

179 1639 264 1676 olim
278 1648 368 1677 esset
380 1641 582 1689 symbolum
595 1639 680 1676 anni
694 1639 867 1675 vicissitu-

179 1692 305 1729 din'um
317 1720 328 1738 ‚
339 1701 453 1740 poetae
463 1693 546 1729 inde
558 1693 722 1729 fecerunt
730 1692 864 1736 Deum,

179 1746 240 1791 qui
262 1753 379 1793 posset
402 1747 441 1782 in
460 1758 585 1781 omnes
601 1745 692 1780 verti
707 1744 841 1779 formas
854 1770 864 1788 ,

181 1798 328 1835 undeet
336 1800 558 1834 Vertumnus
575 1798 688 1833 dictus
705 1797 759 1832 sit.
775 1798 868 1832 Pro-

180 1851 314 1897 pertius
327 1878 337 1895 ‚
350 1864 440 1886 vers.
455 1852 496 1895 42
513 1864 522 1886 ι
538 1865 557 1881 α
576 1851 627 1886 At
642 1850 730 1884 mihi
744 1876 754 1894 ‚
770 1848 867 1895 quod

183 1917 201 1933 »
218 1902 352 1938 formas
373 1915 465 1938 unus
481 1903 644 1938 vertebar
662 1902 700 1937 in
722 1915 865 1946 omnes,

185 1970 202 1986 »ι
221 1955 364 1990 Nomen
388 1955 431 1990 ab
457 1962 587 1991 eventu
612 1954 723 2001 patria
747 1954 867 2000 lingua

187 2025 203 2038 υ
221 2009 318 2044 dedit
334 2023 344 2050 ;
358 2024 375 2040 »
393 2016 428 2044 et
439 2022 529 2044 vers.
547 2022 585 2044 21
601 2022 639 2044 ια
653 2007 868 2054 Opportuna

186 2077 204 2092 ν
222 2074 302 2098 mea
316 2068 367 2098 est
381 2062 515 2097 cunctis
531 2069 657 2096 natura
672 2061 811 2107 figuris:
824 2061 866 2095 In

186 2132 204 2147 »
223 2129 483 2163 quamcumque
495 2116 588 2151 voles
597 2122 709 2159 verte,
721 2115 868 2150 decorus

187 2185 204 2201 υ
222 2182 296 2205 ero.
314 2184 333 2200 ι»
357 2171 458 2204 Mille
485 2178 623 2204 ornatus
650 2168 760 2203 varias
788 2169 869 2203 istas

185 2224 315 2270 figuras
332 2230 433 2259 vocat
449 2222 610 2257 Tibullus
622 2249 631 2267 ,
650 2223 703 2258 lv
717 2248 726 2266 ,
746 2232 776 2256 11
787 2248 796 2266 ,
819 2223 870 2266 14.

187 2277 284 2312 Hinc
296 2275 429 2322 pendet
444 2276 540 2310 locus
554 2288 713 2321 sequens.

232 2330 310 2375 643.
324 2331 545 2366 Buriomnes
558 2329 695 2372 rustici,
709 2341 870 2365 messores

190 2383 354 2430 inprimis
369 2409 378 2427 ,
403 2383 484 2428 quia
499 2388 622 2416 aestum
635 2381 734 2416 facile
751 2381 872 2426 perfe-

191 2445 286 2474 runt.
303 2437 439 2473 Laudat
454 2437 683 2471 Burmannus
697 2448 738 2470 ex
750 2435 869 2470 Hora-

191 2490 242 2525 tio
252 2517 262 2534 ‚
283 2489 396 2537 Epod.
409 2491 429 2524 3
438 2517 447 2533 ,
460 2491 546 2523 dura
559 2500 738 2522 messorum
752 2489 872 2521 iliae-

191 2545 309 2588 Imago
338 2547 495 2578 messoris
511 2569 520 2582 ‚
551 2540 671 2575 similis
697 2539 841 2574 messori
861 2552 870 2582 ;

192 2595 414 2642 Propertius,
435 2596 555 2630 Corbis
569 2597 606 2628 in
619 2596 773 2637 imposito
782 2605 873 2637 pon-

190 2651 267 2683 dere
280 2660 409 2683 messor
418 2659 520 2681 eram.

227 2700 304 2744 645.
322 2701 484 2744 Tempora
495 2710 583 2742 soepe
588 2709 706 2742 gerens
712 2703 776 2731 etc.
786 2696 872 2732 Pro-

189 2753 333 2798 pertius,
345 2765 392 2787 vs.
406 2753 466 2786 25:
480 2765 497 2782 «
510 2750 565 2785 Da
578 2750 718 2795 falcem,
730 2756 764 2785 et
776 2756 872 2785 torto

934 1545 953 1563 »
970 1529 1127 1566 frontem
1158 1528 1248 1565 mihi
1277 1530 1473 1576 comprime
1498 1529 1596 1565 foeno
1611 1543 1619 1565 :

934 1599 952 1615 »
970 1584 994 1619 J
999 1583 1113 1618 urabis
1129 1590 1248 1618 nostra
1264 1583 1423 1628 gramina
1437 1590 1530 1618 secta
1547 1597 1622 1618 ma-

934 1651 953 1668 »
970 1650 1032 1671 nu.
1046 1636 1184 1670 »-·—De
1197 1638 1345 1671 stimulet:
1360 1635 1403 1670 ad
1419 1636 1456 1670 Π
1469 1662 1479 1679 ,
1503 1650 1575 1682 127.

976 1690 1053 1738 649.
1068 1690 1260 1725 Frondator
1267 1696 1349 1723 erat.
1362 1689 1467 1723 Unus
1479 1689 1621 1725 Heinsii

933 1748 969 1777 et
979 1755 1071 1777 unus
1079 1741 1426 1786 Basileens.salcalor
1436 1747 1512 1776 erat
1521 1752 1533 1782 ;
1542 1754 1618 1776 non

934 1795 1024 1830 male
1039 1821 1048 1837 ‚
1077 1802 1112 1830 et
1131 1793 1249 1830 Nostri
1268 1793 1411 1839 ingenio
1428 1794 1619 1829 convenire

934 1847 1074 1882 videtur
1083 1847 1252 1892 appositio
1262 1847 1366 1881 Falce
1374 1848 1460 1880 data
1462 1847 1623 1891 falcator

932 1907 1014 1934 crat.
1043 1899 1108 1934 Ed.
1125 1918 1170 1925 —-
1185 1901 1356 1934 Induerat.
1383 1900 1414 1934 Τ
1417 1899 1504 1946 hysii
1532 1900 1621 1934 liber

933 1955 1092 1994 induitur,
1111 1953 1291 1998 graecisrno
1307 1951 1445 1987 usitato.
1460 1955 1623 1990 Induerat

933 2008 1068 2045 scalas,
1090 2004 1274 2040 incedebat
1289 2006 1400 2051 capite
1414 2018 1479 2051 per
1492 2006 1619 2052 gradus

933 2057 1105 2092 scalarum
1122 2056 1266 2092 inserto.

979 2110 1022 2145 65
1030 2125 1040 2145 ι
1048 2137 1056 2145 .
1069 2111 1171 2146 Wles
1177 2116 1251 2145 emt
1257 2111 1384 2154 gladio.
1393 2110 1599 2156 Propertius
1607 2138 1617 2154 ,

934 2178 1023 2200 vers.
1037 2177 1095 2210 27:
1111 2179 1127 2195 «
1143 2164 1255 2199 Arma
1271 2163 1335 2199 tuli
1347 2164 1527 2209 quondam
1541 2191 1551 2207 ,
1563 2171 1598 2199 et
1609 2190 1619 2207 ‚

936 2233 954 2249 ι»
972 2217 1119 2252 memini
1133 2243 1142 2261 ,
1160 2216 1327 2251 laudabar
1342 2217 1379 2250 in
1395 2216 1471 2251 illis.
1482 2230 1499 2245 »

975 2273 1051 2308 653.
1063 2274 1235 2316 spectate.
1248 2271 1407 2316 Quidam
1417 2270 1507 2316 (non
1516 2270 1618 2317 Regii

935 2325 1071 2361 codices
1087 2326 1099 2369 )
1119 2324 1249 2359 habent
1264 2331 1425 2368 sperata-5
1453 2323 1513 2358 sed
1534 2336 1618 2368 spe-

935 2382 1026 2413 clari
1038 2377 1178 2422 proprie
1197 2375 1364 2411 dicuntur
1385 2375 1530 2422 puellae,
1551 2389 1619 2410 ea-

936 2443 1087 2475 rumque
1109 2429 1246 2464 sormae.

980 2485 1057 2527 654.
1072 2484 1173 2518 Picta
1186 2482 1240 2516 vel
1255 2495 1317 2516 acu
1331 2508 1341 2526 ‚
1360 2481 1415 2516 vel
1430 2480 1530 2515 radio
1540 2507 1549 2523 ,
1564 2480 1620 2516 vel

937 2536 1122 2581 variegata.
1132 2553 1176 2562 -
1188 2535 1259 2569 Pro
1275 2538 1375 2570 mitra
1386 2533 1457 2567 duo
1473 2536 1620 2568 vitta.—

937 2591 1002 2625 Ad
1012 2596 1171 2632 tempora.
1188 2587 1360 2622 Nonnulli
1372 2600 1436 2631 per
1448 2593 1618 2633 tempora5

937 2642 998 2679 sed
1015 2642 1166 2676 alterum
1183 2641 1289 2676 etiam
1305 2641 1361 2677 111
1374 2667 1384 2684 ‚
1404 2643 1479 2688 275.

981 2695 1057 2742 657.
1076 2695 1110 2728 Τ
1104 2697 1436 2739 antequepotentt'or5
1449 2694 1550 2730 multi
1562 2707 1620 2740 pe·

938 2750 1036 2783 riliar
1046 2758 1058 2789 ;
1086 2747 1135 2782 ita
1151 2754 1187 2782 et
1204 2746 1315 2782 codex
1331 2746 1462 2796 Regius
1478 2748 1511 2783 A
1526 2761 1535 2790 ;
1557 2745 1619 2782 sed
