1820 3106
257 193 996 242 METAMORPHOSEON
1036 195 1171 238 LIB.
1210 197 1370 240 XIII.

1448 196 1530 252 431

109 293 223 357 Quae
244 302 480 359 postquam
499 287 656 346 rediit,
680 286 814 336 alium
836 307 905 337 me
931 307 1115 355 corpore
1140 300 1235 337 toto
1252 327 1263 346 ,

108 371 177 419 Ac
198 367 366 418 sueram
387 384 532 435 nuper
546 403 558 423 ‚
581 384 662 413 nec
684 365 887 414 eumdem
911 378 1056 415 mente
1071 405 1082 424 ‚
1105 367 1264 434 recepi.

110 449 237 497 Hanc
257 464 339 510 ego
362 457 457 494 tum
478 444 672 511 primum
691 443 875 492 viridem
895 445 1117 508 ferrugine
1141 445 1324 493 barbam
1339 483 1351 503 ‚

1473 462 1540 507 960

111 521 425 590 Caesaiiemque
448 541 589 571 meam
605 560 617 581 ‚
645 541 777 589 quam
800 521 934 585 longa
958 542 1039 589 per
1060 543 1237 590 aequora
1258 543 1385 572 verro
1401 562 1413 582 ,

109 602 404 666 Ingentesque
427 599 660 657 humeros,
688 610 731 647 et
755 597 912 647 caerula
935 599 1113 648 brachia
1134 598 1247 657 vidi,

112 679 338 744 Cruraque
362 676 598 743 pinnigero
621 688 799 725 curvata
818 677 1057 729 novissima
1080 678 1213 745 pisce.

111 754 240 820 Quid
266 766 413 803 tamen
433 754 527 803 haec
551 755 718 821 species
732 793 744 814 ‚
771 755 879 822 quid
902 757 987 804 Dis
1007 755 1226 822 placuisse
1249 756 1430 806 marinis
1446 796 1457 816 ,

110 831 235 896 Quid
253 831 376 897 juvat
399 850 491 880 esse
516 831 662 879 Deum
677 869 689 890 ‚
716 831 753 880 si
777 844 825 880 tu
843 851 934 881 non
957 833 1150 896 tangeris
1173 833 1270 881 istis
1289 834 1307 881 ?
1332 855 1355 875 »

1475 847 1542 894 965

173 908 298 959 Talia
321 909 541 958 dicentem
556 947 566 967 ‚
593 909 816 958 dicturum
838 909 989 977 plura,
1012 910 1194 978 reliquit

111 987 256 1056 Scylla
280 989 427 1038 Deum
449 1009 459 1037 z
485 988 594 1037 furit
617 988 690 1038 ille
707 1028 720 1048 ,
745 989 1029 1056 irritatusque
1046 989 1222 1057 repulsa
1236 1029 1247 1048 ‚

112 1067 379 1132 Prodigiosa
396 1067 511 1134 petit
530 1068 768 1117 Titanidos
791 1068 900 1116 atria
925 1069 1086 1117 Circes.

113 1186 219 1226 Mox,
245 1187 309 1219 ubi
321 1196 415 1219 mens
435 1186 557 1227 rediit,·
575 1183 797 1230 improbante

112 1237 332 1272 Burmanno.
343 1237 416 1272 Pro
426 1239 641 1271 memoranda
653 1234 774 1279 nferre
785 1263 794 1277 ‚

112 1291 215 1326 multi
232 1292 388 1325 miranda
406 1288 537 1335 refirre.
553 1308 598 1315 —-
612 1290 729 1324 Alium
748 1303 799 1324 me

112 1346 225 1388 recepi
236 1342 373 1389 egregie
389 1341 433 1377 ‹le
447 1341 708 1378 transformato.
766 1380 768 1382 v

158 1395 235 1443 960.
254 1396 400 1429 Vt'n‘dem
407 1393 579 1439 ferrugine
590 1396 728 1429 barbam
744 1408 800 1429 re—

113 1445 206 1492 cepit
227 1445 396 1482 Heinsius
411 1458 430 1480 e
450 1446 570 1491 multius
586 1473 598 1490 ‚
613 1458 684 1492 ‘pro
700 1448 802 1482 viridi

103 1498 278 1543 ferrugine
287 1500 425 1534 barbam
441 1511 452 1532 .·
468 1505 504 1533 et
522 1497 618 1532 idem
634 1498 671 1532 in
692 1498 799 1544 prin—

113 1550 205 1596 cipio
216 1563 334 1586 versus
346 1550 444 1585 malit
459 1552 526 1585 bac
541 1563 606 1596 pro
621 1552 720 1585 banc.
739 1552 799 1585 Vi-

114 1602 415 1648 n'demserrugine,
436 1602 621 1638 caeruleam
639 1616 647 1637 z
659 1603 801 1647 ferrugo

116 1661 169 1690 est
184 1654 269 1690 ferri
286 1655 385 1702 politi
399 1662 436 1690 et
447 1655 575 1691 alento
589 1654 702 1690 calore
714 1662 800 1690 tem-

116 1707 227 1754 perati
244 1708 350 1743 color.
376 1707 473 1743 Hinc
499 1708 593 1743 Non.
610 1707 700 1743 XVI
719 1734 729 1751 ‚
759 1722 775 1755 7
789 1735 799 1752 ,

123 1762 206 1796 Vere
211 1761 425 1807 ferrugineus
449 1763 543 1796 color
563 1763 722 1796 ceruleus
740 1768 800 1797 est.

117 1815 303 1848 —Verrere
313 1841 321 1854 ,
337 1821 378 1849 ut
389 1817 546 1850 αἰθύσσειν
557 1840 567 1857 ,
583 1813 627 1848 de
640 1813 800 1848 fluitante

119 1872 221 1900 motu
237 1865 440 1912 capillorum
456 1879 464 1908 ;
492 1864 707 1900 Claudianus
718 1892 727 1909 ,
745 1866 778 1900 X
791 1892 800 1909 ,

125 1921 185 1964 ¹45
200 1946 210 1963 ‚
236 1918 280 1954 de
296 1919 446 1954 Tritone
459 1944 469 1962 ,
487 1921 613 1954 undosi
630 1921 806 1954 verrebant

121 1973 261 2007 brachia
276 1974 395 2007 crines.
408 1972 555 2018 Proprie
568 1975 723 2007 coesaries
734 1984 802 2005 ver-

862 1187 908 1218 rit
916 1196 1048 1228 equora
1059 1211 1066 1224 ,
1085 1182 1145 1218 scd
1159 1182 1191 1218 h.
1203 1182 1226 1217 l.
1237 1197 1336 1228 quam
1350 1196 1459 1225 verro,
1472 1198 1546 1219 ver-

862 1237 976 1272 rendo
991 1237 1092 1272 traho
1103 1264 1112 1280 ,
1122 1250 1184 1280 per
1195 1250 1327 1281 (equora
1339 1249 1350 1279 ,¹
1369 1237 1490 1272 confer
1503 1238 1546 1273 ad

863 1303 911 1324 vs.
922 1291 998 1337 492.
1007 1308 1052 1315 —-
1062 1290 1218 1333 Ingentes
1229 1291 1374 1330 humeri,
1395 1297 1428 1324 et
1442 1291 1546 1333 XIV,

863 1343 884 1377 8
895 1368 905 1386 ,
916 1355 1039 1386 magna
1057 1353 1194 1382 manus,
1213 1341 1292 1386 quia
1306 1341 1375 1386 jam
1390 1342 1488 1376 Deus
1499 1342 1549 1377 sa-

865 1400 940 1427 ctus
954 1407 961 1434 3
977 1393 1080 1438 paulo
1092 1400 1172 1427 ante
1184 1406 1232 1428 vs.
1248 1394 1312 1441 895
1325 1419 1334 1436 ,
1351 1393 1432 1428 Acis
1440 1395 1552 1438 major

862 1445 1206 1490 sactus.—P1·nn1grem
1218 1450 1324 1490 pisce.
1335 1446 1547 1489 Gronovius,

866 1499 952 1535 Obs.
970 1502 1009 1544 I,
1041 1502 1100 1545 18,
1127 1500 1207 1545 legit
1229 1504 1407 1545 pinnigera
1416 1505 1549 1546 przlrte;

866 1552 944 1587 vide
961 1565 1065 1598 supra
1081 1551 1123 1587 ad
1141 1566 1228 1587 vers.
1245 1555 1321 1601 915.

908 1605 1196 1652 968.Prod12;⁷iosa
1212 1609 1323 1648 atria,·
1342 1605 1432 1640 aedes
1445 1619 1550 1640 mon-

867 1664 1021 1692 strorum
1038 1657 1402 1703 plenas—Titanidos
1418 1660 1544 1700 Circes,

866 1709 947 1744 filiae
964 1709 1071 1753 Solis,
1090 1709 1149 1754 qui
1160 1723 1178 1744 e
1194 1710 1364 1745 Titanum
1374 1710 1503 1745 familia
1515 1718 1552 1746 et

867 1775 1019 1797 numero
1037 1770 1120 1798 erat.
1145 1763 1292 1798 Veteres
1311 1763 1451 1808 magicae
1470 1764 1552 1799 artis

872 1815 999 1860 peritas
1015 1827 1139 1849 omnes
1156 1814 1246 1849 Solis
1266 1814 1351 1848 filias
1367 1814 1528 1850 dicebant
1542 1829 1551 1858 ;

868 1865 951 1900 hinc
968 1873 1003 1900 et
1021 1865 1123 1901 Circe
1140 1867 1214 1901 talis
1233 1866 1378 1912 fingitur
1390 1894 1399 1911 ‚
1422 1867 1553 1901 Medea

869 1926 904 1952 et
922 1918 1006 1953 atiae.
1025 1920 1091 1953 Ed.
1109 1938 1153 1945 -—
1169 1918 1225 1954 De
1244 1921 1340 1955 Circe
1357 1919 1434 1955 vide
1452 1920 1552 1966 plura

870 1971 912 2005 ad
936 1972 1037 2015 XIV,
1064 1986 1112 2006 10.
