1820 3106
391 222 1098 271 METAMORPHOSEON
1131 223 1264 266 LIB.
1301 225 1431 268 XII.

195 343 219 364 »
246 319 328 370 Ille
351 319 528 388 quidem
549 317 717 384 majora
738 317 827 366 fide
841 355 855 376 ,
878 317 965 366 Di!
994 316 1157 381 gessit,
1182 328 1227 365 et
1249 317 1404 366 orbem

1542 224 1628 286 347

1564 333 1629 379 545

194 423 219 445 »ι
246 398 453 468 Implevit
473 397 668 456 meritis,
694 396 819 464 quod
841 396 1018 446 mallem
1042 414 1177 464 posse
1199 396 1353 460 negari
1371 415 1383 444 :

195 502 219 524 »
243 479 334 536 Sed
356 496 499 545 neque
518 477 834 544 Deiphobum,
857 494 938 526 nec
958 476 1306 543 Polydamanta,
1329 494 1410 525 nec
1435 476 1585 545 ipsum

195 578 220 600 »
246 556 438 605 Hectora
459 553 692 604 laudamus
713 574 724 603 :
745 553 847 621 quis
868 553 986 603 enim
1007 552 1251 603 laudaverit
1270 553 1484 602 hostem?

196 657 220 678 »
246 632 328 683 Ille
351 645 456 683 tuus
480 633 654 697 genitor
677 632 905 682 Messania
928 632 1092 682 moenia
1117 633 1343 700 quondam

195 735 219 756 ³»
245 712 429 771 Stravit3
454 723 499 760 et
520 711 762 760 immeritas
783 712 920 761 urbes
943 709 1159 778 Elinque,
1182 710 1415 778 Pylonque

1569 725 1636 761 550

193 812 218 834 »
244 789 424 848 Diruit,
446 788 584 856 inque
606 804 729 838 meos
751 789 917 838 ferrum
940 787 1249 854 flammamque
1271 799 1455 856 penates

193 887 217 911 υ
242 864 458 933 Impulit:
482 876 620 932 utque
646 863 756 914 alios
778 877 971 923 taceam,
998 883 1113 932 quos
1133 863 1209 912 ille
1232 864 1449 931 peremit;

194 963 219 986 >›
245 942 324 991 Bis
348 960 424 991 sex
447 940 616 991 Nelidae
637 941 805 990 fuimus
821 979 834 1001 ,
859 953 1099 1009 conspecta
1119 941 1360 1007 juventus:

193 1043 217 1065 >³
243 1021 323 1070 Bis
347 1040 423 1070 sex
446 1020 679 1070 Herculeis
701 1020 978 1079 ceciderunt,
1002 1039 1074 1070 me
1094 1020 1243 1069 minus
1266 1039 1359 1068 uno
1374 1057 1387 1078 ,

193 1123 218 1145 n
245 1100 433 1151 Viribus
457 1119 467 1149 ε
491 1113 624 1168 atque
646 1099 760 1150 alios
782 1100 897 1149 vinci
921 1100 1122 1169 potuisse
1145 1099 1376 1149 serendum
1401 1110 1482 1149 est.
1568 1110 1633 1145 5515

196 1202 220 1224 »
246 1180 366 1229 Mira
385 1179 676 1248 Periclymeni
697 1199 819 1229 mors
843 1192 936 1240 est3
960 1179 1032 1230 cui
1050 1199 1184 1248 posse
1207 1179 1373 1243 figuras

239 1294 314 1337 545.
349 1293 420 1335 Di,
439 1294 494 1328 Di
506 1296 627 1338 magni
641 1300 701 1328 aut
725 1295 806 1328 boni
818 1305 883 1328 so-
949 1290 1125 1327 Gerenios
1133 1291 1520 1337 aberat,velquia·patri
1532 1291 1638 1325 boves

196 1344 324 1380 lemnis
347 1345 551 1381 exclamatio
566 1346 606 1381 iu
620 1345 781 1382 laudibus
797 1359 881 1380 ma·-

195 1409 348 1444 gnorum
367 1398 524 1432 virorum
539 1412 548 1441 ;
564 1397 633 1432 vid.
649 1398 819 1433 Heinsius
836 1397 878 1432 ad

195 1449 346 1486 Heroid.
363 1450 491 1487 XVIII
504 1477 515 1495 ,
539 1465 661 1486 102.—
674 1452 793 1486 Orbem
807 1454 880 1485 im-

187 1505 297 1548 plevit
306 1505 450 1545 merim,
472 1503 592 1539 multis
608 1502 819 1538 facinoribus
835 1502 880 1538 de

192 1553 313 1590 multis
321 1580 332 1599 ,
343 1553 454 1600 iisque
467 1554 746 1601 disiunctissimis
757 1581 766 1599 ,
778 1555 881 1591 terris

192 1605 285 1642 bene
297 1607 446 1642 meritus
456 1615 519 1643 est.

247 1661 323 1708 549.
348 1661 414 1695 Ille
435 1666 514 1696 tuus
535 1663 668 1706 gem’tw
692 1667 757 1696 etc.
781 1660 853 1696 Res
869 1687 880 1705 ‚

193 1725 271 1760 quae
283 1713 340 1748 hic
354 1713 559 1760 attingitur,
578 1726 706 1760 magna
717 1725 801 1749 cum
819 1726 882 1748 va-

191 1765 316 1800 rietate
327 1771 494 1800 narratur
503 1765 545 1800 ab
555 1765 756 1800 auctoribus
767 1781 775 1808 ;
788 1764 881 1801 conf.

193 1817 396 1860 Homerus,
414 1817 455 1852 ll.
468 1823 498 1854 A
509 1844 518 1861 ‚
535 1817 599 1865 691
615 1844 625 1861 ,
639 1817 710 1852 Od.
724 1824 753 1853 A
765 1844 775 1861 ,
793 1818 880 1861 280,

192 1869 311 1914 ibique
328 1868 445 1904 Schol.
465 1869 571 1904 etiam
596 1869 640 1904 ad
660 1869 700 1905 Il.
717 1877 740 1905 B
755 1897 765 1914 ,
792 1870 881 1911 336;

194 1921 378 1965 AElianus,
399 1923 488 1958 Var.
508 1923 600 1957 Hist.
619 1923 697 1967 lv,
723 1926 762 1965 5;
786 1923 884 1958 Pau-

193 1974 329 2019 sanias,
348 1973 454 2009 Eliac.
472 1988 505 2020 p.
523 1975 588 2022 379
603 1981 639 2010 et
655 1975 743 2018 5163
770 1975 885 2021 Apol-

195 2026 363 2070 lodorus,
380 2027 420 2071 Ι,
436 2037 493 2070 1x,
510 2028 882 2076 9;ll,v11‚3;Hy-

197 2081 320 2127 ginus,
343 2079 412 2116 sab.
432 2093 473 2116 ιο
490 2088 526 2117 et
542 2082 581 2117 31
598 2097 607 2124 ς
632 2082 748 2118 Schol.
771 2082 883 2129 Apol-

196 2133 305 2177 lonii,
323 2133 362 2178 I,
385 2134 470 2176 1563
492 2133 720 2170 Philostrates
739 2135 883 2171 Heroic.

197 2187 319 2227 Neleo,
331 2187 503 2233 Pyliorum
514 2187 608 2232 regi,
623 2187 697 2222 nati
713 2194 815 2222 erant
828 2187 883 2222 vel

197 2250 240 2272 ex
251 2237 324 2272 sola
342 2236 487 2272 Cloride
503 2238 640 2282 (Hom.
660 2239 754 2287 Hyg.
771 2240 885 2286 Apol-

197 2288 267 2324 lod.
280 2287 297 2335 )
310 2288 366 2324 vel
381 2302 423 2325 ex
438 2290 598 2335 pluribus
615 2292 779 2327 uxoribus
799 2291 885 2326 duo-

197 2341 314 2377 decim
331 2341 394 2377 filii
408 2368 418 2385 ,
437 2343 475 2376 in
495 2343 621 2388 quibus
637 2345 886 2391 Pen‘clymenus

198 2401 235 2429 et
253 2396 385 2430 Nestor.
402 2394 576 2430 Hercules
590 2395 699 2430 iratus
715 2402 790 2431 erat
802 2397 885 2431 Ne-

200 2446 255 2482 leo
272 2472 283 2491 ‚
301 2446 374 2481 sive
392 2447 489 2492 quod
503 2447 567 2482 sibi
584 2447 762 2495 Geryonis
777 2448 885 2484 boves

199 2499 363 2546 abegerat
375 2525 385 2544 ‚
403 2499 475 2535 sive
499 2499 593 2546 quod
609 2513 646 2535 se
663 2501 800 2547 expiare
818 2514 886 2536 no-

201 2552 316 2588 luerat
325 2579 334 2597 ,
354 2559 541 2599 postquam
553 2565 699 2588 uxorem
713 2561 749 2589 et
760 2554 885 2590 liberos

201 2612 261 2640 aut
277 2604 435 2651 Iphitum
459 2606 611 2641 amicum
632 2605 857 2641 interfecerat
874 2633 884 2651 ,

200 2659 271 2694 sive
295 2658 448 2705 denique
465 2687 476 2705 ‚
503 2667 544 2696 ut
568 2661 645 2696 vult
668 2662 858 2697 Pausanias
874 2689 884 2707 ‚

200 2713 281 2758 quia
296 2724 401 2758 opem
414 2712 542 2749 tulerat
553 2713 659 2749 Eleis.
670 2713 783 2760 Capta
798 2715 886 2750 urbe

201 2764 343 2801 Nestori
364 2766 540 2811 pepercit,
562 2766 616 2803 vel
637 2767 719 2812 quia
744 2767 771 2802 is
792 2766 886 2813 apud

949 1344 1103 1390 abigenti
1137 1351 1198 1379 aut
1226 1344 1463 1390 expiationem
1492 1343 1639 1389 neganti

945 1409 1020 1431 non
1037 1409 1196 1432 assensus
1218 1396 1344 1431 suerat.
1369 1397 1494 1441 Neque
1513 1407 1640 1441 peper-

945 1448 993 1484 cit
1007 1449 1039 1483 ei
1057 1448 1166 1483 modo
1178 1475 1187 1492 ‚
1205 1448 1267 1483 sed
1283 1461 1436 1494 regnum
1452 1447 1558 1482 etiam
1575 1460 1639 1493 pa-

946 1506 1092 1535 ternum
1115 1500 1280 1544 tradidit,
1305 1501 1361 1535 cui
1383 1498 1517 1535 addidit
1535 1499 1638 1534 Mes-

945 1566 1056 1588 senen
1068 1579 1077 1597 ,
1090 1553 1146 1588 vel
1160 1560 1199 1588 ut
1210 1552 1549 1599 praemiumjustitiae
1560 1578 1569 1595 ,
1582 1551 1639 1585 vel

946 1614 987 1641 ut
999 1606 1212 1653 depositum.
1224 1605 1355 1642 Foedus
1366 1605 1461 1641 icisse
1475 1617 1555 1640 cum
1567 1604 1641 1639 Ne-

947 1659 992 1694 lei
1009 1659 1127 1694 liberis
1143 1658 1274 1705 legitur
1290 1658 1383 1705 apud
1401 1657 1614 1694 Pausaniam
1629 1682 1638 1698 ,

947 1712 1104 1747 Messen.
1116 1725 1149 1758 p.
1164 1713 1240 1759 317.
1256 1711 1327 1747 Sed
1341 1710 1540 1747 secundum
1553 1709 1638 1745 Ovi-

948 1764 1049 1799 dium
1061 1792 1070 1809 ,
1086 1777 1161 1799 non
1179 1765 1271 1799 bene
1291 1763 1334 1798 de
1354 1764 1503 1798 Nestore
1522 1762 1639 1797 meri—

949 1823 1005 1852 tus
1017 1824 1069 1852 est
1080 1817 1265 1852 Hercules.
1282 1816 1337 1850 De
1353 1815 1433 1850 filiis
1447 1814 1640 1850 intersectis

948 1871 1125 1906 consentit
1141 1883 1224 1905 cum
1242 1869 1405 1904 Homero
1418 1895 1427 1912 ,
1447 1871 1526 1904 κατὰ
1544 1867 1573 1903 δ’
1589 1872 1641 1903 ἴκ-

950 1930 1035 1959 ταθεν
1051 1926 1137 1959 ὅσσοι
1154 1926 1286 1973 ἄριστοι.
1305 1924 1568 1968 Ρσνιϊζγιηεηωπ
1587 1919 1641 1955 es-

948 1975 1075 2022 sugisse
1088 1975 1195 2011 tradit
1213 1975 1394 2022 Hyginus3
1410 1973 1639 2008 intersectum

950 2040 1034 2062 cum
1052 2041 1125 2063 esse
1144 2034 1304 2075 auctores
1318 2033 1402 2061 sunt
1419 2025 1537 2061 Schol.
1556 2025 1643 2059 Ho-

950 2080 1065 2124 meri,
1082 2079 1321 2126 Apollodorus
1335 2086 1372 2114 et
1383 2078 1528 2113 Tzetzes
1547 2077 1641 2113 Chil'.

951 2134 969 2169 I
979 2160 989 2178 ,
1009 2134 1061 2178 46.
1074 2133 1161 2169 Sine
1175 2132 1283 2168 dubio
1293 2131 1402 2178 sugit,
1417 2138 1452 2167 et
1464 2145 1483 2166 e
1495 2131 1575 2178 suga
1587 2145 1640 2166 re-

951 2186 1076 2223 ductus
1086 2187 1292 2222 interfectus
1304 2194 1366 2222 est.
1379 2186 1460 2221 Hoc
1469 2194 1564 2221 certe
1575 2185 1640 2221 sibi

951 2240 1026 2274 vult
1042 2238 1158 2274 sabula
1171 2266 1180 2284 ,
1198 2230 1310 2285 quam¹
1323 2238 1380 2274 hic
1392 2238 1574 2273 habemus.

997 2296 1072 2329 550.
1084 2295 1226 2334 Stravit,
1243 2293 1548 2337 diruit—Impulit
1561 2305 1642 2338 gra—

951 2347 1028 2383 vius
1037 2347 1187 2382 verbum
1198 2359 1304 2392 quam
1315 2373 1325 2390 ‚
1343 2349 1483 2390 1’ntul1't;
1499 2345 1594 2380 ferro
1607 2351 1650 2379 et*>

952 2399 1033 2446 igne
1049 2399 1198 2434 vastavit
1215 2406 1361 2445 penates
1378 2411 1487 2433 meos.

998 2452 1073 2486 553.
1089 2451 1157 2485 Bis
1172 2463 1234 2485 sex
1256 2452 1387 2485 Nelidae
1408 2456 1474 2485 etc.
1493 2449 1641 2484 Home—

952 2517 1033 2540 rus:
1050 2506 1176 2540 Δώδεκα
1190 2506 1249 2554 γὰρ
1265 2509 1386 2545 Νηλῆας
1402 2504 1553 2548 ἀμύμονες
1566 2505 1642 2542 υἱέες

955 2560 1031 2603 ἦμεν
1043 2583 1052 2601 ,
1081 2562 1153 2592 Τῶν
1180 2562 1239 2595 οἶος
1257 2558 1389 2600 λιπόμην
1403 2582 1412 2597 ,
1447 2559 1477 2592 bl
1505 2554 1534 2591 δ’
1559 2558 1644 2591 ἄλλοι

953 2612 1059 2650 πάντες
1072 2610 1429 2654 &oum—Conspecta,
1439 2610 1640 2656 conspicua,

954 2662 1140 2706 excellens;
1155 2662 1306 2697 Homer.
1319 2662 1429 2697 altero
1440 2662 1531 2707 loco,
1544 2663 1644 2708 ἀγλαὰ

954 2718 1052 2752 τέκνα·
1075 2714 1221 2761 illosque
1239 2716 1370 2751 ἐκάκωσε
1385 2721 1440 2760 βιή
1461 2707 1645 2763 ἑρσαληειή·

1001 2767 1075 2804 556.
1091 2770 1221 2811 Posse‚·
1236 2771 1270 2805 τὲ
1289 2771 1457 2813 δύνασθαι,
1475 2767 1618 2804 facultas
1633 2794 1641 2810 ,
