1820 3106
297 242 385 299 540

667 246 721 288 Ρ.
757 244 993 290 OVIDII
1028 245 1336 294 NASONIS

294 339 527 387 Murmura
549 337 712 404 pinetis
729 338 872 397 fiunt;
895 351 971 388 aut
994 339 1139 406 qualia
1162 340 1322 389 fluctus

295 415 511 481 AEquorei
533 415 699 463 faciunt
713 453 724 473 ‚
750 415 787 464 si
812 416 911 482 quis
936 417 1093 483 procul
1114 418 1260 466 audiat
1281 417 1384 467 illos
1403 436 1414 476 ;
1649 433 1716 468 605

295 492 403 542 Tale
429 505 554 543 sonat
574 492 770 561 populus
792 514 802 542 ε
825 495 901 542 sed
921 514 1001 561 per
1024 495 1205 544 confusa
1228 495 1455 545 frementis

295 570 443 617 Verba
468 581 610 618 tamen
638 568 759 633 vulgi
781 589 865 618 vox
889 571 1051 620 eminet
1073 591 1184 631 una,
1217 594 1240 615 «
1268 574 1384 637 Quis
1406 572 1515 622 ille?
1534 595 1559 617 »

296 649 357 696 Et
380 659 580 712 spectant
599 648 795 706 frontes,
822 648 1118 715 praedictaque
1139 669 1303 699 cornua
1328 662 1542 716 quaerunt.

294 726 469 772 Rursus
488 724 543 771 ad
560 724 645 773 hos
662 724 799 791 Cipus
814 743 824 783 ;
853 747 876 768 «
900 720 1046 789 Quem
1061 726 1242 792 poscitis
1255 764 1268 785 ‚
1291 727 1460 793 inquit,
1475 727 1670 788 habetis,
1688 750 1713 772 »

293 803 379 857 Et,
405 800 548 850 demta
572 802 732 868 capiti,
754 802 927 868 populo
948 803 1215 869 probibente
1230 843 1243 864 ‚
1266 823 1451 865 corona,

1649 822 1718 856 610

292 878 512 927 Exhibuit
534 879 707 942 gemino
726 880 960 946 praesignia
985 892 1182 947 tempora
1205 900 1357 930 cornu.

291 954 518 1003 Demisere
542 955 696 1004 oculos
721 975 896 1014 omnes,
923 957 1221 1024 gemitumque
1245 957 1428 1017 dedere,

289 1031 443 1097 ,Atque
466 1031 577 1080 illud
600 1032 767 1082 meritis
789 1033 952 1082 clarum
979 1034 1114 1100 (quis
1139 1035 1311 1084 credere
1335 1035 1543 1103 possit?)

296 1108 432 1156 Inviti
456 1109 603 1157 videre
626 1121 758 1177 caput
778 1130 788 1159 ε
807 1129 888 1159 nec
909 1111 1081 1161 honore
1101 1131 1243 1162 carere
1353 1123 1356 1126 ’

297 1184 497 1235 Ulterius
522 1187 667 1254 passi,
692 1187 848 1237 festam
871 1189 1118 1257 imposuere
1143 1209 1366 1240 coronam.

1653 1202 1720 1239 615

295 1263 360 1312 At
379 1283 609 1330 proceres,
636 1265 845 1331 quoniam
869 1286 1021 1316 muros
1044 1269 1206 1317 intrare
1229 1268 1414 1328 vereris,

295 1341 434 1389 Ruris
456 1341 666 1391 honorati
691 1354 861 1392 tantum
883 1345 965 1392 tibi
984 1381 996 1404 ‚
1019 1346 1127 1412 Cipe
1141 1383 1153 1403 ‚
1179 1344 1335 1394 dedere
1349 1383 1362 1404 ‚

297 1419 529 1482 Quantum
552 1421 761 1486 depresso
784 1422 996 1486 subjectis
1017 1423 1169 1471 bubus
1191 1435 1336 1472 aratro

299 1495 549 1562 Complecti
572 1517 727 1563 posses
752 1498 807 1546 ad
828 1498 958 1547 finem
981 1499 1089 1547 solis
1113 1500 1168 1549 ab
1195 1511 1294 1547 ortu
1315 1519 1327 1547 ε

303 1573 572 1640 Cornuaque
594 1575 736 1624 aeratis
750 1613 762 1634 ,
786 1576 941 1624 miram
963 1577 1194 1626 referentia
1214 1577 1422 1635 formam,

1657 1593 1725 1626 62⁰

300 1651 516 1700 Postibus
536 1651 796 1718 insculpunt
810 1690 822 1711 ,
843 1651 1032 1716 longum
1051 1673 1254 1733 mansura
1276 1673 1357 1720 per
1381 1671 1531 1702 aevum.

365 1732 466 1778 VII.
493 1730 679 1780 Pandite
701 1750 820 1779 nunc
834 1769 845 1790 ‚
870 1732 1037 1791 Musae,
1070 1732 1304 1799 praesentia
1327 1730 1508 1780 numina
1527 1742 1675 1780 vatum
1692 1769 1705 1790 ‚

302 1861 363 1896 sed
374 1875 440 1897 nec
450 1861 630 1908 vulgatum
642 1862 797 1897 damnat.
809 1864 874 1899 Ed.
882 1863 982 1898 —De

303 1913 485 1949 succinctis
501 1914 579 1949 vide
599 1914 642 1949 ad
660 1915 693 1949 X
707 1940 716 1958 ,
738 1915 810 1949 103.

346 1967 422 2001 610.
439 1969 566 2011 Populo
575 1970 776 2012 prohibente.
793 1967 862 2002 Hic
874 1967 984 2002 haese-

305 2025 390 2051 runt
413 2018 621 2064 interpretes
646 2032 655 2054 :
685 2031 796 2064 quum
822 2019 858 2053 in
886 2018 983 2053 MSS

305 2070 401 2104 nulla
417 2070 460 2104 sit
477 2070 622 2106 varietas
634 2097 644 2115 ‚
663 2072 889 2106 Burmannus
905 2083 986 2105 con-

304 2121 379 2166 jicit
390 2125 515 2166 populo
530 2126 688 2163 mirante,
717 2128 904 2167 spectante,
932 2121 987 2156 vel

306 2174 417 2209 simile
437 2174 567 2220 aliquid
582 2188 590 2216 ;
608 2175 697 2209 male
710 2187 718 2209 :
726 2176 922 2218 prohibente
934 2180 987 2208 est

307 2225 494 2270 prohibere
521 2226 680 2269 volente,
703 2238 831 2271 nempe
850 2226 988 2260 clamo-

307 2277 403 2312 ribus
421 2278 490 2313 suis
507 2304 517 2322 ,
541 2278 652 2312 invito
678 2277 818 2322 populo.
840 2277 988 2312 Nolebat

309 2329 456 2375 populus
484 2337 555 2364 tam
576 2330 709 2365 clarum
729 2330 861 2364 meritis
885 2335 988 2374 caput

308 2393 436 2415 corona
452 2381 590 2427 privari.
603 2382 725 2426 Itaque
745 2394 861 2416 rursus
877 2380 909 2415 ei
924 2384 990 2414 im-

304 2433 569 2478 ponuntseslam
586 2446 753 2467 coronam.
770 2432 877 2468 Plane
892 2432 939 2467 sic
953 2445 990 2467 se

304 2485 633 2530 probibentelegitur
644 2486 691 2528 V,
705 2487 758 2529 45.
775 2483 897 2530 Populi
908 2497 991 2519 sen-

311 2550 368 2572 sus
381 2551 462 2572 mox
474 2538 562 2573 bene
576 2551 754 2584 expressus
766 2565 775 2582 ‚
794 2538 853 2573 sed
872 2538 989 2584 inepte

313 2589 471 2624 additum
483 2617 492 2633 ‚
510 2594 584 2635 quis
599 2592 729 2625 credere
736 2593 850 2635 possit
860 2591 881 2625 ?

356 2641 432 2675 520.
441 2644 760 2686 AErat1ze...post1·bus.
774 2642 831 2676 An
837 2649 868 2676 te
882 2641 990 2676 Hein-

313 2692 405 2728 sium
416 2693 584 2728 edebatur
596 2697 742 2736 aurulis,
756 2693 849 2738 quod
862 2693 991 2727 habent

315 2759 437 2782 omnes
449 2747 526 2783 libri
537 2748 651 2793 scripti
664 2763 673 2794 ;
690 2749 756 2784 hoc
767 2749 915 2785 mutavit
925 2747 993 2783 du-

1047 1870 1123 1899 ctus
1133 1889 1143 1906 ,
1155 1870 1194 1898 ut
1205 1863 1251 1898 ait
1260 1889 1269 1907 ,
1282 1862 1417 1898 ratione
1431 1861 1544 1897 etfide
1553 1861 1704 1898 historie
1714 1884 1726 1903 ,

1049 1928 1156 1961 quam
1177 1915 1282 1950 habes
1309 1915 1347 1949 in
1372 1915 1447 1949 loco
1466 1914 1599 1949 Valerii
1621 1927 1729 1960 quem

1047 1967 1142 2002 infra
1159 1967 1270 2001 refert
1285 1966 1420 2002 doctiss.
1442 1965 1624 2012 Gierigius.
1645 1966 1728 2002 Non

1049 2018 1281 2064 improbanda
1309 2026 1402 2053 certe
1435 2025 1486 2053 est
1517 2017 1729 2053 emendatio.

1051 2072 1117 2104 Ed.
1130 2089 1174 2096 —
1190 2070 1351 2105 Valerius
1364 2095 1374 2113 ‚
1391 2069 1424 2104 d.
1442 2070 1463 2105 l.
1481 2069 1524 2104 de
1539 2068 1606 2104 hoc
1624 2071 1706 2115 Ctpo
1717 2083 1728 2104 .’

1053 2136 1070 2152 «
1092 2121 1222 2167 Capitis
1244 2121 1377 2167 effigies
1395 2134 1492 2156 aereae
1507 2128 1635 2167 portae,
1659 2134 1728 2167 qua

1052 2189 1071 2206 >>
1089 2181 1277 2209 excesserat
1289 2200 1299 2217 ,
1326 2173 1457 2208 inclusa
1471 2181 1543 2217 est,
1568 2173 1728 2218 dictaque

1053 2240 1072 2257 ιι
1090 2224 1316 2267 rauduscula;
1339 2238 1424 2259 nam
1445 2224 1530 2259 olim
1547 2237 1615 2260 aera
1638 2236 1729 2258 rau-

1054 2294 1072 2310 »
1091 2279 1175 2314 dera
1203 2279 1419 2313 dicebantur.
1444 2293 1462 2309 »
1496 2279 1549 2312 M.
1578 2279 1694 2312 Varro
1719 2289 1729 2312 :

1055 2346 1073 2362 «
1092 2330 1232 2365 Deinde
1256 2338 1357 2376 porta
1378 2328 1584 2364 rauduscula
1599 2355 1608 2372 ,
1636 2328 1731 2374 quod

1055 2398 1073 2414 »ι
1093 2391 1195 2419 aerata
1209 2384 1296 2426 suit,
1326 2395 1370 2418 aes
1385 2382 1535 2416 raudum
1551 2381 1694 2416 dictum,
1711 2393 1731 2411 »

1054 2455 1098 2463 —-
1108 2436 1179 2470 Pro
1188 2438 1305 2469 miram
1316 2460 1323 2467 .
1335 2461 1343 2469 .
1355 2433 1515 2478 .formam
1523 2459 1533 2474 ,
1551 2445 1642 2467 unus
1655 2430 1734 2466 Lei-

1055 2487 1170 2522 densis
1196 2487 1300 2520 habet
1324 2498 1433 2519 veram
1456 2492 1519 2520 etc.
1539 2484 1633 2529 quod
1659 2496 1736 2518 non

1056 2539 1203 2573 omnino
1228 2535 1470 2571 damnandum
1493 2542 1611 2570 censet
1632 2535 1735 2569 Bur-

1055 2602 1207 2624 mannus
1220 2614 1229 2632 ,
1247 2589 1312 2623 nisi
1325 2589 1400 2633 quis
1415 2588 1513 2622 malit
1529 2592 1676 2622 veterem.

1099 2642 1267 2686 ὅπα-744.
1291 2643 1508 2685 AEsculapius
1531 2643 1566 2674 in
1589 2640 1738 2673 insulam

1063 2696 1193 2728 Tiberis
1208 2696 1399 2728 arcessitus.
1419 2692 1526 2726 Anno
1542 2691 1618 2725 urb.
1633 2688 1738 2724 cond.

1057 2748 1122 2791 462
1137 2772 1147 2792 ‚
1174 2746 1225 2792 Q
1240 2746 1347 2782 Fabio
1365 2745 1509 2791 Gurgite
1523 2770 1534 2789 ,
1559 2743 1604 2778 D..
1625 2742 1737 2787 Junio
