1820 3106
267 255 354 300 266

631 260 684 302 P.
731 259 963 304 OVIDII
998 261 1300 306 NASONIS

263 353 326 399 Et
345 350 573 419 lacrymis;
600 355 852 421 animasque
878 356 985 405 duas
1009 369 1059 405 ut
1077 369 1218 406 servet
1238 358 1286 405 in
1310 359 1410 406 una.

266 432 468 480 AEacides
487 432 578 491 illi,
608 456 629 476 ι(
655 433 894 500 pulchros,
921 434 1094 497 Regina
1111 472 1122 492 ‚
1147 435 1335 501 piosque

269 530 292 551 »
322 509 442 557 Pone
465 522 608 559 metus
633 531 642 558 :
665 511 796 577 plena
819 524 886 560 est
907 512 1115 579 promissi
1140 513 1280 575 gratia
1301 512 1446 561 vestri.

1619 513 1685 572 δύο

270 609 292 629 »
319 588 418 634 Non
441 586 583 653 placet
607 608 721 636 arma
745 589 853 637 mihi
873 602 1031 638 contra
1054 609 1166 639 nova
1190 602 1388 639 monstra
1411 588 1588 637 moveri.

272 687 292 707 »
321 667 493 714 Numen
521 666 791 715 adorandum
815 668 960 733 pelagi
985 679 1064 716 est.
1093 690 1114 710 n
1139 670 1246 717 Erat
1268 664 1404 716 ardu‘a
1427 667 1559 716 turris
1574 677 1607 726 ,“

270 742 380 790 Arce
404 754 559 808 patens
585 763 776 802 summa3
801 744 928 794 fessis
952 745 1048 794 loca
1075 757 1198 809 grata
1220 744 1391 793 carinis.

265 881 331 914 duo
358 883 535 916 concordes
565 885 680 916 anima
709 886 885 916 monemur
910 886 946 917 ιἰι

268 945 357 975 u11a‚·
376 932 554 976 Tibullus,
574 934 647 977 IV,
667 945 722 975 tv,
743 948 782 969 21
797 961 807 977 ,
829 939 865 968 in
881 949 946 970 uno

273 985 413 1028 Corpore
424 992 555 1021 servato
567 989 896 1022 rest12u1zcseduos.--
901 989 950 1023 Ut

268 1043 380 1069 seruet.
400 1034 566 1081 Optimus
586 1037 776 1073 Thuaneus
796 1046 831 1074 et
856 1053 945 1074 unus

275 1085 388 1120 Vossii
400 1089 729 1136 conservae—Regii
749 1089 895 1126 Codices
912 1097 950 1126 u!

270 1143 384 1172 servet.
512 1175 514 1177 ,

315 1189 391 1237 389.
412 1193 573 1227 AEacides
589 1196 662 1232 illi,
689 1202 753 1230 etc.
777 1196 898 1230 Brevis
915 1202 951 1231 et

273 1241 405 1277 urbana
430 1246 608 1290 responsio
632 1247 738 1282 Pelei.
760 1248 879 1283 Metus
898 1252 956 1292 pii

272 1292 315 1327 de
338 1295 446 1330 salute
475 1298 658 1344 conjugis,
687 1307 768 1334 sunt
787 1303 944 1344 pulchri,

274 1346 403 1391 reginae
418 1347 535 1384 decori
556 1358 638 1384 sunt
659 1359 694 1386 et
714 1352 842 1397 gloriae.
866 1353 952 1387 Mox

275 1395 472 1434 Burmann:
488 1400 638 1442 dubitat,
659 1415 701 1437 an
709 1406 815 1447 plena
823 1410 876 1438 est
888 1411 952 1439 etc.

275 1456 368 1484 recte
393 1452 437 1485 sit
461 1452 594 1488 dictum
621 1468 683 1499 pro
697 1481 706 1498 ‚
736 1455 891 1490 concedo
916 1456 952 1489 in

274 1506 370 1536 tuam
386 1516 446 1537 sen
453 1505 598 1539 tentiam
613 1513 648 1540 et
664 1507 846 1552 obsequor.
859 1507 953 1541 Sane

275 1550 340 1586 hoc
356 1555 461 1589 verba
477 1556 622 1591 minime
641 1556 772 1591 dicunt.
784 1560 892 1592 Plena
903 1564 955 1591 est

277 1605 445 1651 plurima,
463 1610 623 1645 maxima.
640 1611 855 1646 Promissum
872 1624 954 1645 ves-

276 1663 369 1699 trum
383 1686 392 1702 ,
410 1660 566 1696 studium
584 1669 739 1698 vestrum
764 1677 820 1698 me
846 1663 955 1708 adju-

275 1709 380 1744 vandi
404 1713 571 1756 militibus
586 1741 595 1757 ‚
619 1715 811 1760 plurimum
838 1716 955 1762 gratiae

276 1761 391 1797 habet.
408 1766 547 1815 Rlenum
564 1766 610 1813 ita
627 1767 692 1801 dici
705 1794 715 1811 ‚
733 1767 833 1803 docui
847 1768 888 1802 ad
903 1769 954 1810 X,

277 1817 471 1860 290.—-Pro
473 1823 638 1862 promissi
649 1833 738 1855 unus
750 1820 883 1855 Moreti
898 1820 957 1854 ha-

277 1868 517 1916 hemmam&
534 1880 569 1907 et
580 1886 642 1918 pro
652 1877 771 1914 vestri,
791 1873 957 1908 undecim

276 1925 392 1956 nostrl.
419 1923 586 1959 Heinsius
611 1932 794 1960 notaverat
803 1927 963 1968 permis-si

274 1977 388 2016 gratia
404 1979 483 2009 voti.
499 1995 543 2002 --
558 1977 658 2022 Regii
678 1978 788 2012 nostri
799 1980 964 2020 promissi

275 2029 388 2081 qratia
404 2031 528 2071 vestri,·
553 2041 630 2074 quae
644 2029 746 2064 lectio
760 2036 812 2063 est
828 2027 958 2066 defen—

280 2078 396 2115 denda
415 2096 423 2123 ;
445 2095 573 2129 nempe
584 2087 775 2127 pernu'ssie
790 2096 961 2128 compen-

280 2131 338 2166 dio
349 2133 534 2179 scripturae>
543 2135 636 2170 haud
653 2135 758 2170 dubie
773 2135 881 2170 fluxit.
893 2137 960 2170 Ed.

281 2203 324 2210 —
336 2187 554 2230 Nonplacete
563 2187 714 2223 formula
723 2188 871 2222 solemni
879 2200 961 2221 sen-

283 2238 430 2272 tentiam
457 2239 662 2275 dicentium.
678 2259 721 2266 --
742 2242 837 2275 Nova
854 2252 962 2273 mons-

279 2297 342 2331 tra,
363 2290 464 2336 lupus
476 2300 512 2327 et
527 2292 699 2328 inusitatae
712 2291 962 2336 magnitudinis

282 2349 318 2377 et
333 2342 399 2378 diri
414 2343 734 2380 furoris.-Moc›eri.
750 2344 897 2380 Plurimi
913 2344 962 2377 li-

282 2397 336 2431 bri
345 2397 462 2443 scripti
480 2405 515 2432 et
532 2397 693 2432 nonnulli
706 2397 810 2440 editi,
828 2408 962 2430 movere.

285 2469 329 2475 —
342 2450 439 2485 Bene
450 2463 491 2484 ex
501 2451 628 2485 nostris
641 2449 757 2495 Regiis
766 2451 896 2484 moveri.

323 2504 397 2550 392.
407 2501 533 2539 Numen
541 2505 669 2546 pelagi.
679 2501 864 2537 Psamatbe
872 2514 880 2535 ι
889 2500 964 2535 vide

284 2568 425 2590 versum
433 2557 506 2603 398.
513 2574 564 2585 4-
573 2555 623 2590 Ηί
632 2567 751 2590 versus
760 2553 858 2589 valde
870 2566 966 2588 vexa-

284 2615 368 2643 runt
381 2608 503 2644 Heins.
516 2607 820 2643 etBurmannum.
839 2606 965 2651 Quum

286 2666 387 2693 antea
400 2659 575 2706 legeretur
584 2685 593 2701 ‚
608 2659 699 2693 Arce
712 2661 806 2693 locus
819 2669 964 2695 summa,

287 2709 380 2755 quod
396 2723 477 2744 sane
494 2710 577 2744 ferri
595 2709 763 2756 nequibat
775 2716 849 2743 tum
862 2720 970 2754 prop-

286 2770 340 2797 ter
353 2776 514 2807 sensum,
529 2770 604 2797 tum
619 2763 698 2809 quia
708 2776 789 2797 mox
799 2775 869 2807 seq.
880 2765 969 2804 loca‚·

1013 882 1181 918 Heinsius
1192 896 1232 917 ex
1242 882 1384 927 ingenio
1394 880 1602 916 emendabat
1612 879 1689 926 ,fh-

1011 947 1070 970 cus
1081 961 1088 974 ,
1108 941 1143 969 et
1155 934 1316 969 eamdem
1329 940 1491 979 se-postna
1503 932 1689 967 tectionem

1011 986 1047 1020 in
1069 986 1184 1031 primo
1200 986 1372 1020 Vaticano
1391 984 1558 1031 reperisse
1581 983 1690 1019 adfir-

1011 1044 1094 1071 mat.
1110 1036 1329 1082 conjiciebat
1341 1045 1377 1072 et
1381 1038 1511 1081 phams
1521 1035 1628 1071 ductu
1641 1035 1693 1075 al,-

1014 1090 1122 1125 terius
1134 1090 1327 1126 Twisdenii
1336 1117 1344 1133 ‚
1361 1090 1418 1124 ubi
1431 1103 1450 1124 a
1461 1101 1569 1123 manu
1579 1088 1692 1134 prima

1014 1150 1089 1178 erat
1102 1169 1111 1186 ,
1137 1145 1277 1188 phocas.
1307 1143 1525 1188 Quanquam
1554 1147 1693 1187 putaret

1014 1204 1176 1242 praestare
1181 1198 1286 1241 fhcus
1296 1223 1304 1237 ‚
1326 1204 1445 1232 tamen
1465 1209 1538 1230 non
1549 1193 1693 1240 1·εῇἰοίεέ-

1015 1249 1161 1293 batfoci
1174 1250 1228 1285 vel
1233 1250 1584 1296 saces.Burmannus
1598 1254 1692 1282 recte

1016 1301 1152 1336 dubitat
1170 1329 1179 1345 ,
1206 1315 1249 1336 an
1265 1301 1371 1345 focus
1391 1314 1456 1347 pro
1478 1300 1589 1346 pharo
1609 1298 1693 1344 poni

1017 1354 1122 1399 possit
1134 1380 1142 1396 ‚
1153 1353 1211 1388 sed
1223 1353 1297 1388 sine
1307 1365 1408 1388 causa
1419 1351 1550 1386 durum
1560 1350 1592 1385 ei
1602 1348 1694 1384 vide-

1017 1406 1120 1440 batur
1130 1432 1139 1449 ,
1144 1405 1249 1449 focus
1258 1432 1266 1445 ,
1286 1408 1362 1440 Iocd
1369 1410 1468 1449 grata
1474 1405 1612 1439 cae-emit.
1622 1402 1697 1437 lta-

1019 1470 1085 1502 que
1104 1457 1344 1503 ampliandum
1360 1456 1416 1491 hic
1429 1462 1567 1498 censet,
1580 1465 1694 1499 quan-

1019 1521 1124 1553 quam
1142 1509 1213 1553 ipse
1239 1521 1279 1543 ex
1302 1520 1374 1542 uno
1394 1507 1496 1542 Basil.
1521 1504 1695 1551 egregiam

1015 1557 1203 1594 lectionem
1222 1558 1376 1604 profert,
1396 1570 1500 1603 quam
1515 1582 1525 1600 ,
1547 1552 1696 1591 Schira-

1018 1611 1097 1647 chio
1105 1612 1210 1646 etiam
1219 1612 1414 1657 probatam,
1423 1610 1681 1656 amplexussum
1688 1633 1697 1649 ,

1019 1666 1110 1699 Arce
1119 1670 1241 1708 palens
1258 1677 1396 1699 summa.
1414 1663 1562 1698 Lenzius
1581 1667 1696 1695 autem

1020 1718 1159 1763 praesert
1165 1718 1287 1762 focus,
1305 1725 1340 1756 et
1351 1715 1514 1761 iutelligit
1529 1726 1626 1749 aram
1637 1739 1646 1755 ,
1662 1712 1698 1746 in

1021 1782 1087 1814 qua
1113 1776 1230 1805 nautae
1252 1776 1333 1804 vota
1360 1780 1425 1814 pro
1454 1767 1563 1802 salute
1588 1764 1701 1800 solve-

1020 1821 1103 1854 rint.
1115 1821 1186 1855 Sed
1198 1833 1271 1855 non
1287 1828 1374 1865 puto
1386 1845 1395 1862 ‚
1413 1830 1510 1854 aram
1525 1817 1562 1852 in
1577 1822 1699 1858 monte

1021 1879 1115 1907 reete
1120 1873 1238 1916 focum
1250 1871 1379 1906 dici.·-
1388 1869 1490 1916 Regii
1503 1867 1615 1913 nostri
1631 1865 1702 1901 Co-

1022 1925 1114 1960 dices
1132 1937 1210 1959 arce
1226 1926 1321 1959 locus
1338 1935 1469 1958 summa
1484 1933 1493 1956 ε
1511 1927 1546 1956 et
1560 1919 1588 1955 si
1608 1921 1719 1968 locus·

1022 1986 1058 2013 et
1069 1991 1150 2012 mox
1159 1980 1235 2011 loca
1244 1976 1334 2011 male
1346 1979 1609 2016 sonant,tamen
1617 1983 1703 2006 con-

1022 2043 1141 2065 sensus
1156 2028 1331 2064 Codicum
1347 2039 1429 2061 cum
1446 2025 1593 2061 lectione
1611 2021 1705 2057 anti-

1024 2094 1091 2127 qua
1107 2081 1218 2116 mirus
1233 2078 1382 2115 videtur.
1395 2073 1703 2112 Ed.-Cacumina

1024 2134 1201 2168 montium
1223 2132 1334 2177 poetis
1357 2143 1452 2166 arces
1476 2129 1544 2164 dici
1563 2154 1572 2172 ,
1599 2138 1704 2172 supra

1024 2187 1183 2222 vidimus.
1202 2186 1243 2219 In
1259 2182 1440 2219 cacumine
1457 2180 1587 2216 montis
1598 2179 1704 2224 igitur

1025 2245 1104 2275 erat
1115 2240 1224 2273 ardua
1244 2239 1364 2276 turres,
1387 2234 1515 2280 pharus
1531 2259 1540 2276 ‚
1561 2238 1698 2277 patens,

1026 2303 1102 2336 quae
1118 2290 1220 2335 longe
1244 2289 1380 2332 lateque
1404 2283 1680 2330 conspiciebatur
1693 2306 1703 2324 ,
1743 2309 1746 2311 Α

1026 2356 1097 2388 quo
1116 2355 1219 2377 sensu
1243 2341 1422 2386 eleganter
1435 2343 1559 2381 patere.
1583 2334 1705 2378 anue

1018 2397 1132 2432 turris
1143 2394 1375 2438 nautisfessis
1387 2418 1395 2431 ,
1411 2388 1640 2425 diuturnitate
1649 2387 1708 2421 iti-

1019 2449 1121 2488 ‘neris
1136 2452 1454 2492 tempestatumque
1470 2440 1598 2476 soevitia
1611 2438 1710 2473 defa-

1028 2500 1141 2546 tigatis
1154 2526 1163 2542 ‚
1182 2502 1275 2533 locus
1286 2502 1411 2542 gr'atus.
1427 2493 1502 2529 Nisi
1516 2492 1622 2539 igitur
1637 2490 1709 2534 haec

1028 2552 1131 2588 lectio
1151 2549 1304 2596 profecta
1327 2550 1378 2583 est
1401 2546 1443 2581 ab
1462 2545 1537 2590 ipso
1557 2541 1686 2578 ovidio
1700 2567 1709 2583 ,

1029 2613 1123 2641 certe
1133 2617 1176 2639 eo
1185 2616 1258 2638 non
1269 2601 1409 2646 indigna
1417 2594 1708 2633 videtur.Ca1-inae

1029 2657 1110 2702 ipsae
1133 2669 1152 2690 e
1175 2652 1374 2699 longinquis
1398 2649 1500 2685 terris
1522 2646 1709 2682 redeuntes

1031 2709 1135 2743 etiam
1149 2707 1215 2748 Vl,
1231 2703 1417 2752 519‚sessoe
1427 2705 1607 2740 vocantur,
1619 2702 1657 2730 ut
1672 2695 1706 2733 1,

1034 2760 1095 2795 582
1111 2785 1118 2802 ‚
1135 2757 1240 2803 sessa·
1261 2757 1423 2790 erroribus
1445 2753 1547 2786 unda‘.
