1820 3106
283 220 1013 271 METAMORPHOSEON
1054 224 1187 268 LIB.
1226 226 1318 268 ix.
1440 225 1514 296 141

106 321 201 369 Aut
222 319 462 378 stetit,.aut
482 317 575 366 visa
596 327 664 366 est
682 337 692 364 :
712 317 884 364 inerant
906 315 1075 365 lunaria
1097 316 1235 364 fronti

109 398 285 447 Cornua
298 434 312 455 ‚
334 414 433 451 cum
454 394 589 462 spicis
610 393 756 442 nitido
779 393 1042 442 flaventibus
1066 413 1171 442 auro
1186 430 1199 452 ‚

107 477 168 525 Et
187 473 330 538 regale
353 473 484 523 decus
507 493 517 522 ι
538 491 640 521 cum
661 492 748 538 qua
770 471 953 521 latrator
974 472 1150 521 Anubis
1165 509 1177 530 ‚
1208 526 1213 531 ,

111 553 355 618 Sanctaque
373 551 586 601 Bubastis
600 589 611 610 ,
635 551 870 616 variusque
895 549 1123 598 coloribus
1146 549 1286 615 Apis;

1463 563 1529 608 690

110 630 470 697 Quique‘premit
491 648 663 688 vocem,
690 628 921 695 digitoque
944 626 1117 676 silentia
1141 626 1322 682 suadet3

109 708 335 775 Sistraque
354 719 500 766 erant,
525 725 839 774 nunquamque
863 706 968 754 satis
993 705 1202 771 quaesitus
1227 703 1396 762 Osiris,

107 783 331 853 Plenaque
356 785 582 835 somniferi
604 803 782 853 serpens
804 783 1035 851 peregrina
1058 782 1225 832 veneni.
1258 823 1271 838 ,.

109 919 241 942 suorum
254 919 266 951 ,¹
289 914 324 942 et
342 906 491 953 margini
505 906 706 942 inscribitur
719 919 787 940 sa-

108 972 247 994 crorum.
256 977 300 986 .-
309 961 447 994 Inerant
450 958 581 1003 fronti,
596 959 736 1006 gerebat
748 959 786 992 in

109 1010 236 1046 fronte.
254 1010 400 1046 Cornua
413 1037 422 1054 ,
441 1023 518 1056 quae
530 1024 581 1056 pr.
597 1011 645 1046 sic
661 1009 788 1057 dicun-

111 1069 189 1107 tur,
213 1063 341 1098 rectius
356 1061 447 1098 dicas
459 1065 570 1097 inesse
578 1062 700 1107 fronti.
718 1061 787 1095 Vix

112 1121 230 1150 autem
239 1114 386 1150 dubium
396 1121 448 1150 est
456 1140 465 1158 ,
477 1113 608 1149 Isidem
618 1114 718 1148 fuisse
730 1126 789 1148 re-

113 1165 231 1212 ginam
244 1193 254 1211 ,
271 1180 350 1213 quae
370 1180 450 1202 cum
474 1166 615 1202 Osiride
639 1167 788 1212 conjuge

114 1231 239 1265 agrum
256 1218 370 1255 colere
391 1231 471 1254 suos
488 1218 668 1261 docuerit;
684 1219 790 1253 Diod.

115 1271 184 1307 Sic.
201 1273 219 1308 I
231 1299 242 1317 ,
258 1281 300 1318 p.
324 1286 373 1319 ¹7·
394 1273 490 1308 Hinc
509 1276 612 1317 spica·
625 1274 791 1318 flaventes

113 1337 214 1366 auro,
232 1336 356 1361 aureae.
373 1325 579 1360 Tertullian.
595 1324 638 1359 de
657 1323 790 1359 Coron.

114 1389 188 1422 cap.
207 1389 247 1423 7,
264 1383 386 1412 auctor
399 1385 452 1413 est
461 1404 475 1421 ,,
494 1377 622 1412 Isidem
641 1375 792 1423 primam

116 1435 271 1475 repertas
285 1429 392 1476 spicas
406 1430 516 1476 capite
533 1429 791 1465 circumtulisse.

158 1481 235 1530 689.
244 1483 491 1526 Regaledecus,
503 1481 664 1516 diadema
673 1508 683 1525 ‚
697 1481 792 1527 quod

116 1533 222 1568 etiam
233 1545 252 1568 a
263 1532 364 1569 Gurt.
377 1532 426 1578 V,
438 1544 510 1568 v111
518 1560 528 1578 ,
544 1534 583 1568 13
593 1560 603 1577 ,
621 1535 722 1569 decus
733 1547 793 1568 ca-

109 1590 195 1632 pm}
204 1594 366 1629 vocatum
386 1586 569 1623 Claudian.
585 1587 695 1622 Laud.
713 1587 793 1623 Sti-—

115 1639 194 1676 lich.
210 1640 247 1686 Ι,
270 1655 286 1688 7
297 1667 308 1686 ,
324 1643 462 1676 victoris
474 1643 592 1682 decus,
611 1640 740 1676 laurea.
750 1659 794 1667 -

117 1692 162 1727 In
176 1704 302 1738 pompa
316 1706 362 1729 sc.
382 1692 549 1729 comitatu
566 1700 641 1728 erat
661 1694 795 1728 Anubis

116 1746 269 1787 latrator,
284 1744 319 1780 id
330 1751 404 1790 est,
421 1745 524 1780 canis.
542 1745 703 1791 Propert.
715 1745 793 1793 111,

119 1809 158 1832 lx
176 1824 186 1843 ,
215 1799 255 1842 4¹
275 1824 285 1842 ,
312 1801 443 1833 latrans
471 1799 614 1832 Anubis.
647 1797 796 1833 Osiridis

118 1849 231 1885 filium
243 1877 254 1895 ‚
271 1857 370 1885 metu
381 1849 564 1898 Typhonis
581 1850 773 1895 expositum
784 1876 794 1894 ,

119 1901 252 1950 reperit
280 1902 373 1938 canis
391 1928 401 1946 ,
429 1914 535 1948 quem
563 1901 617 1935 ille
643 1900 770 1936 deinde
784 1927 792 1942 ‚

122 1955 282 1990 Anubim
305 1954 437 1990 dictum
451 1980 461 1998 ,
485 1952 652 1988 comitem
674 1952 736 1987 sibi
762 1958 797 1986 et

122 2008 304 2045 custodem
318 2008 400 2043 fecit
410 2013 619 2054 perpetuum
633 2020 641 2048 ;
658 2005 798 2040 Plutar-

123 2061 228 2106 chus,
249 2060 282 2096 d.
297 2061 318 2096 l.
332 2074 365 2107 p.
378 2062 451 2106 407.
469 2059 540 2094 Alii
556 2058 667 2093 fllium
683 2058 797 2103 ipsum

124 2127 206 2150 cum
215 2114 300 2150 facie
310 2113 434 2150 canina
447 2113 548 2148 fuisse
562 2111 715 2146 tradunt.
728 2111 799 2145 Alii

124 2179 245 2202 rursus
267 2166 488 2201 Mercurium
505 2166 547 2200 ab
563 2164 736 2212 AEgyptiis
751 2163 800 2198 sic

124 2218 315 2253 formatum
326 2224 362 2252 et
370 2216 501 2252 dictum
511 2217 721 2252 existimant:
732 2215 798 2251 vid.

126 2272 318 2318 Jablonsky
326 2270 453 2306 Panth.
466 2270 514 2313 V,
536 2285 562 2306 1.
582 2269 674 2304 Cum
688 2269 798 2315 capite

125 2323 253 2359 canino
262 2323 400 2358 Anubis
409 2322 564 2358 cernitur
574 2335 614 2356 ex
623 2335 799 2356 marmore

126 2389 303 2423 expressus
332 2374 423 2421 apud
454 2373 625 2409 Boissard.
655 2374 800 2419 Antiqu.

127 2430 234 2465 Rom.
250 2429 292 2464 P.
307 2427 328 2462 6
339 2455 349 2473 ,
365 2441 398 2474 p.
415 2428 466 2474 78.
476 2427 688 2461 —Bubastis
700 2426 801 2461 cole—

126 2483 230 2517 batur
249 2482 286 2516 in
306 2480 392 2516 urbe
417 2479 570 2514 Bubasto
584 2504 594 2522 ,
619 2485 654 2512 et
678 2478 801 2513 eadem

128 2546 210 2570 cum
225 2532 341 2568 Diana
353 2533 456 2567 fuisse
474 2545 492 2566 a
509 2531 626 2566 multis
640 2530 804 2575 perhibe-

131 2587 350 2629 tur.-Ap1's,
368 2585 430 2619 bos
446 2583 614 2619 candidus
629 2595 710 2617 cum
727 2595 804 2618 ma-

130 2637 214 2673 culis
222 2637 341 2684 nigris,
352 2636 531 2672 Osiridem
542 2637 695 2670 reserens
706 2649 714 2676 ;
724 2635 803 2670 Plu-

134 2688 270 2725 tarchus
279 2715 288 2732 ,
299 2688 333 2723 d.
346 2689 366 2723 Ι.
377 2702 409 2735 p.
421 2691 483 2733 452
496 2703 504 2729 ;
519 2688 627 2723 Solin.
637 2700 710 2732 cap.
725 2687 801 2731 ¹343

138 2741 311 2778 Ammian.
338 2741 448 2777 Marc.
475 2740 582 2778 XXII
596 2766 605 2785 ,
636 2742 673 2783 14
693 2753 701 2775 :
722 2737 805 2774 hinc

852 907 967 939 varius
981 905 1148 938 coloribus
1160 929 1168 943 ,
1187 901 1391 943 versicolor;
1416 904 1530 936 varius

852 957 958 992 etiam
974 955 1176 1001 simpliciter
1187 955 1234 990 ita
1248 954 1411 1000 ponitur;
1430 953 1531 988 Clau-

853 1011 976 1046 dianus
989 1036 998 1054 ,
1026 1010 1069 1044 R.
1087 1010 1127 1044 P.
1145 1009 1181 1043 II
1196 1035 1205 1053 ,
1224 1008 1328 1043 Praes.
1346 1021 1386 1053 27
1401 1034 1409 1051 ,
1434 1010 1533 1041 varia

851 1067 958 1108 tigris.

897 1116 972 1162 691.
988 1115 1115 1158 Quique
1123 1114 1246 1157 premit
1255 1117 1319 1145 etc.
1332 1111 1535 1156 Harpocra-

854 1174 905 1202 tes
917 1193 926 1211 ,
941 1165 1040 1201 Isidis
1050 1165 1140 1199 filius
1151 1191 1160 1208 ,
1178 1164 1237 1210 qui
1249 1163 1432 1197 meliorem
1441 1162 1534 1197 Deo-

854 1231 935 1253 rum
952 1217 1115 1252 notitiam
1132 1216 1202 1251 suis
1217 1214 1427 1259 tradiderat,
1447 1214 1536 1260 pin-

856 1272 1001 1319 gebatur
1027 1284 1107 1305 cum
1137 1270 1244 1316 digito
1271 1269 1323 1303 ori
1344 1269 1510 1315 imposito
1523 1296 1534 1313 ,

857 1324 950 1370 quod
967 1330 1042 1358 erat
1060 1320 1303 1357 taciturnitatis
1324 1320 1534 1367 symbolum.

856 1378 897 1412 In
922 1376 1025 1411 sacris
1051 1375 1127 1420 ejus
1150 1373 1364 1409 clamabatur
1381 1400 1390 1417 ,
1413 1378 1536 1418 γλῶσσα

855 1434 933 1475 τύχη
948 1455 957 1473 ,
984 1434 1109 1474 γλῶσσα
1133 1431 1253 1472 δαίμων
1271 1441 1279 1468 ;
1304 1425 1511 1461 Plutarchus
1525 1453 1534 1469 ,

855 1482 887 1519 d.
906 1483 927 1517 l.
942 1496 974 1528 p.
987 1482 1253 1526 488.—-S1‘strum
1264 1507 1272 1520 ,
1286 1479 1536 1525 crepitaculum

855 1547 995 1571 aeneum
1017 1540 1051 1568 et
1075 1532 1269 1568 rotundum
1284 1558 1293 1575 ,
1313 1533 1369 1567 ἐπὶ
1390 1539 1442 1568 τοῦ
1464 1538 1537 1568 σεί-

857 1596 944 1624 εσθαι
955 1614 964 1631 ,
983 1600 1002 1621 a
1018 1584 1253 1621 concutiendo
1269 1584 1316 1619 sic
1333 1584 1477 1618 dietum.
1494 1585 1536 1619 In

855 1641 1035 1687 superiore
1045 1647 1143 1686 parte
1153 1638 1284 1684 sculpta
1293 1645 1366 1673 erat
1374 1638 1448 1673 selis
1456 1652 1537 1673 cum

855 1696 941 1731 facie
951 1696 1105 1731 humana
1116 1722 1125 1740 ,
1137 1696 1173 1730 in
1186 1694 1351 1730 inferiore
1362 1695 1433 1730 Isis.
1444 1695 1538 1730 Usus

858 1749 933 1794 ejus
958 1756 1033 1784 erat
1056 1748 1091 1782 in
1117 1747 1219 1783 sacris
1245 1746 1367 1790 Isidis,
1391 1747 1536 1792 ejusque

857 1801 973 1836 sonitu
994 1800 1149 1847 Typhon
1174 1798 1299 1834 terreri
1321 1797 1538 1834 credebatur.

859 1852 1089 1895 Plutarchus,
1116 1866 1148 1897 p.
1174 1852 1248 1895 488.
1273 1850 1440 1885 Formam
1463 1851 1538 1896 ejus

859 1917 1055 1950 expressam
1071 1903 1166 1937 vides
1182 1903 1218 1936 in
1234 1902 1388 1952 Lipperti
1401 1902 1537 1950 Dactyl.

859 1955 877 1990 I
888 1982 896 1999 ,
912 1956 1183 2000 Sym—Osiridis
1198 1966 1323 1999 corpus
1334 1966 1353 1988 a
1364 1953 1538 2001 Typhone

859 2008 897 2043 in
915 2007 1180 2053 quatuordecim
1196 2013 1310 2052 partes
1327 2005 1543 2053 discerptum

860 2061 974 2095 suerat
984 2087 993 2103 ,
1012 2067 1113 2105 atque
1128 2058 1321 2104 disjectum.
1333 2058 1410 2099 Illas
1425 2068 1540 2105 partes

861 2112 1019 2157 undique
1042 2111 1250 2157 conquisitas
1267 2112 1462 2156 composuit
1479 2112 1541 2147 Isis

862 2176 904 2198 eo
917 2164 987 2209 ipse
1001 2163 1076 2197 loco
1090 2189 1099 2206 ,
1118 2174 1187 2208 quo
1203 2175 1377 2207 quamque
1393 2163 1542 2197 invene-

862 2224 926 2252 rat.
945 2216 1172 2259 Plutarchus,
1194 2230 1227 2261 p.
1244 2217 1319 2259 411.
1337 2217 1378 2250 In
1398 2217 1473 2261 ejus
1491 2217 1542 2251 rei

863 2269 1073 2304 memoriam
1092 2281 1187 2303 sacra
1208 2268 1365 2302 instituta
1377 2294 1386 2311 ,
1409 2268 1445 2302 in
1463 2270 1542 2314 qui-

864 2322 928 2356 bus
944 2321 1139 2356 sacerdotes
1149 2333 1229 2355 cum
1241 2320 1326 2355 fletu
1339 2321 1542 2365 quaerebant

865 2373 1045 2410 Osiridem
1058 2400 1067 2417 ,
1086 2386 1166 2408 mox
1179 2385 1260 2408 cum
1271 2380 1375 2407 cantu
1389 2372 1542 2406 redeun-

866 2433 916 2461 tes
931 2439 966 2460 se
985 2425 1157 2460 invenisse
1174 2437 1256 2458 eum
1274 2423 1442 2458 dicebant.
1462 2425 1543 2459 Mi-

864 2478 987 2513 nucius
999 2478 1095 2513 Felix
1107 2503 1116 2520 ,
1130 2477 1218 2511 XXI
1229 2502 1238 2520 ,
1254 2490 1270 2522 7
1282 2489 1344 2520 sqq
1363 2476 1445 2511 hinc
1456 2490 1543 2511 nua-

865 2543 1027 2575 quamque
1041 2537 1105 2563 etc.

909 2582 985 2629 693.
1000 2580 1180 2624 Somm'fi’ri
1178 2582 1281 2624 plena
1292 2584 1428 2623 venuti,-
1442 2581 1544 2627 Regii

867 2633 977 2668 nostri
991 2632 1138 2667 Codices
1149 2632 1337 2677 somniferis
1348 2659 1356 2666 .
1367 2661 1373 2666 .
1383 2660 1390 2668 .
1399 2637 1542 2668 venenis.

867 2687 1030 2732 —Hujus
1040 2699 1178 2720 veneno
1188 2687 1288 2732 sopiti
1300 2686 1459 2722 homines
1471 2700 1545 2721 mo-

869 2741 1018 2775 riuntur.
1038 2740 1150 2776 Testis
1167 2747 1217 2775 est
1235 2739 1420 2787 Cleopatra
1433 2768 1444 2787 ,
1469 2754 1546 2787 quae
