1820 3106
447 200 1149 247 METAMORPHOSEON
1178 203 1312 248 LIB.
1346 204 1457 250 XV.

246 298 458 347 Immutat
480 295 644 344 formas
658 333 671 353 ‚
693 293 940 362 tellusque,
963 306 1008 344 et
1032 294 1251 362 quidquid
1274 296 1322 345 in
1346 296 1421 346 illa
1446 311 1524 348 est.

1587 208 1671 252 531

1611 316 1679 362 455

246 377 344 425 Nos
368 392 547 442 quoque
570 391 672 441 pars
697 373 852 422 mundi
869 411 882 432 ‚
907 374 1151 440 (quoniam
1171 393 1267 422 non
1291 394 1481 442 corpora
1502 376 1646 427 solum
1665 418 1677 441 ,

248 455 414 503 Verum
437 452 568 502 etiam
591 450 792 502 volucres
813 451 971 501 animae
993 471 1174 511 sumus,
1197 453 1334 520 inque
1355 454 1517 504 ferinas

248 533 492 582 Possumus
515 531 580 579 ire
600 530 779 590 domos,
802 530 1114 598 pecudumque
1137 531 1185 579 in
1208 544 1392 599 pectora
1414 533 1608 596 condi3)

247 609 476 675 Corpora,
502 626 600 674 quae
620 607 801 675 possint
824 607 992 656 animas
1016 607 1229 657 habuisse
1249 622 1482 676 parentum
1496 649 1509 671 ,

231 687 342 736 -Aut
366 686 551 735 flatrum
565 725 578 746 ‚
603 698 680 735 aut
701 684 851 754 aliquo
871 685 1128 752 junctorum
1147 687 1312 737 soedere
1333 689 1468 755 nobis
1484 727 1497 749 ‚

1616 704 1682 750 460

248 767 345 815 Aut
366 765 602 814 hominum
623 776 740 813 certe
753 802 765 824 ‚
792 775 890 814 tuta
909 783 1004 814 esse
1026 776 1071 813 et
1094 765 1284 815 honesta
1309 766 1535 818 sinamus:

248 844 367 892 Neve
389 842 625 910 Thyesteis
640 841 919 891 cumulemur
938 843 1107 891 viscera
1129 843 1294 893 mensis
1307 881 1319 902 ‚

250 922 400 986 Quam
421 920 532 972 male
555 921 831 980 consuescit3
860 940 993 988 quam
1015 940 1061 971 se
1086 933 1216 988 parat
1233 921 1308 971 ille
1328 924 1477 972 cruori

249 999 422 1066 Impius
443 999 639 1048 humano
655 1037 667 1058 ‚
691 998 820 1047 vituli
842 999 919 1066 qui
942 1011 1125 1063 guttura
1145 998 1290 1048 cultro

252 1075 469 1144 Rumpit,
495 1087 541 1125 et
560 1075 767 1126 immotas
792 1075 961 1142 praebet
983 1074 1232 1138 mugitibus
1254 1079 1405 1126 aures!

1611 1093 1687 1139 405

252 1154 349 1202 Aut
371 1152 450 1220 qui
473 1152 647 1216 vagitus
666 1151 832 1201 similes
854 1150 1104 1219 puerilibus
1130 1152 1314 1202 hoedum

254 1232 474 1282 Edentem
493 1231 695 1298 jugulare
720 1243 873 1299 potest
893 1252 903 1280 :
927 1243 1008 1280 aut
1027 1230 1130 1281 alite
1154 1232 1298 1291 vesci,

254 1311 344 1360 Cui
365 1310 489 1359 dedit
508 1311 605 1378 ipse
626 1309 751 1359 cibos
769 1311 780 1358 Ξ
807 1321 1025 1377 quantum
1047 1322 1115 1359 est
1130 1349 1142 1370 ,
1167 1310 1292 1377 quod
1313 1310 1429 1360 desit
1451 1311 1499 1361 in
1522 1313 1621 1362 istis

254 1390 330 1440 Ad
350 1388 534 1458 plenum
557 1388 755 1437 facinus!
780 1407 871 1455 quo
896 1387 1110 1437 transitus
1131 1388 1236 1437 inde
1258 1392 1466 1455 paratur!

254 1471 351 1520 Bos
373 1482 488 1529 aret,
513 1480 591 1518 aut
613 1479 802 1517 mortem
825 1467 1082 1516 senioribus
1106 1468 1298 1535 imputet
1318 1469 1445 1519 annis
1465 1490 1476 1520 :

1629 1486 1697 1534 470

256 1549 543 1600 Horriferum
567 1559 723 1597 contra
743 1548 918 1599 Borean
941 1547 1037 1595 ovis
1062 1566 1180 1596 arma
1205 1547 1427 1598 ministret
1446 1571 1458 1599 ε

255 1629 408 1679 Ubera
431 1628 540 1677 dent
563 1639 723 1676 saturae
744 1627 954 1676 manibus
978 1627 1219 1694 pressanda
1243 1627 1432 1695 capellae.

256 1704 390 1758 Retia
413 1713 516 1756 cum
537 1706 706 1774 pedicis
721 1743 733 1764 ‚
756 1704 1030 1772 laqueosque
1052 1707 1258 1772 artesque
1280 1706 1457 1762 dolosas

253 1784 426 1834 Tollite
447 1806 456 1833 :
477 1803 559 1839 nec
580 1783 805 1832 volucrem
829 1783 991 1832 viscata
1014 1782 1152 1832 fallite
1177 1783 1300 1847 virga
1318 1804 1330 1833 τ

258 1866 354 1913 Nec
370 1862 629 1918 formidatis,
641 1881 796 1911 cervos
817 1861 1031 1910 includite
1050 1861 1202 1928 pinnis
1223 1881 1233 1910 :

264 1998 326 2041 541
339 2022 349 2040 ,
357 1994 445 2031 dese
455 1994 498 2030 ad
506 2002 639 2030 metam
647 1993 817 2029 tendente
829 2006 837 2028 z
850 2008 866 2023 α
877 1993 949 2029 Sed

264 2063 283 2080 »ο
300 2061 366 2084 nos
380 2048 596 2084 immensum
607 2045 724 2092 spatiis
733 2046 950 2082 confecimus

264 2116 284 2134 >n
301 2113 438 2147 aequor:
453 2100 500 2136 Et
512 2100 583 2144 iam
596 2105 736 2145 tempus
750 2111 881 2144 equum
893 2098 952 2133 fu-

265 2169 285 2185 »
302 2153 436 2189 mantia
444 2151 578 2188 solvere
590 2150 686 2186 colla.
700 2166 717 2182 n
728 2152 950 2191 -Volucres,

265 2219 344 2252 quae
365 2211 551 2241 transeunt
574 2217 616 2239 ex
643 2204 711 2239 alio
737 2215 885 2249 corpore
913 2204 951 2238 iu

264 2257 370 2294 aliud.

310 2310 386 2355 461.
410 2309 499 2344 Tuta
512 2321 588 2344 esse
603 2315 639 2344 et
651 2310 804 2344 honesta.
827 2307 953 2343 Hein-

264 2364 336 2400 zius
350 2362 503 2399 malebat
516 2366 591 2397 tuta
604 2368 705 2407 atque
719 2363 883 2403 inadesa5
899 2359 954 2397 vel

265 2423 340 2452 tuta
356 2428 433 2451 esse
453 2421 488 2448 et
507 2418 604 2448 inesa
624 2427 634 2448 :
660 2413 722 2449 sed
742 2416 884 2449 honesta
901 2420 954 2448 est

267 2470 404 2505 honore
416 2467 577 2502 ornanda
586 2493 596 2511 ‚
610 2466 783 2502 honorata
793 2494 802 2511 ,
812 2474 852 2502 ut
862 2466 955 2512 apud

271 2523 488 2559 Ciceronem
498 2548 507 2565 ,
522 2521 580 2563 ΙΙ,
594 2520 703 2566 Epist.
718 2524 757 2556 15
767 2546 776 2563 ,
790 2522 955 2556 Cesarem

269 2579 443 2612 honestum
458 2588 534 2610 esse
547 2577 640 2614 volo,
669 2581 705 2609 et
720 2573 799 2609 alibi
820 2574 956 2620 passim.

271 2629 394 2662 Ed.-
408 2627 574 2663 Graviter
592 2633 628 2661 et
645 2625 838 2661 admodum
859 2625 958 2660 invi-

271 2678 369 2715 diosc
385 2681 554 2726 Thyesteo
564 2691 684 2713 mensa
693 2705 701 2718 ‚
717 2690 839 2713 carnes
850 2704 859 2719 ,
872 2690 958 2722 quas

1632 1877 1700 1926 475

1014 1999 1131 2037 trum,
1157 1999 1346 2039 parentum
1363 2000 1579 2031 nostrorum.
1598 1997 1703 2032 Invi-

1015 2045 1112 2082 diose
1128 2046 1235 2082 etiam
1251 2049 1460 2083 cumulemur.

1060 2100 1137 2144 463.
1152 2102 1261 2144 Quam
1277 2107 1429 2144 separat
1442 2108 1507 2136 etc.
1520 2115 1626 2147 quam
1641 2115 1706 2149 pa-

1016 2165 1098 2187 rum
1114 2152 1210 2188 abest
1225 2152 1283 2188 ille
1301 2152 1343 2188 ab
1363 2152 1564 2189 homicidio.
1587 2154 1707 2191 Verba

1015 2206 1199 2252 sequentia
1229 2206 1333 2250 plena
1365 2213 1448 2241 sunt
1481 2205 1640 2242 affectus.
1663 2226 1706 2234 -

1017 2259 1114 2294 Alite
1125 2286 1133 2299 ‚
1152 2257 1286 2304 gallinis
1296 2285 1305 2302 ‚
1319 2258 1478 2294 anatibus
1490 2285 1500 2302 ,
1513 2260 1705 2295 anseribus.

1016 2310 1360 2355 ——Pknumsac1'nus‚
1371 2310 1612 2346 homicidium.
1622 2312 1647 2346 J
1649 2325 1708 2347 am

1019 2364 1170 2399 Lenzius
1187 2363 1390 2410 inter-pungi
1407 2364 1526 2399 mallet
1538 2365 1705 2409 :sac1'nus‚

1018 2431 1082 2462 quo
1101 2416 1241 2461 (dativo
1259 2429 1339 2451 casu
1351 2444 1360 2462 ,
1378 2416 1421 2451 ad
1442 2416 1564 2463 quod)
1580 2422 1709 2454 transi-

1017 2475 1085 2503 tus.
1102 2468 1183 2504 Non
1198 2468 1299 2504 bene.

1065 2522 1141 2563 471.
1158 2520 1268 2554 Arma
1279 2546 1288 2559 ,
1313 2519 1408 2554 lanas
1421 2545 1431 2564 ,
1454 2532 1532 2565 quoe
1547 2520 1708 2566 praebent

1020 2571 1231 2606 vestimenta
1242 2579 1276 2606 et
1287 2578 1491 2617 tegumenta
1501 2579 1625 2608 contra
1633 2573 1707 2608 vim

1022 2625 1146 2659 Boreae
1158 2639 1166 2667 3
1185 2625 1309 2659 confer
1320 2638 1408 2660 vers.
1424 2640 1436 2660 1
1447 2641 1457 2660 1
1467 2640 1495 2672 7.

1067 2678 1150 2723 475.>
1167 2677 1334 2712 Formido.
1364 2679 1577 2726 Intelligitur
1601 2678 1706 2714 funi-

275 2730 654 2768 inhabitaruntauimae
663 2729 855 2767 liberorum
866 2756 877 2775 ,
892 2729 960 2765 fra-
1022 2729 1121 2765 culus
1140 2737 1348 2768 venatorum
1370 2731 1496 2777 pennis
1518 2732 1572 2767 vel
1589 2734 1709 2776 pinnis
