1820 3106
332 231 335 233 ’
376 255 1076 307 METAMORPHOSEON
1103 256 1239 300 LIB.
1281 257 1343 300 x.

1483 257 1569 300 203

127 357 223 406 Aut
240 355 346 405 h'uic
369 353 480 404 adde
505 353 644 410 leves,
671 363 749 401 aut
768 350 857 399 illis
883 350 1007 399 deme
1031 349 1276 417 pharetras.

127 435 317 486 Labitur
339 431 512 483 occulte
527 470 540 491 ‚
562 430 767 498 fallitque
791 429 985 478 volatilis
1009 442 1140 489 aetas;
1286 430 1289 434 ’

130 515 192 562 Et
211 511 324 562 nihil
347 523 416 561 est
433 511 562 560 annis
585 509 782 559 velocius
804 529 814 558 ε
841 508 916 558 ille
942 527 1098 557 sorore

1508 520 1575 556 520

131 592 274 640 Natus
285 628 304 660 ,ἱ
321 609 492 657 avoque
517 608 624 647 suo,
656 589 732 656 qui
756 587 965 637 conditus
991 587 1151 636 arbore
1170 604 1341 653 nuper,

131 670 287 736 Nuper
310 679 403 718 erat
426 668 627 732 genitus;
655 667 790 716 modo
813 665 1165 719 formosissimus
1189 664 1336 713 infans
1356 684 1367 723 ;

131 750 232 798 Jam
250 748 426 815 juvenis
445 768 455 807 ;
476 747 566 814 jam
588 747 681 805 vir;
706 747 795 813 jam
820 765 866 795 se
888 744 1131 794 formosior
1152 743 1253 811 ipso
1276 755 1370 793 est:

130 827 232 876 Jam
250 825 397 894 placet
417 838 462 875 et
484 826 674 885 Veneri,
702 825 946 893 matrisque
970 823 1202 873 ulciscitur
1225 823 1374 886 ignes.

130 905 334 972 Namque
357 905 641 973 pharetratus
667 905 773 953 dum
793 904 868 952 dat
891 923 1004 971 puer
1028 901 1182 952 oscula
1203 901 1363 961 matri,

1513 912 1579 948 525

129 984 305 1034 Inscius
329 985 522 1034 exstanti
543 984 782 1034 destrinxit
804 983 1022 1032 arundine
1040 993 1212 1049 pectus.

132 1065 263 1113 Laesa-
281 1083 415 1113 manu
439 1075 595 1112 natum
618 1064 714 1112 Dea
736 1061 962 1130 reppulit,
987 1060 1120 1110 altius
1145 1071 1294 1108 actum

178 1212 254 1259 5¹9·
275 1210 421 1245 Labitur
435 1211 587 1252 occulte,
615 1216 681 1245 etc.
703 1209 826 1245 Infans

134 1268 238 1297 natus
253 1263 384 1298 sensim
402 1261 573 1303 adolevit3
594 1262 654 1297 sed
673 1261 740 1296 hoc
758 1273 826 1295 or-

136 1322 218 1350 nate
235 1322 271 1350 et
286 1315 400 1351 verbis
413 1315 589 1361 exquisitis
606 1313 828 1360 expressit.—

144 1369 324 1410 Volamzzr,
342 1381 401 1403 sex
415 1369 632 1403 volubilite-
639 1366 741 1412 Regii
758 1379 827 1401 co—

139 1420 234 1456 dices
247 1423 411 1456 volatiltlr.
426 1423 471 1448 ..4
481 1420 528 1455 Et
542 1419 608 1455 hoc
620 1419 823 1465 elegantem

137 1473 267 1509 scilicet
284 1472 434 1520 pueritia
449 1485 528 1519 quae
543 1471 706 1508 celeriter
720 1478 828 1506 tran-

137 1526 191 1561 sit.
201 1527 375 1567 -Fallit,
398 1523 678 1572 praeterlabstnr,
696 1531 737 1558 ut
750 1536 826 1558 non

137 1579 343 1615 sentiatur:
355 1577 484 1623 fallere
505 1578 549 1613 de
573 1577 771 1612 omnibus'
762 1576 825 1621 nis,

137 1646 215 1680 quae
230 1634 279 1669 ita
295 1632 410 1678 fiunt,
435 1639 476 1668 ut
499 1645 575 1667 non
593 1627 827 1667 animadver-

137 1694 269 1723 tantur.
280 1686 339 1723 Sic
348 1689 499 1732 decipere
508 1688 595 1720 diem
609 1686 662 1720 IV
674 1684 781 1720 Trist.
790 1696 828 1729 X,

140 1755 154 1775 1
163 1741 221 1785 ι4,
232 1753 317 1775 eum
328 1740 376 1775 ita
389 1739 580 1785 transigere
592 1766 601 1783 ,
615 1744 739 1773 utnon
752 1751 829 1773 sen-

137 1793 274 1829 tiantur
289 1793 366 1839 ejus
382 1792 561 1828 molestiae.
574 1791 713 1826 Eodem
731 1805 830 1826 nunc

137 1846 231 1882 redit
241 1849 383 1882 occulte.
399 1846 458 1882 Sic
470 1853 508 1881 et
523 1846 720 1889 Lucret.1,
740 1846 831 1890 314,-

140 1899 266 1948 Horat.
285 1899 324 1943 I,
343 1897 415 1934 Od.
433 1909 510 1941 ΧΠ,
531 1899 596 1943 45,
618 1899 749 1932 Crescit
763 1910 830 1932 oc-

140 1953 241 1987 culto
247 1953 341 1986 velut
355 1953 456 1986 arbor
463 1964 531 1986 oevo
544 1952 651 1985 Fama
663 1951 831 1985 Marcelli.

142 2022 187 2029 —
202 2003 296 2038 Labi
322 2002 366 2038 de
396 2002 502 2038 celeri
531 2002 682 2038 decursu
711 2003 832 2039 aetatis.

145 2055 292 2091 Art.111
302 2082 312 2100 ,
330 2055 374 2092 65
386 2083 396 2100 ,
413 2059 481 2091 cito
488 2058 576 2101 pede
588 2058 716 2091 labitur
726 2062 832 2100 etas,-

148 2108 271 2144 Amor.
284 2110 302 2145 1
313 2136 323 2155 ,
340 2120 412 2144 vlu
423 2137 433 2154 ‚
452 2110 494 2159 49
504 2136 513 2154 ,
528 2110 674 2145 Labitur
681 2110 829 2150 occulte,

136 2163 302 2209 fallitque
315 2165 476 2198 volubilis
487 2170 571 2198 aetas
578 2191 586 2204 ‚
614 2164 662 2199 Ut
671 2165 760 2198 celer
767 2163 835 2197 ad-

146 2219 262 2250 missis
282 2217 410 2252 labitur
428 2219 540 2250 amnis
562 2220 671 2262 aquis.
697 2215 834 2251 Confer

146 2272 202 2307 VI
219 2272 312 2306 Fast.
325 2285 384 2316 77¹
398 2297 407 2314 ,
428 2271 590 2315 Tempora
600 2273 768 2311 labuntur,
786 2277 836 2306 ta-

146 2327 288 2370 citisque
301 2327 506 2359 senescimus
523 2326 624 2358 annis
635 2336 646 2366 ‚·
659 2323 776 2358 Tibul.
792 2324 808 2359 I
823 2350 833 2367 ,

147 2388 219 2413 vnl
231 2377 295 2422 ,48
309 2390 387 2418 mon
402 2378 501 2411 turdo
512 2378 639 2410 labitur
647 2382 728 2411 aetas
738 2377 836 2420 pede.

192 2433 268 2466 520.
293 2431 344 2465 Et
361 2431 453 2464 nihil
471 2436 525 2463 cs!
550 2432 651 2463 annis
677 2430 836 2463 velocius.

146 2483 383 2519 Velocitatem
401 2482 495 2517 illam
514 2482 652 2528 egregie
671 2481 839 2527 expressit

147 2543 221 2571 tam
238 2535 479 2571 cumulatione
496 2542 532 2570 et
548 2534 759 2580 repetitione
777 2546 839 2568 vo-

147 2601 230 2623 cum
249 2602 367 2634 nuper,
389 2589 488 2623 modo
501 2615 510 2629 ‚
520 2588 599 2633 jam
611 2615 619 2627 ‚
642 2599 749 2632 quam
767 2593 840 2622 tota

150 2641 318 2677 orationis
335 2641 458 2676 forma.
476 2641 662 2687 Ingeniose
676 2666 686 2682 ,
705 2652 817 2674 sorore
828 2666 837 2680 ,

151 2703 261 2735 natus,
272 2694 553 2740 avoque-Nempe
566 2693 772 2728 confusione
786 2692 842 2727 issa

152 2748 343 2783 nominum
357 2762 438 2784 usus
454 2755 519 2792 est,
531 2746 574 2782 de
593 2760 662 2792 qua
673 2746 741 2781 vid.
753 2759 841 2782 vers.

154 2801 229 2846 346.
242 2820 285 2828 -
296 2802 401 2837 Modo
417 2814 513 2837 nunc
529 2806 602 2846 est,
621 2799 725 2847 paulo
741 2806 840 2846 post3

891 1220 1009 1253 neque
1028 1206 1124 1241 enim
1145 1205 1261 1240 solum
1279 1203 1322 1239 de
1343 1211 1504 1250 tempore
1528 1203 1585 1238 vix

892 1259 1010 1305 elapso
1040 1257 1204 1293 occurrit.
1218 1276 1263 1283 —-
1278 1258 1471 1291 Formolior
1498 1258 1585 1300 ipso.

894 1313 963 1348 Sex
978 1316 1058 1357 lpse.
1074 1330 1119 1339 -—
1136 1310 1238 1357 Regii
1255 1310 1366 1345 nostri
1383 1313 1468 1354 tpso.
1486 1327 1529 1335 -—
1542 1308 1586 1342 Se

883 1363 1174 1409 formosioripso‚
1187 1364 1223 1398 in
1237 1363 1326 1398 virili
1338 1369 1438 1397 aetate
1448 1363 1587 1397 sormo-

892 1417 961 1452 sior
978 1424 1075 1460 erat,
1094 1429 1200 1462 quam
1222 1416 1259 1450 in
1283 1415 1443 1451 infantia.
1466 1414 1587 1449 Etiam

895 1470 937 1505 ab
951 1470 1097 1518 Hygino
1112 1497 1121 1515 ,
1136 1470 1204 1505 sab.
1220 1484 1277 1516 171
1293 1495 1303 1514 ,
1321 1470 1476 1504 refertur
1492 1469 1588 1503 inter

894 1524 1166 1559 formosissimos
1175 1550 1184 1568 ,
1198 1536 1285 1569 quos
1298 1523 1378 1558 tulit
1388 1522 1589 1568 antiquitas.

894 1577 1074 1611 -Matris
1093 1579 1272 1611 ulciscitur
1292 1579 1388 1622 ignes
1409 1589 1419 1610 :
1441 1575 1521 1609 vide
1545 1574 1590 1609 ad

894 1642 985 1664 vers.
1007 1630 1068 1664 311
1086 1643 1094 1671 ς
1126 1628 1291 1676 Hyginus
1310 1654 1320 1672 ,
1346 1627 1414 1662 sab.
1442 1628 1484 1662 58
1502 1653 1512 1671 ,
1533 1629 1595 1672 qui

899 1680 1082 1726 (Adonis)
1096 1685 1346 1726 matrtlrpoenas
1361 1694 1384 1714 a
1402 1681 1529 1715 Venere
1538 1683 1593 1713 est

896 1740 1076 1771 insecutus.
1089 1735 1307 1779 Lactantius,
1319 1735 1402 1780 Arg.
1417 1747 1513 1779 quem
1529 1735 1566 1768 V
1559 1746 1591 1767 e-

897 1802 960 1823 nus
978 1803 1046 1824 non
1065 1791 1176 1823 minus
1194 1790 1333 1828 dilexit,
1354 1800 1454 1833 quam
1470 1788 1590 1832 puella

891 1849 1024 1886 patrem
1041 1843 1201 1888 Cinyram
1221 1842 1407 1881 dilexerat,
1432 1841 1592 1885 beneficio

903 1896 1092 1940 Cupidinis.

946 1947 1021 1983 526.
1048 1949 1247 1982 Destrinxit
1268 1945 1457 1987 meliores;
1486 1944 1593 1991 vulgo

900 2005 1097 2044 d125tr1'nu‘l5
1120 2000 1302 2036 Leidensis
1317 2001 1530 2044 perstrinxit.
1549 2017 1594 2026 ·-—

901 2057 1029 2092 Allius.
1059 2054 1183 2090 Codex
1211 2054 1343 2100 Regius
1370 2053 1402 2087 A
1419 2079 1428 2097 ,
1455 2055 1592 2087 autiusf

902 2108 997 2155 quod
1017 2107 1192 2143 mendum
1209 2108 1327 2142 sorsan
1341 2119 1361 2140 a
1378 2105 1594 2152 pronuntia-

901 2164 998 2199 tione
1010 2161 1189 2208 scriptoris
1201 2161 1362 2207 irrepsit;
1382 2160 1416 2194 in
1435 2159 1595 2205 pluribus

902 2215 998 2250 enim
1015 2214 1137 2250 Galliae
1155 2213 1344 2260 provinciis
1360 2212 1490 2259 syllaba
1504 2213 1545 2245 al
1556 2211 1593 2244 in

901 2282 946 2302 au
959 2273 1125 2313 corrupte
1140 2273 1276 2301 mutata
1291 2273 1342 2301 est
1356 2291 1365 2308 ,
1388 2263 1483 2298 unde
1498 2263 1597 2297 verbi

904 2321 1012 2367 gratia
1029 2321 1236 2365 Vaugirard,
1254 2331 1319 2364 pro
1335 2318 1520 2361 Valgirard
1528 2315 1597 2349 dic-

903 2380 981 2408 tum
997 2373 1063 2408 suit
1073 2400 1082 2418 ‚
1101 2379 1140 2407 ut
1156 2371 1251 2406 mille
1264 2370 1336 2406 aliis
1347 2369 1460 2405 modis
1471 2369 1508 2403 iu
1520 2368 1598 2414 ple-

903 2427 1020 2472 risque
1044 2426 1242 2473 provinciis.
1265 2426 1381 2460 Porro
1400 2423 1460 2470 qui
1475 2450 1484 2467 ‚
1512 2422 1595 2457 dic-

904 2487 1002 2515 tante
1016 2479 1156 2514 librario
1172 2505 1180 2523 ,
1196 2478 1403 2513 adsidebant
1413 2488 1545 2511 mensae
1557 2482 1599 2510 ut

905 2535 1101 2570 scriberent
1112 2559 1121 2577 ,
1139 2546 1213 2568 non
1228 2533 1361 2567 mirum
1376 2538 1428 2566 est
1444 2543 1504 2565 eos
1517 2542 1599 2576 pro-

905 2587 1171 2622 nuntiationem
1183 2586 1218 2619 in
1231 2598 1292 2620 sua
1301 2585 1448 2630 quisque
1459 2582 1599 2630 provin-

907 2640 960 2675 cia
985 2641 1148 2675 usitatam
1173 2638 1377 2680 intrusisse;
1402 2636 1497 2684 quod
1522 2649 1599 2671 non

907 2693 1016 2727 semel
1032 2719 1042 2736 ,
1066 2691 1127 2727 sed
1145 2692 1336 2727 sexcenties
1355 2690 1492 2726 codices
1512 2703 1599 2724 ma·-

907 2745 1106 2791 nuscriptos
1136 2743 1398 2790 perlegentibus
1431 2742 1600 2779 animad—

908 2798 1124 2835 vertendum
1139 2798 1214 2834 suit.
1230 2799 1297 2834 Ed.
