1820 3106
270 227 326 267 So
637 226 688 269 P.
731 226 968 272 OVIDII
1003 227 1302 275 NASONIS

268 318 407 387 Inque
432 316 571 365 vicem
593 317 721 366 fulvae
745 331 864 368 tactu
886 320 1238 370 flavescitarenae
1259 342 1269 370 :

269 394 327 440 Et
344 393 478 441 modo
503 394 710 443 cervicem
724 433 736 454 ‚
759 395 891 444 modo
913 415 1037 447 crura
1055 398 1259 447 micantia
1281 411 1428 466 captat
1442 437 1454 458 ‚

267 469 362 517 Aut
384 481 555 536 captare
577 482 707 537 putes
722 509 733 530 ‚
761 473 969 540 omnique
992 493 1016 522 a
1037 487 1159 540 parte
1183 475 1356 524 lacessit
1376 496 1386 523 ε

266 546 343 594 Me
364 565 458 595 mea
482 547 676 596 defendit
697 550 883 612 gravitas
899 587 910 608 ‚
932 550 1179 618 frustraque
1202 553 1383 618 petebar
1409 572 1419 600 z

269 622 400 670 Haud
421 642 545 672 secus
569 644 617 673 ac
640 625 799 684 moles,
825 646 954 692 quam
977 647 1136 691 magno
1160 647 1380 677 murmure
1402 629 1563 678 fluctus
1633 642 1678 688 40

269 698 567 764 Oppugnant3
592 713 739 750 manet
759 702 859 760 illa,
885 721 1054 769 suoque
1078 716 1143 752 est
1165 705 1360 771 pondere
1385 717 1491 754 tuta.

265 776 550 839 Digredimur
569 778 776 845 paulum,
802 799 1064 847 rursumque
1088 781 1143 829 ad
1164 782 1280 830 bella
1305 782 1500 840 coimus3

265 914 370 949 reret,
382 920 492 952 eoque
502 908 729 943 induceretur
737 909 841 950 cutis;
854 922 938 944 nam

264 959 312 993 sie
326 971 370 993 eo
390 960 520 994 facilius
537 960 749 996 adversarius
765 961 841 1006 capi
866 975 938 1007 po-

264 1016 364 1046 terat.
375 1011 454 1046 Hoc
463 1012 539 1047 loco
550 1012 645 1047 nulla
654 1012 828 1047 unctionis
842 1025 938 1047 men-

265 1065 368 1097 tio.—
374 1065 544 1097 Haocscit
554 1089 562 1103 ‚
582 1064 728 1097 verbum
740 1062 913 1098 delectum
925 1089 935 1107 ,

265 1117 345 1161 quia
361 1128 467 1149 arena
483 1114 581 1148 flava.
601 1114 718 1149 Etiam
739 1115 909 1149 Martialis
925 1141 935 1158 ,

266 1168 356 1210 VII,
382 1167 557 1212 Epigram.
574 1177 677 1209 LXVI,
696 1167 715 1199 5
733 1191 742 1208 ,
755 1168 938 1210 flavescere

263 1222 380 1263 haphe.
393 1220 527 1263 Nempe
542 1220 667 1261 haphe,
690 1217 819 1252 Graecis
829 1244 838 1261 ,
854 1219 914 1263 ἁφὴ
925 1244 935 1261 ,

265 1279 373 1307 tactus
388 1271 547 1316 pulveris.
578 1270 669 1304 Vide
685 1270 905 1305 Gronovium
925 1297 934 1314 ,

266 1326 412 1360 Observ.
426 1324 482 1359 III
495 1350 504 1367 ,
521 1325 560 1359 18
570 1350 579 1367 ‚
597 1323 655 1368 qui
668 1323 772 1358 etiam
785 1323 935 1358 hocloco

264 1384 383 1411 tuetur
393 1381 503 1410 tactu:
514 1375 608 1420 quod
619 1374 712 1409 idem
725 1375 936 1410 Hermolaus

265 1428 307 1463 ad
323 1428 478 1463 Plinium
494 1453 503 1470 ,
520 1427 611 1461 Hist.
621 1427 700 1461 Nat.
715 1426 933 1470 XXXVIII,

268 1495 328 1525 ιο,
346 1481 560 1527 agnoscebat.
583 1480 691 1514 Recte
710 1505 719 1523 ,
748 1479 813 1513 suit
839 1479 935 1513 enim

265 1537 324 1579 ἁφὴ
340 1560 350 1577 ,
379 1539 509 1573 lactus,
531 1533 677 1568 verbum
692 1531 874 1577 proprium
890 1531 933 1566 de

262 1588 326 1622 hac
349 1587 499 1633 pulveris
522 1586 751 1631 adspersione.
785 1585 826 1620 Id
851 1598 934 1631 ergo

226 1639 228 1641 ’
261 1638 430 1673 revocavi.
446 1638 565 1672 Barth.
571 1638 673 1682 jactu
688 1637 934 1682 reponendum

262 1691 397 1725 censuit
409 1717 419 1734 ,
448 1690 540 1735 quod
568 1696 602 1724 et
629 1690 820 1734 praeserunt
849 1688 935 1723 alter

262 1742 456 1787 Hamburg.
469 1740 725 1786 Rottendorph.
737 1747 773 1774 et
782 1748 851 1775 tres
862 1740 935 1774 alii:

262 1793 343 1828 inde
363 1794 493 1838 recepit
510 1793 696 1835 Heinsius,
722 1792 933 1837 approbante

261 1845 479 1879 Burmanno.
494 1844 565 1878 Sed
581 1845 616 1878 in
631 1844 712 1878 locis
729 1844 771 1877 ab
787 1843 934 1877 Heinsio

261 1904 296 1932 et
311 1898 518 1932 Burmanno
535 1896 660 1939 allatis,
677 1896 712 1930 in
727 1895 850 1940 quibus
862 1895 935 1939 jac-

261 1956 315 1984 tus
327 1949 476 1993 pulveris
486 1954 784 1983 commemoratur
794 1973 804 1990 ,
817 1959 933 1981 sermo

261 2013 334 2034 non
352 2008 403 2035 est
419 2000 462 2034 de
477 2000 711 2034 luctatoribus.
727 1999 827 2044 Regii
843 2011 933 2032 nos-

261 2053 304 2086 tri
322 2052 452 2086 habent
466 2057 558 2086 tactu
567 2078 576 2093 ,
594 2050 688 2096 quod
699 2050 836 2085 videtur
848 2063 933 2084 rec-

261 2112 348 2142 tum.
370 2105 435 2138 Ed.

303 2156 355 2199 37.
375 2155 479 2189 Crura
498 2157 658 2188 micantia
673 2154 815 2188 Sasstius
829 2153 932 2187 vertit

256 2208 461 2252 glaenzende
466 2207 637 2240 Scbettltel.
651 2205 720 2239 Sed
732 2205 825 2239 unde
837 2218 933 2240 nunc

259 2258 315 2293 ille
324 2257 507 2304 splendor?
518 2258 591 2292 Nec
602 2258 759 2292 membra
767 2257 820 2292 vel
829 2258 932 2291 maxi-

259 2324 318 2345 me
334 2310 412 2345 oleo
422 2318 527 2345 uncta
536 2310 632 2344 facile
644 2311 823 2355 quisquam
836 2309 932 2344 dixe-

257 2364 304 2397 rit
321 2365 491 2397 micantia.
519 2362 640 2407 Itaque
665 2365 825 2396 micantia
849 2369 930 2396 sunt

259 2414 419 2448 celeriter
438 2420 533 2447 mota
547 2427 555 2454 ;
582 2413 658 2448 talis
690 2413 786 2447 enim
814 2421 930 2448 motus

259 2465 324 2499 suit
335 2466 370 2499 in
383 2465 512 2499 artibus
528 2464 729 2509 palaestricis.
743 2465 907 2510 Virgilius
919 2491 928 2508 ,

256 2515 401 2549 'AEneid.
418 2517 463 2559 V,
482 2516 547 2559 430
559 2542 568 2559 ,
587 2516 623 2549 in
639 2522 759 2550 caestus
771 2515 930 2560 descrip-

259 2566 353 2600 tione
370 2579 378 2600 :
395 2569 458 2600 Ille
472 2570 593 2610 pedum
613 2570 728 2601 melior
746 2573 835 2601 motu
847 2594 855 2608 ,
875 2569 931 2601 hic

257 2620 409 2651 membris
423 2623 456 2652 et
470 2622 554 2652 mole
569 2622 685 2653 valens
695 2646 703 2660 ,
726 2632 794 2664 qua
811 2626 844 2653 et
858 2619 928 2664 ipse

258 2668 392 2703 valebat
409 2669 601 2713 Achelous,
614 2684 700 2705 vers.
718 2671 770 2718 39.
785 2671 830 2705 Et
840 2683 930 2716 quo—

259 2720 355 2755 niam
384 2721 555 2757 celeritate
586 2723 714 2767 pedum
744 2724 929 2769 effugiebat

1004 911 1214 955 captationes
1247 911 1431 946 adversarii
1453 937 1463 954 ,
1490 917 1676 957 propterea

1003 962 1180 1007 ingeniose
1198 962 1293 996 addit
1309 988 1319 1006 ,
1346 967 1407 996 aut
1421 969 1555 1006 captare
1564 968 1676 1006 putes.

1002 1014 1254 1054 —Trementia,
1275 1013 1368 1059 quod
1386 1013 1516 1048 habent
1525 1021 1676 1059 quatuor

1003 1064 1112 1098 MSS.
1126 1090 1135 1107 ,
1151 1064 1278 1099 scilicet
1291 1091 1300 1108 ,
1330 1064 1553 1100 Lovaniensis
1563 1091 1572 1105 ,
1598 1063 1676 1099 Ar—

1003 1125 1137 1163 gentor.
1154 1118 1334 1154 Mediceus
1346 1125 1381 1153 et
1391 1119 1555 1162 Strozzae,
1567 1118 1675 1164 glossa

1002 1186 1074 1207 esse
1090 1172 1237 1207 videtur.
1260 1175 1408 1208 Tremere
1421 1173 1516 1208 enim
1533 1173 1576 1208 de
1591 1185 1676 1208 cre-

1002 1225 1067 1259 bro
1083 1232 1118 1259 et
1143 1225 1243 1264 celeri
1268 1233 1367 1260 motu
1389 1225 1524 1260 dicitur.
1557 1225 1675 1259 Etiam
1689 1238 1691 1249 1

1006 1276 1202 1319 Homerus,
1225 1275 1295 1311 Od.
1310 1283 1336 1312 Θ
1347 1302 1357 1319 ,
1377 1277 1438 1311 265
1450 1303 1459 1320 ,
1476 1276 1675 1311 celerrimos

1005 1334 1121 1362 motus
1141 1328 1340 1362 saltantium
1364 1334 1463 1362 vocat
1477 1329 1677 1377 μαρμαρυγὰς

999 1383 1098 1413 ποδῶν
1107 1405 1116 1421 ,
1127 1383 1375 1414 coruscationes
1386 1406 1394 1419 ,
1409 1383 1604 1414 micationes
1613 1391 1676 1424 pe-

1000 1429 1095 1463 dum.
1113 1430 1322 1476 Metaphora
1343 1430 1435 1465 haud
1452 1430 1555 1465 dubie
1574 1443 1592 1464 a
1609 1442 1675 1464 ce·-

999 1481 1062 1515 leri
1078 1481 1166 1527 ignis
1182 1489 1280 1516 motu
1297 1482 1413 1527 petita.
1429 1482 1547 1516 Ambo
1564 1481 1675 1516 nostri

1000 1533 1101 1578 Regii
1114 1533 1244 1567 habent
1262 1537 1433 1568 micantia.
1447 1552 1491 1560 ·-—
1506 1534 1581 1568 Aut
1591 1546 1674 1578 cap-

998 1589 1071 1618 tare
1077 1591 1175 1628 putes
1185 1595 1197 1626 ;
1214 1584 1432 1630 Schepperus
1444 1585 1518 1619 vult
1533 1584 1598 1630 legi
1604 1598 1675 1628 pu-

997 1636 1293 1678 tat.-Lacess1·t‚-
1311 1635 1466 1680 quidam,
1480 1636 1573 1681 inter
1587 1648 1674 1681 quos

999 1699 1089 1721 unus
1105 1686 1240 1721 Heinsii
1253 1713 1262 1730 ,
1283 1700 1356 1721 non
1370 1686 1507 1722 indocte
1515 1687 1653 1731 sanga!
1662 1700 1673 1721 .-

998 1738 1065 1773 hoc
1074 1739 1170 1773 enim
1181 1739 1328 1773 verbum
1343 1740 1489 1774 omnino
1507 1740 1673 1784 frequen-

1000 1798 1072 1826 tare
1087 1817 1096 1835 ,
1120 1792 1243 1826 crebro
1268 1791 1396 1837 aliquid
1418 1793 1553 1835 faeere,
1581 1799 1674 1827 trac-

999 1851 1071 1879 tare
1082 1871 1091 1888 ,
1110 1857 1252 1879 movere
1268 1844 1447 1891 significat.
1467 1844 1573 1890 Apud
1586 1845 1673 1879 Vir-

998 1896 1116 1942 gilium
1130 1923 1139 1939 ,
1155 1896 1308 1941 fatigare
1321 1900 1426 1931 silvas
1440 1903 1562 1932 venatu
1572 1924 1580 1938 ‚
1599 1910 1671 1931 coe-

995 1952 1063 1983 lum
1091 1952 1234 1983 clamore
1258 1956 1293 1984 et
1321 1950 1394 1984 alia.
1418 1968 1460 1975 —
1481 1952 1640 1985 Gravitas
1655 1976 1665 1990 ,

997 2001 1106 2035 moles
1115 2000 1486 2046 corporis.-Desend1't
1493 2014 1512 2036 a
1521 2001 1671 2046 lapsu.—

997 2055 1111 2086 Petere
1130 2059 1164 2086 et
1180 2051 1223 2085 de
1243 2052 1365 2086 ictibus
1385 2051 1614 2097 gladiatorum
1634 2060 1671 2087 et

995 2102 1038 2136 de
1054 2103 1304 2148 captationibus
1315 2103 1521 2138 luctantium
1533 2103 1669 2139 dicitur.

1038 2156 1091 2197 4ο.
1107 2156 1216 2188 Haud
1222 2166 1319 2188 secus
1330 2167 1374 2188 ac
1389 2158 1514 2197 moles‚·
1529 2154 1596 2190 hoc
1606 2168 1670 2199 νοῇ

994 2206 1155 2240 cabulum
1170 2231 1179 2249 ,
1197 2208 1300 2240 moles
1310 2233 1319 2247 ‚
1337 2219 1406 2251 quo
1422 2206 1546 2252 Virgil.
1562 2220 1641 2242 usus
1655 2234 1666 2250 ,

995 2257 1129 2302 peperit
1156 2256 1249 2291 haud
1278 2257 1381 2292 dubie
1404 2258 1666 2293 similitudinem

993 2322 1064 2353 seq.
1077 2309 1149 2343 Nisi
1159 2309 1285 2345 Noster
1298 2310 1444 2354 respexit
1454 2309 1594 2344 AEneid.
1611 2312 1644 2345 X
1655 2337 1667 2355 ,

994 2361 1058 2407 693
1072 2386 1081 2404 ,
1106 2361 1164 2395 ubi
1191 2360 1234 2395 de
1254 2361 1434 2396 Mezentio
1456 2369 1634 2407 pugnante
1655 2375 1664 2397 :

993 2416 1057 2447 Ille
1071 2441 1079 2454 ‚
1093 2417 1185 2449 velut
1197 2427 1295 2458 rupes
1303 2441 1311 2454 ,
1332 2421 1463 2449 vastum
1473 2427 1543 2459 qua·
1553 2417 1668 2459 prodit

992 2469 1028 2499 in
1048 2479 1176 2510 oequor,
1215 2468 1322 2500 Obvia
1347 2473 1519 2500 ventorum
1530 2467 1659 2510 furitir,

991 2524 1191 2563 expostaque
1199 2525 1302 2562 ponta
1322 2524 1386 2553 etc.
1403 2519 1524 2552 Manet
1535 2545 1543 2558 ‚
1561 2525 1600 2553 ut
1617 2519 1633 2553 I
1652 2545 1662 2562 ‚

995 2570 1068 2603 288.
1084 2588 1128 2596 —-
1154 2571 1355 2614 Oppugnant
1364 2582 1377 2612 ,·
1398 2569 1518 2605 Codex
1533 2571 1663 2616 Regius

993 2622 1026 2656 A
1041 2647 1050 2665 ,
1076 2627 1249 2666 oppugnat.

1035 2675 1088 2716 42.
1099 2674 1380 2716 Bursumquead,·
1398 2671 1518 2708 Codex
1534 2674 1662 2719 Regius

993 2724 1024 2758 A
1039 2750 1048 2768 ,
1066 2737 1178 2759 rursus
1191 2727 1241 2759 ad
1248 2735 1261 2766 ,⁸
1283 2723 1403 2760 Codex
1418 2725 1447 2764 Β
1464 2751 1473 2768 ,
1490 2739 1662 2771 rursusque
