1820 3106
280 250 369 294 286

648 254 700 296 Ρ.
745 254 974 323 0v1u11
1012 256 1307 315 NAsoMs

274 344 391 392 Ante
416 343 532 392 sores
554 345 666 393 antri
691 345 875 396 fecunda
899 367 1110 416 papavera
1132 352 1312 412 florent,

1617 373 1684 407 605

274 420 602 488 Innumeraeque
622 421 792 481 herbae,
819 444 1000 491 quarum
1026 428 1077 476 de
1100 428 1210 478 lacte
1235 449 1441 497 soporem

272 497 372 545 Nox
396 496 523 561 legit,
547 510 590 547 et
611 500 778 566 spargit
800 520 880 567 per
902 522 1057 570 opacas
1082 506 1261 556 humida
1288 521 1436 558 terras.

271 575 433 633 Janua,
461 595 555 642 quae
577 595 701 625 verso
727 579 958 628 stridorem
982 583 1154 632 cardine
1177 584 1353 643 reddat,

272 650 401 699 Nulla
426 652 556 701 domo
582 665 694 711 tota3
721 668 871 704 custos
890 657 936 704 in
958 657 1106 708 limine
1128 661 1289 710 nullus.

271 728 333 775 At
355 729 498 777 medio
523 742 646 779 torus
671 744 736 780 est
756 733 906 781 ebeno-
920 734 1121 784 sublimis
1145 737 1190 784 in
1215 750 1384 797 antro‚.

1615 756 1681 790 6ιο

271 804 506 866 Plumeus,
529 807 754 868 unicolor,
780 809 904 876 pullo
929 811 1135 862 velamine
1161 827 1322 874 tectus,

273 882 376 945 Quo
404 882 535 932 cubat
555 884 649 950 ipse
673 886 816 945 Deus,
840 889 1047 937 membris
1071 889 1281 952 languore
1305 890 1475 940 solutis.

270 995 407 1040 obiectu
433 996 536 1030 undae
558 997 727 1042 crepitum
745 1025 754 1042 ,
780 1013 943 1035 murmur

267 1047 408 1082 faciunt.
418 1048 632 1092 Huiusmodi
648 1058 764 1084 autem
781 1064 943 1086 murmur

268 1099 426 1133 facillime
435 1112 600 1134 somnum
607 1102 778 1146 conciliat,
789 1103 843 1138 111
852 1103 942 1139 Fast.

273 1166 309 1196 17
324 1166 332 1192 ;
350 1152 471 1186 Horat.
492 1151 602 1197 Epod.
621 1153 657 1188 II
669 1178 679 1197 ‚
696 1165 756 1198 XV,
775 1169 827 1199 27.
847 1156 941 1191 Hinc

265 1205 586 1251 somnifivalympha
594 1207 682 1251 apud
694 1207 828 1242 Silium.
839 1208 943 1254 Apud

268 1257 420 1292 Statium
450 1265 572 1292 contr'a
599 1257 725 1294 fluvius
752 1260 942 1296 taciturnus

266 1308 403 1343 labitur.
705 1310 708 1312 ’

311 1361 387 1395 605,
405 1363 579 1405 papavera
593 1388 601 1401 ‚
632 1362 730 1408 nigra
748 1364 936 1409 imprimis,

268 1413 338 1447 vim
355 1413 484 1448 habent
500 1414 729 1459 soporificam.
752 1416 917 1461 Virgilius
931 1443 940 1459 ,

268 1465 396 1510 Georg.
414 1465 451 1507 I,
472 1467 531 1511 78,
550 1467 664 1500 lelltoeo
674 1466 812 1510 perfusa
823 1481 942 1511 papa—

268 1529 344 1551 vera
361 1529 494 1555 somno,
518 1517 575 1550 ubi
594 1517 661 1550 vid.
683 1519 826 1551 Martin.
851 1519 940 1554 Fast.

268 1567 334 1610 IV,
354 1569 413 1613 547
428 1594 437 1610 ,
454 1571 622 1612 somnique
631 1582 802 1612 papavera
819 1582 942 1603 causas

261 1621 343 1654 ,Dat
366 1622 431 1654 tibi
452 1633 524 1654 cum
552 1623 660 1664 tepido
686 1624 773 1655 lactc
801 1624 942 1656 bibenda

261 1685 354 1715 puer.
365 1671 459 1705 Hinc
470 1671 623 1706 Somnus
639 1673 845 1717 pingebatur
860 1686 940 1708 cum

267 1736 446 1768 papavere.
461 1721 562 1756 Circa
574 1727 672 1756 antra
683 1722 826 1758 feliciter
836 1731 871 1757 et
880 1737 940 1758 sua

268 1783 391 1820 sponte
409 1774 620 1820 proveniunt
636 1775 792 1820 virgulta.
810 1776 940 1810 Lucia-—

268 1841 334 1863 nus
356 1828 393 1862 in
417 1828 542 1862 Somni
566 1828 678 1862 insula
700 1827 819 1862 silvam
843 1828 942 1874 ponit

268 1893 410 1927 procera
425 1893 593 1926 papavera
613 1880 809 1914 habentem.

307 1935 385 1969 608.
398 1935 531 1972 Janua,
549 1947 630 1978 quoe.
648 1933 940 1978 AnteXHeinsium

267 1986 571 2026 edebaturJanua‚
594 1998 644 2020 ne.
654 1985 722 2021 Sed
737 2000 806 2030 quoe
815 1998 942 2031 appro-

264 2039 358 2074 bavit
374 2039 483 2074 etiam*
491 2040 714 2073 Burmannus
727 2053 734 2078 ;
748 2051 829 2073 nam
845 2038 942 2082 siso-

266 2103 319 2125 res
330 2118 338 2131 ‚
347 2091 461 2135 inquit
470 2116 479 2134 ‚
491 2098 573 2124 sunt
585 2098 664 2124 ante
677 2098 817 2124 autrum
828 2115 836 2132 ,
848 2090 941 2124 intus

266 2144 389 2188 januas
403 2142 504 2176 fuisse
521 2142 704 2176 verisimile
723 2150 793 2184 est,
809 2142 868 2176 sed
880 2142 941 2175 mi-

267 2196 363 2230 nime
382 2207 535 2230 sonoras.
553 2213 595 2219 —
613 2194 828 2238 Quanquam
844 2194 941 2237 sores

266 2248 431 2282 sint-ante
448 2254 609 2288 antrum,
633 2258 704 2279 non
727 2245 853 2279 idcirco
869 2259 940 2279 ne-

267 2298 412 2333 cessario
427 2297 576 2331 fuerunt
598 2297 693 2334 intus
721 2296 835 2340 januae
853 2323 862 2339 ,
889 2296 941 2331 vel

268 2350 413 2384 minime
434 2361 589 2389 sonorae;
613 2348 673 2383 sed
698 2356 817 2382 contra
838 2349 940 2382 nullae

267 2402 286 2436 f
284 2410 411 2437 uerunt
422 2416 430 2442 ;
447 2408 657 2446 quapropter
664 2407 775 2434 custos
782 2405 817 2445 ι’ζι
829 2404 942 2434 limine

269 2457 380 2488 nullus
396 2465 406 2486 .’
422 2456 456 2488 τὲ
468 2465 508 2487 ne
521 2453 626 2497 igitur
639 2465 734 2497 posse
750 2452 887 2486 defendi
901 2466 941 2486 ex

267 2505 396 2539 nostris
407 2504 580 2539 codicibus
591 2504 706 2550 Regiis
722 2505 885 2541 existimo.
898 2506 939 2539 In

268 2557 385 2591 codice
395 2557 424 2591 Β
443 2569 566 2591 manus
581 2557 734 2591 secunda
744 2558 831 2591 bene
843 2557 941 2590 resti—

269 2609 335 2642 tuit
356 2610 489 2648 reddat,
518 2621 581 2654 pro
597 2616 698 2643 sonat
714 2608 806 2653 quod
825 2609 940 2642 sensui

270 2667 305 2694 et
317 2660 424 2705 magis
438 2660 542 2696 etiam
559 2667 672 2695 metro
686 2667 865 2706 repugnat.
876 2663 941 2694 Ed.

267 2728 311 2736 -
324 2712 485 2744 Custodes
500 2711 629 2745 Statius
650 2705 730 2745 facit
750 2711 916 2756 Quietem
930 2737 939 2754 ,

270 2761 493 2797 Oblivionem
506 2788 515 2805 ,
537 2763 732 2798 Silentium.

1049 1002 1070 1036 6
1078 1016 1123 1037 ιο.
1135 1004 1184 1037 A!
1190 1006 1296 1038 medio
1305 1010 1396 1039 torus
1406 1012 1527 1041 estete.
1539 1007 1683 1044 Frustra

1006 1053 1062 1088 hic
1079 1054 1252 1089 haeserunt
1275 1055 1491 1102 interpretes.
1514 1058 1556 1093 ln
1572 1062 1682 1094 medio

1007 1114 1080 1141 erat
1094 1113 1184 1142 torus
1193 1111 1361 1152 plumeas,
1381 1110 1541 1155 pulvinus
1556 1106 1681 1156 plumis

1006 1158 1182 1194 consertus
1193 1186 1201 1202 ,
1222 1160 1234 1202 (
1246 1172 1355 1205 quum
1372 1162 1594 1207 pauperiores
1610 1162 1681 1198 ha-

1006 1210 1130 1244 berent
1154 1218 1270 1245 torum
1296 1212 1338 1246 de
1361 1212 1478 1259 ulvis)
1500 1214 1680 1260 impositus

1005 1261 1147 1306 spondae
1169 1263 1305 1297 sublimi
1332 1277 1372 1298 ex
1397 1265 1509 1299 ebeno
1533 1291 1543 1309 ,
1567 1265 1680 1300 adeo-

1007 1325 1074 1357 que
1090 1316 1242 1348 sublimis
1264 1322 1299 1349 et
1320 1314 1390 1360 ipse
1414 1316 1681 1361 magnificentiae

1007 1378 1106 1399 causa
1121 1391 1130 1408 ,
1155 1372 1263 1400 tectus
1288 1373 1452 1411 praeterea
1467 1370 1563 1411 pullo
1580 1371 1679 1402 vela-

1006 1420 1110 1457 mine,
1136 1418 1286 1462 stragulo
1307 1425 1404 1462 atro,
1426 1425 1464 1453 ut
1485 1418 1572 1468 adeo
1589 1426 1682 1454 totus

1006 1468 1113 1503 lectus
1127 1476 1213 1503 esset
1229 1473 1395 1505 um'culor.
1414 1470 1506 1515 quod
1523 1471 1567 1506 ita
1583 1484 1682 1506 com-

1007 1520 1157 1565 positum
1180 1526 1230 1554 est
1253 1528 1291 1555 ut
1315 1524 1457 1561 bicolor,
1480 1526 1674 1563 versicolor,

1005 1574 1163 1605 atrt'color
1171 1578 1234 1605 etc.
1248 1571 1381 1605 Confer
1392 1573 1481 1608 VIII
1491 1598 1501 1615 ‚
1515 1574 1681 1620 655—659.

1007 1622 1077 1655 Pro
1092 1625 1127 1655 in
1138 1627 1233 1655 antro
1251 1622 1415 1656 Heinsius
1427 1622 1524 1657 dedit
1536 1627 1573 1657 ιἰι
1582 1631 1680 1666 atra;

1006 1681 1040 1708 et
1058 1687 1119 1718 pro
1134 1677 1286 1708 unicolor
1297 1674 1394 1708 malit
1405 1678 1566 1709 atricolor
1573 1676 1681 1720 (quod

1005 1726 1158 1760 vocabul.
1184 1740 1224 1760 ex
1250 1726 1363 1761 Plinio
1387 1727 1589 1772 defendit),
1621 1736 1681 1763 aut

1004 1780 1194 1822 oequicolor,
1211 1779 1300 1823 aequi
1314 1792 1395 1813 cum
1408 1780 1520 1814 ebeno
1534 1787 1607 1814 atra
1620 1793 1680 1816 co-

1006 1829 1086 1863 loris
1096 1855 1105 1871 ,
1125 1830 1237 1863 ebeno
1252 1830 1426 1872 concolor,
1438 1829 1512 1864 sine
1526 1843 1680 1866 causa.—-·

1009 1883 1128 1925 Gierig
1148 1888 1270 1916 tamen.
1284 1882 1397 1916 noluit
1418 1889 1493 1916 atra
1511 1882 1654 1927 rejicere
1670 1897 1680 1924 ;

1006 1932 1098 1976 quod
1111 1959 1120 1976 ‚
1137 1933 1224 1967 sicut
1243 1939 1278 1967 et
1292 1936 1466 1972 atricaedor,
1490 1933 1560 1968 sive
1579 1937 1682 1978 aqui-

1004 1986 1108 2022 color,
1131 1997 1227 2018 mera
1243 1991 1293 2018 est
1303 1984 1502 2029 conjectura
1513 1997 1553 2019 ex
1565 1985 1682 2019 Hein-

1004 2036 1100 2070 siana
1116 2036 1253 2070 officina
1276 2036 1450 2081 profecta;
1473 2050 1577 2081 quam
1598 2050 1681 2072 ser-

1006 2101 1084 2121 vare
1111 2100 1184 2120 non
1206 2088 1312 2132 potui.
1329 2090 1393 2122 Ed.
1410 2106 1453 2115 —
1474 2090 1680 2123 unicolorem

1004 2147 1039 2173 et
1058 2140 1199 2183 quidem
1222 2147 1336 2174 atrum
1363 2140 1508 2176 habebat
1533 2149 1650 2176 torum
1668 2168 1678 2184 ‚

1005 2199 1042 2225 ut
1063 2192 1180 2226 omnia
1202 2199 1316 2226 essent
1343 2193 1450 2227 tristia
1465 2219 1474 2236 ,
1496 2194 1679 2238 aulamque

1005 2244 1128 2278 Somni
1149 2251 1387 2288 ostentarent,
1412 2259 1522 2290 quum
1539 2246 1679 2281 ditiores

1005 2297 1156 2330 Romani
1172 2298 1432 2332 versicoloribus
1442 2292 1537 2335 lectis
1546 2325 1556 2343 ,
1570 2312 1679 2344 spon-

1004 2349 1055 2383 dis
1070 2363 1109 2383 ex
1125 2350 1324 2384 terebintho
1336 2376 1345 2393 ‚
1363 2363 1516 2395 auroque
1529 2351 1677 2394 ornatis,

1002 2402 1160 2447 stragulis
1181 2403 1382 2447 purpureis,
1403 2403 1500 2447 pictis
1519 2403 1677 2438 delecta—

1004 2462 1129 2488 rentur
1141 2455 1360 2499 :Propertius
1371 2481 1380 2496 ,
1391 2455 1445 2489 III
1456 2481 1465 2497 ‚
1478 2466 1514 2497 V,
1525 2456 1568 2489 63
1580 2470 1588 2496 ;
1600 2457 1678 2490 Vir-

1005 2506 1120 2550 gilius,
1135 2506 1215 2539 AEn.
1230 2506 1264 2547 l,
1278 2506 1340 2552 697
1355 2519 1363 2546 ς
1379 2504 1504 2540 Cicero
1513 2506 1616 2541 Tusc.
1629 2506 1676 2550 V,

1005 2571 1042 2592 21
1066 2571 1073 2591 :
1094 2557 1171 2591 vide
1190 2558 1332 2592 Salmas.
1355 2557 1396 2591 ad
1421 2558 1529 2593 Solin.
1551 2572 1582 2604 p.
1603 2561 1676 2605 4¹7·

1002 2612 1145 2644 —Pullo
1162 2613 1321 2644 velamine
1338 2617 1454 2644 autem
1476 2623 1547 2645 non
1569 2611 1677 2644 debe-

1001 2663 1061 2696 bat
1079 2662 1190 2704 verti,
1217 2665 1280 2696 mit
1297 2664 1440 2696 dunkeln
1466 2664 1676 2706 Vorhaengen

1001 2716 1167 2756 umgeben.
1188 2730 1232 2739 ——
1253 2715 1412 2749 Membris
1433 2716 1577 2757 solu11·s,·
1606 2712 1674 2745 vid-

1006 2764 1047 2798 aa
1066 2765 1159 2808 vn,
1182 2765 1250 2800 186.
