1820 3106
313 255 1039 302 METAMORPHOSEON
1079 260 1209 304 LIB.
1251 263 1345 307 IX.

1470 266 1550 309 113

114 351 322 418 Totaque
344 340 556 417 paulatim
580 348 726 399 lentus
747 351 911 417 premit
933 339 1119 417 inguina
1142 367 1307 405 cortex.

118 429 184 476 Ut
204 427 338 486 vidit,
363 438 519 476 conata
540 446 674 476 manu
698 427 862 477 laniare
884 429 1094 497 capillos,

117 495 294 555 Fronde
306 525 484 554 manum
495 505 718 573 implevit:
733 506 912 556 frondes
929 522 1062 576 caput
1074 530 1202 560 omne
1217 513 1442 563 tenebant.
1488 530 1554 565 355

119 586 183 634 At
200 603 312 652 puer
334 583 600 651 Amphissos
615 622 627 642 ,
650 603 841 652 namque
863 585 953 634 hoc
975 606 1081 636 avus
1104 590 1301 657 Eurytus
1325 591 1394 640 illi

119 661 364 711 Addiderat
382 681 569 721 nomen,
594 673 791 712 materna
813 663 1028 726 rigescere
1049 666 1186 715 sentit

121 740 296 799 Ubera3
320 759 401 789 nec
424 741 626 807 sequitur
649 740 882 790 ducentem
904 741 1069 791 lacteus
1092 743 1266 795 humor.

121 817 370 886 Spectatrix
393 817 566 866 aderam
586 818 666 866 fati
690 818 906 878 crudelis,
932 838 1152 888 opemque

119 898 227 947 Non
247 908 450 964 poteram
474 896 559 944 tibi
582 896 719 955 ferre,
745 917 874 946 soror
895 918 904 946 :
930 912 1234 968 quantumque
1256 902 1474 964 valebam,
1496 921 1562 955 360

123 974 404 1023 Crescentem
427 984 633 1022 truncum
649 1012 660 1033 ,
685 993 922 1041 ramosque
946 975 1170 1043 amplexa,
1194 980 1428 1030 morabar:

120 1053 207 1110 Et,
230 1052 395 1110 fateor,
418 1050 540 1099 volui
562 1053 647 1100 sub
673 1053 828 1100 eodem
850 1053 1014 1101 cortice
1040 1055 1187 1103 condi.

74 1167 77 1171 -
122 1132 239 1180 Ecce
262 1130 331 1179 vir
351 1130 646 1189 Andraem0n‚
672 1131 938 1198 genitorque
960 1132 1255 1192 miserrimus,
1281 1135 1467 1198 adsunt,

122 1209 186 1258 Et
205 1220 410 1276 quaerunt
430 1209 646 1276 Dryopen
667 1229 677 1257 :
699 1204 914 1277 Dryopen
939 1213 1242 1277 quaerentibus
1265 1213 1361 1287 illis¹

127 1287 320 1336 Ostendi
342 1286 469 1336 loton
489 1308 499 1336 ε
520 1287 674 1354 tepido
696 1287 803 1335 dant
826 1288 976 1338 oscula
1000 1289 1124 1353 ligno
1141 1329 1153 1350 ,

1498 1308 1564 1343 365

124 1359 378 1433 Adfusique
398 1385 490 1415 suae
510 1365 736 1415 radicibus
759 1366 934 1415 arboris
956 1367 1138 1417 haerent.

126 1444 231 1503 Nil,
255 1445 344 1493 nisi
362 1444 454 1510 jam
474 1444 656 1504 faciem,
682 1443 807 1511 quod
829 1463 920 1492 non
944 1444 1062 1493 foret
1081 1446 1239 1506 arbor,
1266 1446 1488 1508 habebas,

171 1579 248 1615 353.
255 1580 390 1614 Premit.
401 1578 543 1614 Primus
554 1578 727 1614 Gronovii
737 1606 747 1624 ‚
758 1592 814 1614 su-

125 1636 196 1674 bit,
218 1632 315 1679 quod
338 1633 551 1668 Burmanno
569 1640 632 1672 τοῖς
653 1635 763 1667 lentus
779 1639 816 1668 et

120 1688 293 1733 paulatim
309 1685 434 1720 melius
455 1685 646 1720 convenire
662 1684 815 1720 videba-

128 1745 189 1774 tur
205 1750 214 1772 ε
228 1736 288 1772 sed
295 1740 434 1782 premit,
449 1737 485 1772 id
498 1744 550 1772 est
559 1737 680 1783 cingit,
692 1737 814 1780 ambit,

129 1790 325 1837 elegantius
341 1797 403 1826 est.
420 1808 465 1816 -
476 1790 557 1825 Hoc
569 1789 703 1825 babent
714 1790 817 1834 Regii

129 1843 486 1880 mart—Tenebat
495 1842 696 1887 exquisitius
711 1854 818 1887 quam

130 1895 311 1942 vulgatum
329 1894 445 1940 (quod
466 1894 599 1929 habent
614 1895 725 1929 nostri
743 1894 820 1929 Re-

131 1947 209 1996 gii)
231 1950 398 1993 tegebant.

175 2003 253 2038 356.
272 2002 479 2046 Amphissos
495 2010 537 2035 ex
548 2000 734 2036 Antonino
745 2000 818 2035 Lib.

132 2068 288 2102 namque
300 2055 408 2090 MSS.
418 2061 555 2089 veteres
567 2060 603 2088 et
617 2061 739 2088 auctor
750 2054 822 2088 Ar—

135 2121 230 2155 gum.
245 2108 606 2154 Amphaetws.—Nostri
623 2107 726 2154 Regii
740 2109 821 2143 Am-

128 2163 262 2207 phisos.
277 2179 322 2188 ·—-
336 2161 532 2196 Addiderat
552 2173 672 2195 nomen
696 2167 760 2196 etc.
777 2179 823 2186 -

138 2213 237 2250 Nihil
258 2212 407 2247 elabitur
426 2212 592 2247 soecundo
613 2213 734 2247 Ovidii
758 2213 822 2248 in-

138 2266 254 2314 genio.
266 2267 399 2300 Ducere
405 2267 510 2300 ubera
517 2266 650 2311 phrasis
659 2267 800 2313 propria
811 2281 820 2310 ;

135 2318 339 2361 Juvenalis,
357 2316 513 2352 Sat.xl1
524 2344 534 2361 ‚
551 2318 582 2351 8.
595 2318 648 2352 Ita
661 2321 825 2354 etducere

129 2375 268 2419 pocula.
279 2371 483 2406 Ducentem
499 2374 650 2416 sequitur
661 2371 711 2407 lac
724 2387 732 2414 ;
750 2376 823 2407 ad-

134 2428 216 2461 dere
226 2437 347 2460 nomen
356 2423 550 2469 elegantius
559 2449 568 2467 ,
583 2436 688 2469 quam
701 2426 824 2460 indere.

137 2477 188 2523 V,
205 2478 280 2522 524.
295 2477 379 2512 Non
394 2476 500 2521 igitur
514 2482 589 2510 erat
601 2501 610 2519 ,
630 2489 693 2510 cur
707 2476 826 2511 Hein-

139 2529 522 2566 siust’udideratmallet.
537 2528 717 2563 Caeterum
727 2555 736 2571 ,
750 2542 826 2564 auc-

137 2590 216 2619 tore
233 2582 414 2619 Nicandro
427 2609 436 2626 ,
458 2582 609 2616 mutatio
629 2582 686 2616 illa
711 2582 797 2617 sacta
815 2607 824 2626 ,

139 2647 212 2682 quo
224 2642 383 2681 tempore
394 2634 597 2680 Amphissos
609 2635 678 2679 jam
690 2634 828 2669 adultus

142 2686 299 2733 Apollini
320 2688 409 2732 patri
430 2687 603 2732 templum
620 2686 828 2720 exstruebat.

187 2740 265 2788 359.
287 2740 475 2783 Spectatrix
497 2743 634 2774 aderam
660 2747 724 2775 etc.
748 2739 828 2774 Hoc

144 2792 295 2830 maxime
309 2792 469 2829 dolemus
482 2793 518 2828 in
535 2792 731 2827 infortunio
744 2804 829 2827 nos-

300 2860 394 2905 IV.

881 1585 1040 1625 trorum,
1059 1580 1153 1626 quod
1171 1593 1276 1627 opem
1290 1582 1383 1617 serre
1398 1596 1473 1618 non
1489 1597 1573 1630 pos-

881 1644 1023 1674 sumus,
1042 1645 1246 1678 quanquam
1267 1642 1479 1679 spectatores
1499 1637 1571 1671 ad-

881 1686 1181 1720 stamus—Volui
1192 1687 1360 1722 Heinsius
1377 1689 1452 1723 sine
1470 1703 1572 1725 causa

882 1737 920 1770 in
930 1740 1050 1770 vovz'm
1056 1737 1145 1772 utari
1158 1739 1305 1773 volebat.
1321 1742 1495 1776 Volm‘sub
1506 1749 1573 1777 etc.

882 1795 1007 1823 votum
1030 1790 1214 1824 tenerrimi
1234 1792 1363 1827 amoris
1381 1806 1490 1839 prope
1508 1807 1572 1829 se·-

883 1841 1046 1888 pulcrum
1063 1842 1270 1879 amicorum.

929 1894 1004 1928 363.
1019 1895 1232 1930 Miserums
1247 1897 1353 1931 etiam
1371 1897 1413 1932 ad
1427 1898 1575 1933 Andrae-

884 1959 1014 1981 monem
1021 1947 1367 1984 referendum-Bene
1381 1957 1500 1985 autem
1511 1951 1575 1986 hos

885 1997 1050 2042 adducit,
1074 2006 1114 2034 ut
1132 2013 1236 2035 scena
1259 2000 1333 2036 haee
1358 2003 1467 2048 magis
1488 2016 1575 2037 mo-

885 2057 965 2095 veat
984 2050 1164 2087 lectorem.
1189 2053 1363 2101 Dryopen
1384 2055 1454 2090 suis
1471 2057 1576 2091 cine-

886 2110 961 2138 tam
988 2111 1024 2138 et
1051 2105 1216 2141 mandata
1243 2114 1402 2142 extrema
1427 2108 1574 2144 dantem

886 2158 1059 2194 videmus.

932 2209 1008 2245 365.
1026 2212 1154 2256 Tepido
1167 2225 1186 2247 e
1198 2226 1287 2248 vers.
1299 2214 1364 2260 393
1373 2240 1383 2258 ,
1396 2214 1576 2250 illustran—

889 2261 976 2297 dum
993 2290 1003 2307 ‚
1033 2266 1337 2310 quemadmodum
1360 2280 1401 2302 ex
1418 2268 1434 2302 I
1450 2294 1459 2312 ,
1488 2270 1573 2311 554,

886 2318 1015 2359 trepido
1027 2317 1122 2363 quod
1135 2318 1288 2354 hocloco
1300 2319 1432 2355 habent
1443 2321 1577 2366 primus

892 2366 1040 2405 Cantab.
1058 2371 1162 2405 Basil.
1180 2378 1215 2406 et
1231 2372 1355 2406 decem
1369 2372 1434 2407 alii.
1448 2372 1578 2418 (Regii

889 2422 1002 2456 nostri
1013 2421 1153 2468 tepido).
1163 2423 1235 2457 Sed
1246 2424 1330 2457 illud
1343 2437 1439 2458 nunc
1449 2424 1577 2459 verius.

898 2477 1019 2520 Tcpere
1042 2475 1086 2510 de
1113 2475 1227 2510 calore
1251 2477 1406 2521 corporis
1430 2476 1580 2512 humani

891 2528 997 2562 etiam
1010 2554 1019 2570 ‚
1036 2528 1069 2561 X
1081 2554 1090 2571 ,
1109 2529 1323 2567 281.—Suoe‚
1341 2529 1378 2562 in
1393 2541 1500 2574 quam
1517 2543 1580 2565 sua

891 2581 1020 2624 conjux
1037 2587 1072 2614 et
1089 2579 1159 2614 fitia
1173 2592 1351 2616 conversa.
1367 2583 1575 2627 *Λα-’ῥιπὴ

892 2632 972 2667 vide
995 2632 1038 2666 ad
1065 2632 1145 2676 111,
1170 2633 1258 2678 437;
1282 2645 1485 2679 quanquam
1511 2649 1579 2671 nec

892 2687 1017 2731 adfixi,
1041 2685 1136 2731 quod
1159 2685 1238 2720 MS.
1257 2686 1366 2721 Palat.
1389 2701 1457 2722 sec.
1481 2702 1580 2734 prae-

892 2741 981 2784 sert,
1004 2739 1260 2778 damnandum.
1284 2741 1401 2776 Etiam
1420 2743 1504 2777 AEm
1523 2743 1587 2786 V„

894 2793 959 2828 852
974 2819 984 2837 ,
1006 2795 1140 2839 affixus
1158 2801 1194 2830 et
1209 2796 1335 2831 herens
1354 2795 1583 2842 conjungun-

1369 2867 1395 2905 ὃ
