1820 3106
337 225 733 273 METAMORP
750 225 1036 269 HOSEON
1071 226 1139 270 LI
1153 227 1203 269 B.
1238 226 1394 270 XIII.

1492 227 1580 286 359

153 323 325 374 AEacon
348 321 549 386 agnoscit
571 338 795 377 summus,
820 319 1076 387 prolemque
1099 319 1263 368 fatetur

153 403 364 470 Juppiter
381 419 476 454 esse
497 418 622 448 suam
646 419 655 447 :
680 399 743 448 sic
765 398 822 447 ab
847 400 956 447 Jove
983 398 1138 447 tertius
1161 398 1286 464 Ajax.

154 483 248 532 Nec
270 480 415 531 tamen
438 481 531 529 haec
556 479 689 528 series
713 479 761 527 in
784 497 910 527 causa
937 479 1103 546 prosit,
1128 478 1315 536 Achivi,

158 559 207 609 Si
228 559 338 608 mihi
359 577 457 608 cum
480 575 642 621 magno
668 576 760 605 non
785 568 854 606 est
873 557 1121 605 communis
1142 556 1332 605 Achille.
1541 570 1584 603 30

156 639 310 688 Frater
332 649 449 692 erat;
470 637 661 685 fraterna
685 649 789 704 peto
814 656 823 684 ε
849 636 957 703 quid
984 637 1198 700 sanguine
1222 647 1366 685 cretus

157 714 365 782 Sisyphio
379 752 391 772 ‚
415 713 660 785 furtisque,
685 725 728 762 et
749 714 903 762 fraude
926 713 1174 762 simillimus
1195 711 1285 771 illi,

154 793 319 844 Inserit
338 792 534 842 AEacidis
555 792 703 841 alienae
726 793 907 841 nomina
932 791 1104 856 gentis?

152 870 227 920 An
251 869 375 937 quod
398 870 445 918 in
468 888 586 918 arma
610 869 758 936 prior,
783 868 998 936 nulloque
1017 869 1100 917 sub
1125 868 1270 917 indice
1294 868 1417 926 veni,

152 947 290 995 Arma
313 945 514 1010 neganda
535 945 681 994 mihi?
704 945 941 1013 potiorque
964 944 1188 994 videbitur
1208 944 1307 1001 ille,
1545 956 1587 991 35

152 1079 243 1116 bene
259 1092 382 1114 saxum
395 1106 404 1119 ‚
432 1091 572 1124 semper
591 1078 782 1114 imminens
798 1092 836 1114 ac

153 1145 262 1180 prope
271 1133 450 1168 ruiturum
462 1159 472 1176 ,
490 1139 543 1167 est
555 1132 752 1175 subiectum
762 1144 836 1166 ver-

154 1187 190 1222 bi
215 1197 355 1234 urgeam·
380 1198 595 1231 quamquam
616 1185 731 1220 locum
751 1184 839 1220 cita-

155 1243 233 1272 tum
248 1250 323 1273 non
340 1237 518 1272 damnem.
534 1239 600 1272 Ed.

202 1303 256 1334 27.
274 1291 466 1335 Agnoscam
488 1289 592 1334 vulgo
608 1291 761 1333 agnovit:
777 1287 839 1323 sed

157 1355 309 1391 pratens
321 1370 330 1388 ,
348 1342 444 1388 quod
461 1342 593 1378 habent
609 1342 718 1376 nostri
737 1340 839 1387 Regii

156 1397 247 1433 hene
268 1403 321 1431 est
335 1422 345 1441 ,
370 1402 514 1441 propter
537 1407 686 1440 sequens
695 1394 838 1439 fatetur.

158 1449 329 1485 Ed.--Ab
338 1450 423 1484 Jove
436 1451 553 1483 termes
568 1448 668 1491 Ajaae
678 1474 687 1487 ‚
706 1446 743 1481 id
762 1454 836 1490 est,

156 1513 350 1548 pronepos;
363 1501 492 1536 AEacus
506 1500 601 1535 enim
614 1500 656 1535 ab
666 1500 756 1534 Jove
767 1498 838 1545 pri-

155 1565 254 1598 mus,
270 1552 444 1597 secundus
460 1552 645 1587 Telamon.
660 1554 725 1587 Ed.

198 1620 252 1655 ²9·
266 1608 391 1649 Series,
409 1607 514 1654 vulgo
523 1607 744 1653 genealogia3
762 1606 838 1642 Sta—

153 1661 220 1696 tius
232 1686 242 1704 ,
258 1659 372 1695 Theb.
386 1659 440 1696 Vl
453 1686 464 1704 ‚
483 1660 549 1708 269
558 1685 567 1703 ,
580 1662 683 1694 series
697 1662 838 1704 antiqua

145 1718 348 1758 patentum‚·
364 1712 470 1748 Silius
482 1738 493 1756 ‚
512 1712 529 1747 I
541 1738 552 1755 ‚
570 1713 613 1747 88
623 1738 633 1755 ,
651 1715 753 1746 series
769 1723 837 1744 ne-

147 1772 273 1810 potum.
291 1783 336 1791 -—
349 1766 392 1799 In
409 1777 517 1799 causa
526 1767 660 1808 prosit‚·
680 1763 786 1809 vulgo
802 1766 838 1797 1'11

154 1830 295 1853 causam
306 1816 401 1862 quod
409 1817 528 1851 malim
541 1843 550 1859 ‚
571 1816 705 1851 etiamsi
716 1829 788 1850 non
803 1815 838 1850 id

154 1869 308 1906 habeant
321 1869 457 1906 codices
475 1870 587 1915 Regii:
604 1871 671 1903 Ed.
688 1887 734 1895 —-
748 1871 838 1903 Fra-

153 1927 206 1958 ter
221 1934 286 1968 pro
307 1922 455 1968 patrueli
472 1947 482 1965 ‚
505 1929 540 1956 et
564 1921 630 1957 hoc
655 1922 732 1956 loco
755 1934 838 1956 cum

157 1973 305 2013 delectu.
331 1975 505 2009 Telamon
524 1981 560 2009 et
576 1974 701 2011 Peleus
714 1974 838 2010 fratres

157 2033 260 2061 erant
271 2053 281 2070 ‚
296 2026 416 2062 abhoc
427 2027 578 2062 Achilles
588 2053 597 2069 ‚
616 2028 657 2062 ab
669 2027 727 2061 illo
738 2027 837 2072 Aiax.

158 2081 392 2126 —Furltquue5
401 2087 552 2125 quatuor
550 2080 714 2125 furtoque
721 2091 733 2121 ‚·
744 2078 839 2115 Oxo-

158 2132 290 2168 niensis
301 2131 436 2175 etfitrto
445 2132 627 2177 etsmudc,
649 2131 742 2177 quod
754 2143 839 2177 prae-

105 2198 108 2201 ’
156 2183 293 2219 serebat
301 2184 525 2219 Heinsius.-·
533 2184 635 2231 Regii
646 2183 754 2219 nostri
755 2183 842 2228 sur-

157 2236 450 2282 tisqueetsraude‚
468 2249 546 2282 quae
556 2236 659 2271 lectio
671 2237 761 2271 bona
776 2244 839 2271 est.

158 2291 352 2332 —Inserin
370 2289 528 2334 plerique
545 2289 558 2331 (
571 2294 607 2323 et
621 2288 721 2334 Regii
736 2288 838 2332 cod.)

156 2347 288 2379 inser-12⁴¹.
311 2343 423 2378 Insere*
446 2342 624 2388 eleganter
648 2341 752 2376 dicun
758 2349 815 2376 tur
826 2368 837 2386 ,

159 2395 268 2441 quiin
279 2395 430 2430 alienam
445 2400 588 2440 gentem
599 2392 654 2427 vel
668 2392 841 2438 adoptan-

159 2455 220 2484 tur
228 2448 328 2482 velse
339 2448 526 2493 ingerunt,
538 2459 611 2480 voc.
623 2445 665 2479 ab
676 2445 839 2481 insitione

160 2500 382 2537 surculorum
397 2500 529 2546 petit03
549 2497 718 2533 Phaedrus
731 2525 740 2542 ,
758 2499 814 2534 111
829 2526 839 2544 ,

165 2564 230 2596 111,
250 2565 310 2596 ιο,
328 2556 461 2587 insiu'us‘
468 2553 583 2592 liberi,
599 2550 843 2596 spurii—No-

165 2610 258 2643 mina
274 2610 393 2642 altena·
407 2610 519 2650 genm·
541 2604 666 2640 melius
677 2604 696 2649 ‚‘
711 2617 816 2650 quam
829 2632 839 2650 ‚

165 2673 220 2701 se,
231 2659 311 2705 quia
321 2659 357 2693 in
367 2658 455 2694 serie
466 2658 666 2693 scribuntur
676 2657 819 2692 nomina
830 2672 841 2702 ;

160 2711 315 2755 Plinius,
334 2723 457 2756 paneg.
470 2710 673 2754 XXXVII,
691 2724 707 2755 7
719 2736 728 2754 ‚
743 2713 844 2755 impie

161 2767 216 2799 bis
226 2767 416 2800 nominibus
430 2767 537 2799 inseri
539 2765 766 2809 publicanum.

945 1079 1000 1122 34.
1028 1079 1087 1113 An
1109 1079 1203 1123 quod
1221 1080 1257 1111 ιἰι
1284 1089 1381 1111 arma
1401 1078 1497 1122 prior
1521 1082 1586 1110 etc.

905 1130 1031 1175 Quum
1051 1142 1125 1164 non
1148 1129 1294 1165 haberet
1313 1129 1425 1174 Aiax,
1448 1141 1510 1163 cur
1526 1140 1587 1162 sua

902 1182 990 1217 sacta
1000 1188 1295 1217 commemoraret
1307 1208 1316 1225 ,
1335 1194 1413 1226 quae
1423 1180 1487 1226 ipsi
1497 1179 1587 1214 vide·

904 1243 986 1271 rant
1001 1236 1136 1279 Graeci,
1153 1236 1313 1282 copiosus
1330 1242 1382 1270 est
1399 1235 1434 1269 in
1453 1233 1587 1282 Ulyssis

904 1288 1089 1323 sceleribus
1110 1287 1325 1334 detegendis.
1358 1290 1416 1322 An
1434 1288 1543 1331 quod.
1559 1311 1566 1318 .
1581 1312 1587 1317 .

904 1343 1015 1378 nu'hi?
1033 1341 1255 1387 Indignantis
1271 1347 1306 1375 et
1322 1339 1500 1374 irridentis
1512 1338 1588 1373 ani-

902 1394 951 1429 mi
965 1401 1035 1438 est,
1054 1407 1177 1440 rogare
1191 1421 1200 1438 ,
1218 1407 1263 1429 ne
1281 1407 1322 1429 ea
1339 1394 1438 1429 nobis
1451 1393 1587 1435 obsint,

903 1458 980 1491 quae
997 1446 1161 1492 prodesse
1178 1447 1280 1481 nobis
1299 1445 1353 1480 vel
1378 1445 1526 1479 maxime
1552 1444 1589 1477 in

902 1511 1002 1534 causa
1012 1498 1143 1533 debent
1155 1525 1164 1543 ,
1184 1505 1224 1533 ut
1234 1499 1285 1534 lx
1296 1524 1306 1541 ,
1319 1511 1356 1532 21
1373 1510 1432 1543 sq,
1446 1504 1481 1532 et
1497 1497 1589 1531 infra

902 1565 990 1586 vers.
1012 1552 1072 1587 135
1083 1565 1133 1598 sq.
1151 1551 1305 1587 Antisth.
1318 1565 1351 1597 p.
1367 1552 1409 1586 56
1423 1577 1431 1594 ,
1446 1557 1586 1585 tantum

903 1604 946 1639 de
965 1604 1091 1652 Ulysse
1116 1617 1124 1639 ζ
1151 1607 1180 1643 ἒς
1209 1608 1266 1649 οὺχ
1289 1606 1362 1639 ἑκὼν
1380 1629 1389 1647 ,
1415 1601 1480 1637 ἀλλ’
1507 1604 1588 1637 ἔχων

903 1657 1030 1702 ἐφῖκται
1060 1661 1102 1696 εἰς
1124 1661 1247 1703 Τροίαν·
1274 1663 1310 1691 et
1332 1655 1375 1690 de
1395 1654 1502 1700 Aiace
1517 1681 1527 1698 ,
1560 1655 1589 1692 ὃς

902 1714 1017 1758 πρῶτος
1035 1708 1085 1743 ἀεὶ
1102 1714 1155 1744 καὶ
1169 1711 1258 1752 [ad-⁴23
1276 1707 1588 1751 ‘tinemuta—Nullo

902 1764 1092 1796 sub't'ndt'ce
1103 1787 1112 1802 ‚
1146 1768 1185 1796 ut
1201 1760 1293 1806 apud
1311 1760 1458 1795 Florum
1473 1785 1482 1803 ,
1511 1758 1565 1793 IV
1576 1784 1587 1802 ,

904 1815 924 1849 8
935 1839 945 1857 ,
963 1816 1025 1847 sub
1035 1826 1233 1858 percussore
1247 1815 1341 1847 morl.
1362 1813 1404 1847 In
1428 1810 1480 1845 his
1497 1837 1506 1853 ,
1529 1812 1592 1845 sub

903 1879 1041 1901 causam
1057 1866 1270 1901 efficientem
1288 1871 1398 1900 notat.
1411 1883 1454 1890 —
1470 1863 1524 1898 De
1542 1863 1591 1897 si-
1605 1887 1607 1889 »

904 1917 1182 1965 mulataUlyssis
1202 1917 1336 1952 insania
1355 1916 1434 1951 vide
1455 1915 1590 1963 Hygini

903 1971 1057 2007 fabulam
1076 1975 1119 2020 95
1137 1985 1146 2006 :
1166 1986 1182 2002 «ι
1203 1971 1246 2007 Εἰ
1264 1978 1340 2006 erat
1355 1983 1586 2017 responsum:

906 2040 924 2056 »
941 2026 970 2061 si
991 2025 1033 2060 ad
1053 2025 1200 2070 Troiam
1232 2024 1313 2059 isset
1326 2050 1336 2068 ,
1361 2030 1439 2069 post
1461 2023 1591 2058 vicesi—

904 2093 923 2110 ›·
942 2091 1042 2112 mum
1060 2090 1194 2112 annum
1208 2103 1217 2120 ‚
1237 2076 1351 2111 solum
1365 2103 1376 2120 ,
1394 2075 1493 2111 sociis
1509 2089 1592 2121 per-

906 2147 924 2164 »
944 2132 1036 2176 ditis,
1047 2139 1210 2177 egentem
1220 2131 1367 2166 domum
1378 2130 1588 2165 rediturum.

906 2201 925 2217 ³»
946 2187 1069 2231 Itaque
1087 2198 1198 2231 quum
1213 2186 1317 2220 sciret
1329 2185 1372 2219 ad
1384 2198 1420 2219 se
1433 2191 1590 2220 oratores

904 2253 924 2270 »
942 2245 1127 2281 venturos,
1142 2237 1313 2273 insaniam
1329 2236 1590 2282 simulansjpi-

906 2306 924 2323 »
943 2292 1039 2327 leum
1054 2292 1179 2327 sumsit
1190 2317 1200 2335 ,
1213 2298 1248 2326 et
1261 2304 1394 2337 equum
1405 2304 1484 2326 cum
1500 2290 1589 2325 bove

907 2359 925 2375 »
943 2344 1059 2390 junxit
1079 2343 1123 2379 ad
1142 2350 1309 2378 aratrum.
1337 2343 1459 2388 Quem
1480 2343 1590 2378 Pala-

908 2412 925 2428 »
945 2396 1066 2432 medes
1087 2395 1256 2442 (Nauplii
1271 2394 1391 2441 filius)
1419 2403 1459 2430 ut
1479 2395 1588 2439 vidit,

907 2464 925 2480 »ι
946 2448 1054 2484 sensit
1077 2448 1241 2483 simulare
1257 2474 1266 2491 ,
1294 2454 1398 2493 atque
1416 2447 1589 2482 Telema—

908 2515 926 2532 »
945 2501 1052 2536 chum
1062 2500 1174 2535 filium
1185 2500 1272 2544 ejus,
1286 2499 1385 2534 cunis
1393 2498 1568 2541 sublatum
1578 2527 1588 2544 ‚

908 2569 926 2586 »
947 2561 1063 2589 aratro
1086 2555 1117 2588 ei
1139 2553 1285 2598 subjecit
1299 2579 1308 2596 ,
1329 2559 1366 2588 et
1383 2553 1431 2588 ait
1448 2565 1456 2588 z
1474 2553 1589 2588 simu-

908 2622 926 2638 »
946 2606 1075 2641 latione
1090 2605 1245 2650 deposita
1258 2631 1267 2648 ,
1285 2605 1380 2640 inter
1390 2605 1590 2650 conjuratos

907 2674 926 2691 υ
946 2658 1036 2694 veni.
1055 2672 1073 2688 n
1098 2658 1154 2692 De
1173 2657 1387 2692 Telemacho
1409 2671 1464 2693 res
1486 2658 1590 2704 paulo

908 2710 1009 2745 aliter
1028 2710 1065 2744 in
1086 2709 1241 2745 carmine
1263 2709 1398 2758 Cyprio
1416 2716 1591 2745 narratur.

909 2762 1017 2809 AEgre
1038 2770 1132 2798 certe
1148 2762 1279 2808 impelli
1295 2762 1411 2809 potuit
1426 2788 1436 2805 ,
1461 2769 1501 2796 ut
1521 2761 1591 2796 ad-
