<?xml version="1.0" encoding="UTF-8"?>
<!DOCTYPE html PUBLIC "-//W3C//DTD XHTML 1.0 Transitional//EN"
    "http://www.w3.org/TR/xhtml1/DTD/xhtml1-transitional.dtd">
<html xmlns="http://www.w3.org/1999/xhtml" xml:lang="en" lang="en">
 <head>
  <title>
</title>
<meta http-equiv="Content-Type" content="text/html;charset=utf-8" />
  <meta name='ocr-system' content='tesseract 3.04.00' />
  <meta name='ocr-capabilities' content='ocr_page ocr_carea ocr_par ocr_line ocrx_word'/>
</head>
<body>
  <div class='ocr_page' id='page_1' title='image "./quaeextantomniao04oviduoft_0559.png"; bbox 0 0 1820 3106; ppageno 0'>
   <div class='ocr_carea' id='block_1_1' title="bbox 355 226 1581 284">
    <p class='ocr_par' dir='ltr' id='par_1_1' title="bbox 355 226 1581 284">
     <span class='ocr_line' id='line_1_1' title="bbox 355 226 1581 284; baseline -0.002 -10"><span class='ocrx_word' id='word_1_1' title='bbox 355 226 1046 274; x_wconf 84' lang='lat' dir='ltr'><strong>METAMORPHOSEON</strong></span> <span class='ocrx_word' id='word_1_2' title='bbox 1077 229 1208 272; x_wconf 90' lang='lat' dir='ltr'><strong>LIB.</strong></span> <span class='ocrx_word' id='word_1_3' title='bbox 1238 228 1354 272; x_wconf 89' lang='lat' dir='ltr'><strong>XV.</strong></span> <span class='ocrx_word' id='word_1_4' title='bbox 1494 227 1581 284; x_wconf 76' lang='lat'><strong>545</strong></span> 
     </span>
    </p>
   </div>
   <div class='ocr_carea' id='block_1_2' title="bbox 149 315 1590 861">
    <p class='ocr_par' dir='ltr' id='par_1_2' title="bbox 153 315 1391 391">
     <span class='ocr_line' id='line_1_2' title="bbox 153 315 1391 391; baseline -0.003 -17"><span class='ocrx_word' id='word_1_5' title='bbox 153 345 179 367; x_wconf 69' lang='grc' dir='ltr'><strong>υ</strong></span> <span class='ocrx_word' id='word_1_6' title='bbox 201 322 426 391; x_wconf 78' lang='lat' dir='ltr'><strong>Quisquis</strong></span> <span class='ocrx_word' id='word_1_7' title='bbox 449 315 576 380; x_wconf 86' lang='lat' dir='ltr'><strong>ades,</strong></span> <span class='ocrx_word' id='word_1_8' title='bbox 600 320 714 369; x_wconf 84' lang='lat' dir='ltr'><strong>dixit</strong></span> <span class='ocrx_word' id='word_1_9' title='bbox 733 341 744 370; x_wconf 90' lang='lat'><strong>:</strong></span> <span class='ocrx_word' id='word_1_10' title='bbox 766 320 852 379; x_wconf 87' lang='lat' dir='ltr'><strong>sis,</strong></span> <span class='ocrx_word' id='word_1_11' title='bbox 878 340 906 369; x_wconf 96' lang='lat' dir='ltr'><strong>o</strong></span> <span class='ocrx_word' id='word_1_12' title='bbox 928 320 1245 388; x_wconf 83' lang='lat' dir='ltr'><strong>pulcherrime,</strong></span> <span class='ocrx_word' id='word_1_13' title='bbox 1267 321 1391 370; x_wconf 86' lang='lat' dir='ltr'><strong>visus</strong></span> 
     </span>
    </p>

    <p class='ocr_par' dir='ltr' id='par_1_3' title="bbox 152 397 1590 625">
     <span class='ocr_line' id='line_1_3' title="bbox 155 397 1395 468; baseline -0.002 -17"><span class='ocrx_word' id='word_1_14' title='bbox 155 424 181 446; x_wconf 69' lang='grc' dir='ltr'><strong>ἰ</strong></span> <span class='ocrx_word' id='word_1_15' title='bbox 206 402 414 459; x_wconf 77' lang='lat' dir='ltr'><strong>Utiliter3</strong></span> <span class='ocrx_word' id='word_1_16' title='bbox 438 399 724 468; x_wconf 88' lang='lat' dir='ltr'><strong>populosque</strong></span> <span class='ocrx_word' id='word_1_17' title='bbox 744 399 869 465; x_wconf 86' lang='lat' dir='ltr'><strong>juves</strong></span> <span class='ocrx_word' id='word_1_18' title='bbox 893 410 969 448; x_wconf 90' lang='lat' dir='ltr'><strong>tua</strong></span> <span class='ocrx_word' id='word_1_19' title='bbox 992 418 1113 448; x_wconf 86' lang='lat' dir='ltr'><strong>sacra</strong></span> <span class='ocrx_word' id='word_1_20' title='bbox 1136 397 1344 448; x_wconf 87' lang='lat' dir='ltr'><strong>colentes.</strong></span> <span class='ocrx_word' id='word_1_21' title='bbox 1370 420 1395 442; x_wconf 87' lang='lat'>»</span> 
     </span>
     <span class='ocr_line' id='line_1_4' title="bbox 152 477 1590 547; baseline -0.002 -19"><span class='ocrx_word' id='word_1_22' title='bbox 152 479 376 547; x_wconf 81' lang='lat' dir='ltr'><strong>Quisquis</strong></span> <span class='ocrx_word' id='word_1_23' title='bbox 393 478 551 537; x_wconf 85' lang='lat' dir='ltr'><strong>adest,</strong></span> <span class='ocrx_word' id='word_1_24' title='bbox 572 477 745 544; x_wconf 89' lang='lat' dir='ltr'><strong>jussum</strong></span> <span class='ocrx_word' id='word_1_25' title='bbox 763 489 1027 526; x_wconf 88' lang='lat' dir='ltr'><strong>venerantur</strong></span> <span class='ocrx_word' id='word_1_26' title='bbox 1047 496 1241 535; x_wconf 87' lang='lat' dir='ltr'><strong>numen;</strong></span> <span class='ocrx_word' id='word_1_27' title='bbox 1268 489 1313 527; x_wconf 89' lang='lat' dir='ltr'><strong>et</strong></span> <span class='ocrx_word' id='word_1_28' title='bbox 1336 496 1494 527; x_wconf 87' lang='lat' dir='ltr'><strong>omnes</strong></span> <span class='ocrx_word' id='word_1_29' title='bbox 1522 480 1590 528; x_wconf 65' lang='lat'><strong>686</strong></span> 
     </span>
     <span class='ocr_line' id='line_1_5' title="bbox 153 556 1297 625; baseline -0.001 -17"><span class='ocrx_word' id='word_1_30' title='bbox 153 559 306 610; x_wconf 82' lang='lat' dir='ltr'><strong>Verba</strong></span> <span class='ocrx_word' id='word_1_31' title='bbox 325 558 566 608; x_wconf 87' lang='lat' dir='ltr'><strong>sacerdotis</strong></span> <span class='ocrx_word' id='word_1_32' title='bbox 587 557 787 607; x_wconf 86' lang='lat' dir='ltr'><strong>referunt</strong></span> <span class='ocrx_word' id='word_1_33' title='bbox 811 557 1030 621; x_wconf 86' lang='lat' dir='ltr'><strong>geminata</strong></span> <span class='ocrx_word' id='word_1_34' title='bbox 1044 595 1055 616; x_wconf 92' lang='lat'>‚</span> <span class='ocrx_word' id='word_1_35' title='bbox 1081 556 1297 625; x_wconf 88' lang='lat' dir='ltr'><strong>piumque</strong></span> 
     </span>
    </p>

    <p class='ocr_par' dir='ltr' id='par_1_4' title="bbox 155 634 1255 702">
     <span class='ocr_line' id='line_1_6' title="bbox 155 634 1255 702; baseline -0.003 -17"><span class='ocrx_word' id='word_1_36' title='bbox 155 635 366 686; x_wconf 81' lang='lat' dir='ltr'><strong>AEneadae</strong></span> <span class='ocrx_word' id='word_1_37' title='bbox 388 645 604 702; x_wconf 69' lang='lat' dir='ltr'><strong>praestant</strong></span> <span class='ocrx_word' id='word_1_38' title='bbox 625 646 670 684; x_wconf 90' lang='lat' dir='ltr'><strong>et</strong></span> <span class='ocrx_word' id='word_1_39' title='bbox 687 646 833 683; x_wconf 89' lang='lat' dir='ltr'><strong>mente</strong></span> <span class='ocrx_word' id='word_1_40' title='bbox 851 646 896 682; x_wconf 90' lang='lat' dir='ltr'><strong>et</strong></span> <span class='ocrx_word' id='word_1_41' title='bbox 915 653 1023 683; x_wconf 86' lang='lat' dir='ltr'><strong>-voee</strong></span> <span class='ocrx_word' id='word_1_42' title='bbox 1045 634 1255 683; x_wconf 88' lang='lat' dir='ltr'><strong>favorem.</strong></span> 
     </span>
    </p>

    <p class='ocr_par' dir='ltr' id='par_1_5' title="bbox 153 712 1369 781">
     <span class='ocr_line' id='line_1_7' title="bbox 153 712 1369 781; baseline -0.002 -18"><span class='ocrx_word' id='word_1_43' title='bbox 153 713 330 763; x_wconf 88' lang='lat' dir='ltr'><strong>Adnuit</strong></span> <span class='ocrx_word' id='word_1_44' title='bbox 349 713 447 773; x_wconf 83' lang='lat' dir='ltr'><strong>his;</strong></span> <span class='ocrx_word' id='word_1_45' title='bbox 475 713 699 781; x_wconf 86' lang='lat' dir='ltr'><strong>motisque</strong></span> <span class='ocrx_word' id='word_1_46' title='bbox 722 713 846 762; x_wconf 91' lang='lat' dir='ltr'><strong>Deus</strong></span> <span class='ocrx_word' id='word_1_47' title='bbox 872 724 967 761; x_wconf 90' lang='lat' dir='ltr'><strong>rata</strong></span> <span class='ocrx_word' id='word_1_48' title='bbox 988 712 1177 780; x_wconf 83' lang='lat' dir='ltr'><strong>pignora</strong></span> <span class='ocrx_word' id='word_1_49' title='bbox 1198 712 1369 772; x_wconf 87' lang='lat' dir='ltr'><strong>cristis,</strong></span> 
     </span>
    </p>

    <p class='ocr_par' dir='ltr' id='par_1_6' title="bbox 149 791 1136 861">
     <span class='ocr_line' id='line_1_8' title="bbox 149 791 1136 861; baseline -0.003 -19"><span class='ocrx_word' id='word_1_50' title='bbox 149 795 245 842; x_wconf 86' lang='lat' dir='ltr'><strong>Ter</strong></span> <span class='ocrx_word' id='word_1_51' title='bbox 266 794 455 861; x_wconf 88' lang='lat' dir='ltr'><strong>repetita</strong></span> <span class='ocrx_word' id='word_1_52' title='bbox 477 793 601 842; x_wconf 78' lang='lat' dir='ltr'><strong>dedit</strong></span> <span class='ocrx_word' id='word_1_53' title='bbox 622 793 796 842; x_wconf 81' lang='lat' dir='ltr'><strong>vibrata</strong></span> <span class='ocrx_word' id='word_1_54' title='bbox 817 791 948 842; x_wconf 84' lang='lat' dir='ltr'><strong>sibila</strong></span> <span class='ocrx_word' id='word_1_55' title='bbox 970 791 1136 856; x_wconf 84' lang='lat' dir='ltr'><strong>lingua.</strong></span> 
     </span>
    </p>
   </div>
   <div class='ocr_carea' id='block_1_3' title="bbox 101 871 1294 938">
    <p class='ocr_par' dir='ltr' id='par_1_7' title="bbox 101 871 1294 938">
     <span class='ocr_line' id='line_1_9' title="bbox 101 871 1294 938; baseline -0.003 -17"><span class='ocrx_word' id='word_1_56' title='bbox 101 875 106 878; x_wconf 49' lang='lat'><strong>⁴</strong></span> <span class='ocrx_word' id='word_1_57' title='bbox 154 872 274 921; x_wconf 90' lang='lat' dir='ltr'><strong>Tum</strong></span> <span class='ocrx_word' id='word_1_58' title='bbox 299 872 510 936; x_wconf 83' lang='lat' dir='ltr'><strong>gradibus</strong></span> <span class='ocrx_word' id='word_1_59' title='bbox 529 872 685 921; x_wconf 79' lang='lat' dir='ltr'><strong>nitidis</strong></span> <span class='ocrx_word' id='word_1_60' title='bbox 709 871 956 929; x_wconf 72' lang='lat' dir='ltr'><strong>delabitur,</strong></span> <span class='ocrx_word' id='word_1_61' title='bbox 984 889 1151 938; x_wconf 89' lang='lat' dir='ltr'><strong>oraque</strong></span> <span class='ocrx_word' id='word_1_62' title='bbox 1173 881 1294 919; x_wconf 91' lang='lat' dir='ltr'><strong>retro</strong></span> 
     </span>
    </p>
   </div>
   <div class='ocr_carea' id='block_1_4' title="bbox 1526 883 1599 920">
    <p class='ocr_par' dir='ltr' id='par_1_8' title="bbox 1526 883 1599 920">
     <span class='ocr_line' id='line_1_10' title="bbox 1526 883 1599 920; baseline -0.014 -1"><span class='ocrx_word' id='word_1_63' title='bbox 1526 883 1599 920; x_wconf 80' lang='lat'><strong>685</strong></span> 
     </span>
    </p>
   </div>
   <div class='ocr_carea' id='block_1_5' title="bbox 156 949 1562 1252">
    <p class='ocr_par' dir='ltr' id='par_1_9' title="bbox 156 949 1216 1018">
     <span class='ocr_line' id='line_1_11' title="bbox 156 949 1216 1018; baseline -0.003 -18"><span class='ocrx_word' id='word_1_64' title='bbox 156 950 322 1000; x_wconf 81' lang='lat' dir='ltr'><strong>Flectit</strong></span> <span class='ocrx_word' id='word_1_65' title='bbox 336 989 348 1010; x_wconf 89' lang='lat'><strong>‚</strong></span> <span class='ocrx_word' id='word_1_66' title='bbox 364 963 416 1000; x_wconf 79' lang='lat' dir='ltr'><strong>et</strong></span> <span class='ocrx_word' id='word_1_67' title='bbox 435 951 643 1018; x_wconf 86' lang='lat' dir='ltr'><strong>antiquas</strong></span> <span class='ocrx_word' id='word_1_68' title='bbox 664 950 869 999; x_wconf 86' lang='lat' dir='ltr'><strong>abiturus</strong></span> <span class='ocrx_word' id='word_1_69' title='bbox 889 949 1073 1017; x_wconf 77' lang='lat' dir='ltr'><strong>respicit</strong></span> <span class='ocrx_word' id='word_1_70' title='bbox 1094 968 1191 998; x_wconf 82' lang='lat' dir='ltr'><strong>aras</strong></span> <span class='ocrx_word' id='word_1_71' title='bbox 1204 987 1216 1009; x_wconf 90' lang='lat'>‚</span> 
     </span>
    </p>

    <p class='ocr_par' dir='ltr' id='par_1_10' title="bbox 157 1026 1382 1097">
     <span class='ocr_line' id='line_1_12' title="bbox 157 1026 1382 1097; baseline -0.003 -18"><span class='ocrx_word' id='word_1_72' title='bbox 157 1029 470 1097; x_wconf 87' lang='lat' dir='ltr'><strong>Adsuetasque</strong></span> <span class='ocrx_word' id='word_1_73' title='bbox 492 1030 685 1088; x_wconf 76' lang='lat' dir='ltr'><strong>domos,</strong></span> <span class='ocrx_word' id='word_1_74' title='bbox 707 1028 994 1095; x_wconf 74' lang='lat' dir='ltr'><strong>habitataque</strong></span> <span class='ocrx_word' id='word_1_75' title='bbox 1018 1027 1184 1095; x_wconf 84' lang='lat' dir='ltr'><strong>templa</strong></span> <span class='ocrx_word' id='word_1_76' title='bbox 1207 1026 1382 1076; x_wconf 87' lang='lat' dir='ltr'><strong>salutat.</strong></span> 
     </span>
    </p>

    <p class='ocr_par' dir='ltr' id='par_1_11' title="bbox 158 1106 1244 1175">
     <span class='ocr_line' id='line_1_13' title="bbox 158 1106 1244 1175; baseline -0.002 -19"><span class='ocrx_word' id='word_1_77' title='bbox 158 1107 268 1157; x_wconf 87' lang='lat' dir='ltr'><strong>Inde</strong></span> <span class='ocrx_word' id='word_1_78' title='bbox 292 1126 373 1175; x_wconf 89' lang='lat' dir='ltr'><strong>per</strong></span> <span class='ocrx_word' id='word_1_79' title='bbox 394 1107 570 1174; x_wconf 86' lang='lat' dir='ltr'><strong>injectis</strong></span> <span class='ocrx_word' id='word_1_80' title='bbox 593 1108 850 1174; x_wconf 82' lang='lat' dir='ltr'><strong>adopertam</strong></span> <span class='ocrx_word' id='word_1_81' title='bbox 874 1106 1063 1155; x_wconf 84' lang='lat' dir='ltr'><strong>floribus</strong></span> <span class='ocrx_word' id='word_1_82' title='bbox 1087 1107 1244 1171; x_wconf 86' lang='lat' dir='ltr'><strong>ingens</strong></span> 
     </span>
    </p>

    <p class='ocr_par' dir='ltr' id='par_1_12' title="bbox 159 1181 1562 1252">
     <span class='ocr_line' id='line_1_14' title="bbox 159 1181 1562 1252; baseline -0.001 -18"><span class='ocrx_word' id='word_1_83' title='bbox 159 1185 312 1252; x_wconf 87' lang='lat' dir='ltr'><strong>Serpit</strong></span> <span class='ocrx_word' id='word_1_84' title='bbox 333 1184 521 1234; x_wconf 91' lang='lat' dir='ltr'><strong>humum</strong></span> <span class='ocrx_word' id='word_1_85' title='bbox 536 1222 549 1242; x_wconf 90' lang='lat'><strong>‚</strong></span> <span class='ocrx_word' id='word_1_86' title='bbox 572 1184 799 1251; x_wconf 86' lang='lat' dir='ltr'><strong>flectitque</strong></span> <span class='ocrx_word' id='word_1_87' title='bbox 824 1184 950 1234; x_wconf 89' lang='lat' dir='ltr'><strong>sinus</strong></span> <span class='ocrx_word' id='word_1_88' title='bbox 964 1223 976 1243; x_wconf 87' lang='lat'><strong>‚</strong></span> <span class='ocrx_word' id='word_1_89' title='bbox 999 1184 1279 1251; x_wconf 87' lang='lat' dir='ltr'><strong>mediamque</strong></span> <span class='ocrx_word' id='word_1_90' title='bbox 1302 1201 1383 1250; x_wconf 89' lang='lat' dir='ltr'><strong>per</strong></span> <span class='ocrx_word' id='word_1_91' title='bbox 1403 1181 1562 1234; x_wconf 61' lang='lat' dir='ltr'><strong>unbem</strong></span> 
     </span>
    </p>
   </div>
   <div class='ocr_carea' id='block_1_6' title="bbox 159 1263 1218 1331">
    <p class='ocr_par' dir='ltr' id='par_1_13' title="bbox 159 1263 1218 1331">
     <span class='ocr_line' id='line_1_15' title="bbox 159 1263 1218 1331; baseline -0.002 -18"><span class='ocrx_word' id='word_1_92' title='bbox 159 1263 329 1314; x_wconf 71' lang='lat' dir='ltr'><strong>Tendit</strong></span> <span class='ocrx_word' id='word_1_93' title='bbox 351 1263 407 1312; x_wconf 87' lang='lat' dir='ltr'><strong>ad</strong></span> <span class='ocrx_word' id='word_1_94' title='bbox 430 1263 614 1312; x_wconf 88' lang='lat' dir='ltr'><strong>incurvo</strong></span> <span class='ocrx_word' id='word_1_95' title='bbox 638 1263 839 1312; x_wconf 86' lang='lat' dir='ltr'><strong>munitos</strong></span> <span class='ocrx_word' id='word_1_96' title='bbox 864 1282 1022 1327; x_wconf 81' lang='lat' dir='ltr'><strong>aggere</strong></span> <span class='ocrx_word' id='word_1_97' title='bbox 1044 1275 1218 1331; x_wconf 87' lang='lat' dir='ltr'><strong>portus.</strong></span> 
     </span>
    </p>
   </div>
   <div class='ocr_carea' id='block_1_7' title="bbox 1537 1276 1607 1323">
    <p class='ocr_par' dir='ltr' id='par_1_14' title="bbox 1537 1276 1607 1323">
     <span class='ocr_line' id='line_1_16' title="bbox 1537 1276 1607 1323; baseline 0 -14"><span class='ocrx_word' id='word_1_98' title='bbox 1537 1276 1607 1323; x_wconf 81' lang='lat'><strong>690</strong></span> 
     </span>
    </p>
   </div>
   <div class='ocr_carea' id='block_1_8' title="bbox 161 1340 1427 1643">
    <p class='ocr_par' dir='ltr' id='par_1_15' title="bbox 161 1340 1427 1486">
     <span class='ocr_line' id='line_1_17' title="bbox 161 1340 1427 1409; baseline -0.002 -17"><span class='ocrx_word' id='word_1_99' title='bbox 161 1343 351 1393; x_wconf 77' lang='lat' dir='ltr'><strong>Restitit</strong></span> <span class='ocrx_word' id='word_1_100' title='bbox 368 1342 470 1402; x_wconf 87' lang='lat' dir='ltr'><strong>hic;</strong></span> <span class='ocrx_word' id='word_1_101' title='bbox 494 1360 743 1409; x_wconf 82' lang='lat' dir='ltr'><strong>agmenque</strong></span> <span class='ocrx_word' id='word_1_102' title='bbox 762 1361 916 1400; x_wconf 86' lang='lat' dir='ltr'><strong>suum,</strong></span> <span class='ocrx_word' id='word_1_103' title='bbox 942 1342 1175 1409; x_wconf 79' lang='lat' dir='ltr'><strong>turbaeque</strong></span> <span class='ocrx_word' id='word_1_104' title='bbox 1200 1340 1427 1408; x_wconf 87' lang='lat' dir='ltr'><strong>sequentis</strong></span> 
     </span>
     <span class='ocr_line' id='line_1_18' title="bbox 164 1417 1143 1486; baseline -0.006 -14"><span class='ocrx_word' id='word_1_105' title='bbox 164 1419 379 1472; x_wconf 78' lang='lat' dir='ltr'><strong>Officium</strong></span> <span class='ocrx_word' id='word_1_106' title='bbox 397 1418 576 1486; x_wconf 82' lang='lat' dir='ltr'><strong>placido</strong></span> <span class='ocrx_word' id='word_1_107' title='bbox 596 1419 718 1468; x_wconf 86' lang='lat' dir='ltr'><strong>visus</strong></span> <span class='ocrx_word' id='word_1_108' title='bbox 742 1418 964 1468; x_wconf 78' lang='lat' dir='ltr'><strong>dimittere</strong></span> <span class='ocrx_word' id='word_1_109' title='bbox 988 1417 1115 1479; x_wconf 79' lang='lat' dir='ltr'><strong>vultu</strong></span> <span class='ocrx_word' id='word_1_110' title='bbox 1131 1456 1143 1478; x_wconf 93' lang='lat'>,</span> 
     </span>
    </p>

    <p class='ocr_par' dir='ltr' id='par_1_16' title="bbox 165 1494 1278 1643">
     <span class='ocr_line' id='line_1_19' title="bbox 165 1494 1278 1565; baseline -0.002 -18"><span class='ocrx_word' id='word_1_111' title='bbox 165 1499 345 1565; x_wconf 84' lang='lat' dir='ltr'><strong>Corpus</strong></span> <span class='ocrx_word' id='word_1_112' title='bbox 364 1497 413 1545; x_wconf 84' lang='lat' dir='ltr'><strong>in</strong></span> <span class='ocrx_word' id='word_1_113' title='bbox 433 1497 634 1545; x_wconf 81' lang='lat' dir='ltr'><strong>Ausonia</strong></span> <span class='ocrx_word' id='word_1_114' title='bbox 654 1497 812 1564; x_wconf 80' lang='lat' dir='ltr'><strong>posuit</strong></span> <span class='ocrx_word' id='word_1_115' title='bbox 834 1508 928 1545; x_wconf 87' lang='lat' dir='ltr'><strong>rate</strong></span> <span class='ocrx_word' id='word_1_116' title='bbox 947 1515 959 1544; x_wconf 73' lang='grc' dir='ltr'><strong><em>ε</em></strong></span> <span class='ocrx_word' id='word_1_117' title='bbox 982 1494 1180 1551; x_wconf 85' lang='lat' dir='ltr'><strong>numinis</strong></span> <span class='ocrx_word' id='word_1_118' title='bbox 1202 1494 1278 1545; x_wconf 85' lang='lat' dir='ltr'><strong>illa</strong></span> 
     </span>
     <span class='ocr_line' id='line_1_20' title="bbox 165 1568 1254 1643; baseline -0.003 -18"><span class='ocrx_word' id='word_1_119' title='bbox 165 1575 316 1634; x_wconf 85' lang='lat' dir='ltr'><strong>Sensit</strong></span> <span class='ocrx_word' id='word_1_120' title='bbox 336 1594 477 1632; x_wconf 90' lang='lat' dir='ltr'><strong>onus;</strong></span> <span class='ocrx_word' id='word_1_121' title='bbox 501 1593 742 1642; x_wconf 85' lang='lat' dir='ltr'><strong>pressaque</strong></span> <span class='ocrx_word' id='word_1_122' title='bbox 766 1574 852 1623; x_wconf 88' lang='lat' dir='ltr'><strong>Dei</strong></span> <span class='ocrx_word' id='word_1_123' title='bbox 873 1568 1084 1638; x_wconf 41' lang='lat' dir='ltr'><strong>grauitate</strong></span> <span class='ocrx_word' id='word_1_124' title='bbox 1106 1574 1254 1643; x_wconf 70' lang='lat' dir='ltr'><strong>carina</strong></span> 
     </span>
    </p>
   </div>
   <div class='ocr_carea' id='block_1_9' title="bbox 165 1646 1212 1725">
    <p class='ocr_par' dir='ltr' id='par_1_17' title="bbox 165 1646 1212 1725">
     <span class='ocr_line' id='line_1_21' title="bbox 165 1646 1212 1725; baseline -0.003 -20"><span class='ocrx_word' id='word_1_125' title='bbox 165 1654 374 1706; x_wconf 76' lang='lat' dir='ltr'><strong>AEneadae</strong></span> <span class='ocrx_word' id='word_1_126' title='bbox 397 1653 618 1718; x_wconf 85' lang='lat' dir='ltr'><strong>gaudent,</strong></span> <span class='ocrx_word' id='word_1_127' title='bbox 644 1673 845 1721; x_wconf 84' lang='lat' dir='ltr'><strong>caesoque</strong></span> <span class='ocrx_word' id='word_1_128' title='bbox 865 1654 912 1702; x_wconf 89' lang='lat' dir='ltr'><strong>in</strong></span> <span class='ocrx_word' id='word_1_129' title='bbox 928 1646 1212 1725; x_wconf 69' lang='lat' dir='ltr'><strong>litoretauro</strong></span> 
     </span>
    </p>
   </div>
   <div class='ocr_carea' id='block_1_10' title="bbox 1538 1668 1607 1716">
    <p class='ocr_par' dir='ltr' id='par_1_18' title="bbox 1538 1668 1607 1716">
     <span class='ocr_line' id='line_1_22' title="bbox 1538 1668 1607 1716; baseline 0 -14"><span class='ocrx_word' id='word_1_130' title='bbox 1538 1668 1607 1716; x_wconf 80' lang='lat'><strong>695</strong></span> 
     </span>
    </p>
   </div>
   <div class='ocr_carea' id='block_1_11' title="bbox 163 1728 1227 1801">
    <p class='ocr_par' dir='ltr' id='par_1_19' title="bbox 163 1728 1227 1801">
     <span class='ocr_line' id='line_1_23' title="bbox 163 1728 1227 1801; baseline -0.004 -19"><span class='ocrx_word' id='word_1_131' title='bbox 163 1733 302 1793; x_wconf 81' lang='lat' dir='ltr'><strong>Torta</strong></span> <span class='ocrx_word' id='word_1_132' title='bbox 323 1742 543 1782; x_wconf 77' lang='lat' dir='ltr'><strong>coronatae</strong></span> <span class='ocrx_word' id='word_1_133' title='bbox 566 1729 750 1780; x_wconf 77' lang='lat' dir='ltr'><strong>solvunt</strong></span> <span class='ocrx_word' id='word_1_134' title='bbox 770 1728 1014 1779; x_wconf 84' lang='lat' dir='ltr'><strong>retinacula</strong></span> <span class='ocrx_word' id='word_1_135' title='bbox 1038 1730 1171 1796; x_wconf 44' lang='lat' dir='ltr'><strong>navi„</strong></span> <span class='ocrx_word' id='word_1_136' title='bbox 1219 1786 1227 1801; x_wconf 22' lang='grc' dir='ltr'><em>ἃ</em></span> 
     </span>
    </p>
   </div>
   <div class='ocr_carea' id='block_1_12' title="bbox 153 1863 867 2805">
    <p class='ocr_par' dir='ltr' id='par_1_20' title="bbox 153 1863 867 2805">
     <span class='ocr_line' id='line_1_24' title="bbox 153 1863 855 1916; baseline -0.007 -13"><span class='ocrx_word' id='word_1_137' title='bbox 153 1868 287 1916; x_wconf 65' lang='lat' dir='ltr'><strong>favete.</strong></span> <span class='ocrx_word' id='word_1_138' title='bbox 297 1865 432 1901; x_wconf 79' lang='lat' dir='ltr'><strong>Animo</strong></span> <span class='ocrx_word' id='word_1_139' title='bbox 443 1863 487 1899; x_wconf 87' lang='lat' dir='ltr'><strong>ad</strong></span> <span class='ocrx_word' id='word_1_140' title='bbox 498 1877 594 1900; x_wconf 79' lang='lat' dir='ltr'><strong>saera</strong></span> <span class='ocrx_word' id='word_1_141' title='bbox 606 1870 756 1908; x_wconf 73' lang='lat' dir='ltr'><strong>attento,</strong></span> <span class='ocrx_word' id='word_1_142' title='bbox 770 1877 855 1910; x_wconf 77' lang='lat' dir='ltr'><strong>prae—</strong></span> 
     </span>
     <span class='ocr_line' id='line_1_25' title="bbox 168 1917 857 1962; baseline -0.003 -8"><span class='ocrx_word' id='word_1_143' title='bbox 168 1926 258 1954; x_wconf 79' lang='lat' dir='ltr'><strong>state</strong></span> <span class='ocrx_word' id='word_1_144' title='bbox 274 1918 377 1954; x_wconf 77' lang='lat' dir='ltr'><strong>saeris</strong></span> <span class='ocrx_word' id='word_1_145' title='bbox 391 1917 570 1953; x_wconf 78' lang='lat' dir='ltr'><strong>silentium</strong></span> <span class='ocrx_word' id='word_1_146' title='bbox 585 1942 594 1961; x_wconf 93' lang='lat'><strong><em>‚</em></strong></span> <span class='ocrx_word' id='word_1_147' title='bbox 610 1917 666 1962; x_wconf 84' lang='lat' dir='ltr'><strong>pia</strong></span> <span class='ocrx_word' id='word_1_148' title='bbox 679 1924 758 1952; x_wconf 83' lang='lat' dir='ltr'><strong>vota</strong></span> <span class='ocrx_word' id='word_1_149' title='bbox 768 1930 857 1953; x_wconf 86' lang='lat' dir='ltr'><strong>con-</strong></span> 
     </span>
     <span class='ocr_line' id='line_1_26' title="bbox 169 1968 857 2018; baseline -0.004 -11"><span class='ocrx_word' id='word_1_150' title='bbox 169 1971 273 2018; x_wconf 80' lang='lat' dir='ltr'><strong>cipite</strong></span> <span class='ocrx_word' id='word_1_151' title='bbox 283 1996 297 2015; x_wconf 81' lang='lat'>,</span> <span class='ocrx_word' id='word_1_152' title='bbox 315 1970 412 2006; x_wconf 66' lang='lat' dir='ltr'><strong>bona</strong></span> <span class='ocrx_word' id='word_1_153' title='bbox 426 1968 534 2004; x_wconf 83' lang='lat' dir='ltr'><strong>verba</strong></span> <span class='ocrx_word' id='word_1_154' title='bbox 550 1968 665 2004; x_wconf 80' lang='lat' dir='ltr'><strong>dicite.</strong></span> <span class='ocrx_word' id='word_1_155' title='bbox 679 1968 767 2003; x_wconf 81' lang='lat' dir='ltr'><strong>Mox</strong></span> <span class='ocrx_word' id='word_1_156' title='bbox 779 1994 789 2012; x_wconf 76' lang='lat'><em>‚</em></span> <span class='ocrx_word' id='word_1_157' title='bbox 806 1982 857 2004; x_wconf 78' lang='lat' dir='ltr'><strong>vs.</strong></span> 
     </span>
     <span class='ocr_line' id='line_1_27' title="bbox 160 2021 858 2069; baseline -0.006 -9"><span class='ocrx_word' id='word_1_158' title='bbox 160 2025 237 2060; x_wconf 25' lang='lat'><strong>*582</strong></span> <span class='ocrx_word' id='word_1_159' title='bbox 251 2050 262 2069; x_wconf 88' lang='lat'>,</span> <span class='ocrx_word' id='word_1_160' title='bbox 277 2029 443 2068; x_wconf 63' lang='lat' dir='ltr'><strong>prostant</strong></span> <span class='ocrx_word' id='word_1_161' title='bbox 454 2029 489 2057; x_wconf 85' lang='lat' dir='ltr'><strong>et</strong></span> <span class='ocrx_word' id='word_1_162' title='bbox 499 2027 606 2056; x_wconf 81' lang='lat' dir='ltr'><strong>mente</strong></span> <span class='ocrx_word' id='word_1_163' title='bbox 613 2027 654 2056; x_wconf 82' lang='lat' dir='ltr'><strong>et</strong></span> <span class='ocrx_word' id='word_1_164' title='bbox 665 2021 858 2065; x_wconf 74' lang='lat' dir='ltr'><strong>vocefuvo-</strong></span> 
     </span>
     <span class='ocr_line' id='line_1_28' title="bbox 169 2072 858 2119; baseline -0.009 -6"><span class='ocrx_word' id='word_1_165' title='bbox 169 2090 249 2113; x_wconf 74' lang='lat' dir='ltr'><strong>mm.</strong></span> <span class='ocrx_word' id='word_1_166' title='bbox 266 2074 377 2111; x_wconf 82' lang='lat' dir='ltr'><strong>Ed.—</strong></span> <span class='ocrx_word' id='word_1_167' title='bbox 385 2075 533 2110; x_wconf 81' lang='lat' dir='ltr'><strong>Pulcher</strong></span> <span class='ocrx_word' id='word_1_168' title='bbox 543 2073 709 2118; x_wconf 79' lang='lat' dir='ltr'><strong>frequens</strong></span> <span class='ocrx_word' id='word_1_169' title='bbox 720 2072 858 2119; x_wconf 78' lang='lat' dir='ltr'><strong>epithe—</strong></span> 
     </span>
     <span class='ocr_line' id='line_1_29' title="bbox 171 2126 860 2170; baseline -0.007 -5"><span class='ocrx_word' id='word_1_170' title='bbox 171 2137 237 2165; x_wconf 82' lang='lat' dir='ltr'><strong>ton</strong></span> <span class='ocrx_word' id='word_1_171' title='bbox 251 2128 435 2170; x_wconf 77' lang='lat' dir='ltr'><strong>Deorum3</strong></span> <span class='ocrx_word' id='word_1_172' title='bbox 452 2126 537 2163; x_wconf 86' lang='lat' dir='ltr'><strong>AEn.</strong></span> <span class='ocrx_word' id='word_1_173' title='bbox 552 2126 624 2162; x_wconf 91' lang='lat' dir='ltr'><strong>VII</strong></span> <span class='ocrx_word' id='word_1_174' title='bbox 636 2151 647 2170; x_wconf 90' lang='lat'>,</span> <span class='ocrx_word' id='word_1_175' title='bbox 659 2126 745 2170; x_wconf 76' lang='lat'><strong>656,</strong></span> <span class='ocrx_word' id='word_1_176' title='bbox 761 2131 860 2162; x_wconf 74' lang='lat' dir='ltr'><em>satus</em></span> 
     </span>
     <span class='ocr_line' id='line_1_30' title="bbox 172 2179 838 2226; baseline -0.008 -8"><span class='ocrx_word' id='word_1_177' title='bbox 172 2183 318 2218; x_wconf 81' lang='lat' dir='ltr'><strong>Hercule</strong></span> <span class='ocrx_word' id='word_1_178' title='bbox 327 2182 470 2226; x_wconf 77' lang='lat' dir='ltr'><strong>pulchro</strong></span> <span class='ocrx_word' id='word_1_179' title='bbox 482 2180 628 2214; x_wconf 78' lang='lat' dir='ltr'><strong>Pulcher</strong></span> <span class='ocrx_word' id='word_1_180' title='bbox 635 2179 672 2214; x_wconf 86' lang='lat' dir='ltr'><em>A</em></span> <span class='ocrx_word' id='word_1_181' title='bbox 675 2182 838 2216; x_wconf 66' lang='lat' dir='ltr'><strong>reatinus.</strong></span> 
     </span>
     <span class='ocr_line' id='line_1_31' title="bbox 229 2234 858 2280; baseline -0.008 -8"><span class='ocrx_word' id='word_1_182' title='bbox 229 2236 307 2272; x_wconf 71' lang='lat'><strong>581.</strong></span> <span class='ocrx_word' id='word_1_183' title='bbox 328 2234 495 2280; x_wconf 76' lang='lat' dir='ltr'><strong>Referunt</strong></span> <span class='ocrx_word' id='word_1_184' title='bbox 515 2236 686 2278; x_wconf 72' lang='lat' dir='ltr'><strong>geminata</strong></span> <span class='ocrx_word' id='word_1_185' title='bbox 706 2260 715 2274; x_wconf 91' lang='lat'><em>‚</em></span> <span class='ocrx_word' id='word_1_186' title='bbox 746 2246 858 2279; x_wconf 86' lang='lat' dir='ltr'><strong>repe-</strong></span> 
     </span>
     <span class='ocr_line' id='line_1_32' title="bbox 171 2285 859 2332; baseline -0.007 -7"><span class='ocrx_word' id='word_1_187' title='bbox 171 2295 266 2325; x_wconf 83' lang='lat' dir='ltr'><strong>tunt.</strong></span> <span class='ocrx_word' id='word_1_188' title='bbox 278 2306 321 2314; x_wconf 89' lang='lat'><strong>—</strong></span> <span class='ocrx_word' id='word_1_189' title='bbox 332 2288 502 2322; x_wconf 76' lang='lat' dir='ltr'><strong>Pmstaut</strong></span> <span class='ocrx_word' id='word_1_190' title='bbox 516 2292 581 2321; x_wconf 87' lang='lat' dir='ltr'><strong>etc.</strong></span> <span class='ocrx_word' id='word_1_191' title='bbox 594 2285 718 2321; x_wconf 79' lang='lat' dir='ltr'><strong>favent</strong></span> <span class='ocrx_word' id='word_1_192' title='bbox 732 2285 859 2332; x_wconf 81' lang='lat' dir='ltr'><strong>linguis</strong></span> 
     </span>
     <span class='ocr_line' id='line_1_33' title="bbox 171 2340 381 2386; baseline -0.01 -9"><span class='ocrx_word' id='word_1_193' title='bbox 171 2340 381 2386; x_wconf 77' lang='lat' dir='ltr'><strong>animisque.</strong></span> 
     </span>
     <span class='ocr_line' id='line_1_34' title="bbox 208 2389 860 2437; baseline -0.005 -8"><span class='ocrx_word' id='word_1_194' title='bbox 208 2393 292 2429; x_wconf 69' lang='lat'><strong>¹686.</strong></span> <span class='ocrx_word' id='word_1_195' title='bbox 318 2393 491 2437; x_wconf 70' lang='lat' dir='ltr'><strong>Antiquos</strong></span> <span class='ocrx_word' id='word_1_196' title='bbox 505 2402 518 2435; x_wconf 74' lang='lat'><strong>,⁶</strong></span> <span class='ocrx_word' id='word_1_197' title='bbox 538 2389 619 2426; x_wconf 72' lang='lat' dir='ltr'><strong>vide</strong></span> <span class='ocrx_word' id='word_1_198' title='bbox 645 2390 689 2426; x_wconf 83' lang='lat' dir='ltr'><strong>ad</strong></span> <span class='ocrx_word' id='word_1_199' title='bbox 711 2390 731 2425; x_wconf 66' lang='lat' dir='ltr'><strong>vI</strong></span> <span class='ocrx_word' id='word_1_200' title='bbox 747 2416 760 2435; x_wconf 79' lang='grc'>,</span> <span class='ocrx_word' id='word_1_201' title='bbox 788 2389 860 2426; x_wconf 79' lang='grc' dir='ltr'><strong>ιιὸ.</strong></span> 
     </span>
     <span class='ocr_line' id='line_1_35' title="bbox 172 2442 862 2481; baseline -0.004 0"><span class='ocrx_word' id='word_1_202' title='bbox 172 2445 294 2481; x_wconf 80' lang='lat' dir='ltr'><strong>Valer-</strong></span> <span class='ocrx_word' id='word_1_203' title='bbox 312 2445 491 2480; x_wconf 69' lang='lat' dir='ltr'><strong>Maximus</strong></span> <span class='ocrx_word' id='word_1_204' title='bbox 508 2457 518 2479; x_wconf 69' lang='grc' dir='ltr'><strong>ι</strong></span> <span class='ocrx_word' id='word_1_205' title='bbox 536 2458 555 2475; x_wconf 72' lang='grc' dir='ltr'><strong>«ι</strong></span> <span class='ocrx_word' id='word_1_206' title='bbox 570 2444 645 2479; x_wconf 81' lang='lat' dir='ltr'><strong>Per</strong></span> <span class='ocrx_word' id='word_1_207' title='bbox 660 2442 862 2479; x_wconf 70' lang='lat' dir='ltr'><strong>urbisne-le·-</strong></span> 
     </span>
     <span class='ocr_line' id='line_1_36' title="bbox 174 2496 862 2543; baseline 0.001 -12"><span class='ocrx_word' id='word_1_208' title='bbox 174 2512 194 2531; x_wconf 67' lang='grc' dir='ltr'>υ</span> <span class='ocrx_word' id='word_1_209' title='bbox 213 2496 386 2533; x_wconf 73' lang='lat' dir='ltr'><strong>ben-imas</strong></span> <span class='ocrx_word' id='word_1_210' title='bbox 399 2504 516 2543; x_wconf 82' lang='lat' dir='ltr'><strong>partes</strong></span> <span class='ocrx_word' id='word_1_211' title='bbox 534 2497 676 2532; x_wconf 77' lang='lat' dir='ltr'><strong>mitibus</strong></span> <span class='ocrx_word' id='word_1_212' title='bbox 699 2496 807 2532; x_wconf 77' lang='lat' dir='ltr'><strong>oculis</strong></span> <span class='ocrx_word' id='word_1_213' title='bbox 825 2503 862 2532; x_wconf 85' lang='lat' dir='ltr'><strong>et</strong></span> 
     </span>
     <span class='ocr_line' id='line_1_37' title="bbox 175 2547 862 2594; baseline -0.003 -10"><span class='ocrx_word' id='word_1_214' title='bbox 175 2564 196 2580; x_wconf 72' lang='lat' dir='ltr'>n</span> <span class='ocrx_word' id='word_1_215' title='bbox 213 2547 281 2584; x_wconf 80' lang='lat' dir='ltr'><strong>levi</strong></span> <span class='ocrx_word' id='word_1_216' title='bbox 296 2555 409 2583; x_wconf 85' lang='lat' dir='ltr'><strong>tractu</strong></span> <span class='ocrx_word' id='word_1_217' title='bbox 425 2547 492 2583; x_wconf 80' lang='lat' dir='ltr'><strong>labi</strong></span> <span class='ocrx_word' id='word_1_218' title='bbox 511 2547 614 2594; x_wconf 85' lang='lat' dir='ltr'><strong>coepit</strong></span> <span class='ocrx_word' id='word_1_219' title='bbox 627 2575 635 2584; x_wconf 90' lang='lat'><strong>.</strong></span> <span class='ocrx_word' id='word_1_220' title='bbox 648 2575 657 2583; x_wconf 90' lang='lat'><strong>.</strong></span> <span class='ocrx_word' id='word_1_221' title='bbox 670 2575 678 2583; x_wconf 85' lang='lat'><strong>.</strong></span> <span class='ocrx_word' id='word_1_222' title='bbox 688 2548 732 2583; x_wconf 87' lang='lat' dir='ltr'><strong>ad</strong></span> <span class='ocrx_word' id='word_1_223' title='bbox 748 2547 862 2583; x_wconf 82' lang='lat' dir='ltr'><strong>trire-</strong></span> 
     </span>
     <span class='ocr_line' id='line_1_38' title="bbox 179 2600 746 2646; baseline -0.004 -10"><span class='ocrx_word' id='word_1_224' title='bbox 179 2615 199 2632; x_wconf 73' lang='grc' dir='ltr'><strong>ι»</strong></span> <span class='ocrx_word' id='word_1_225' title='bbox 217 2613 315 2636; x_wconf 88' lang='lat' dir='ltr'><strong>mem</strong></span> <span class='ocrx_word' id='word_1_226' title='bbox 329 2601 532 2636; x_wconf 82' lang='lat' dir='ltr'><strong>Romanam</strong></span> <span class='ocrx_word' id='word_1_227' title='bbox 548 2600 712 2646; x_wconf 82' lang='lat' dir='ltr'><strong>perrexit.</strong></span> <span class='ocrx_word' id='word_1_228' title='bbox 727 2614 746 2631; x_wconf 88' lang='lat'>»</span> 
     </span>
     <span class='ocr_line' id='line_1_39' title="bbox 221 2651 865 2703; baseline -0.005 -14"><span class='ocrx_word' id='word_1_229' title='bbox 221 2652 298 2703; x_wconf 73' lang='lat'><strong>591.</strong></span> <span class='ocrx_word' id='word_1_230' title='bbox 317 2654 351 2688; x_wconf 86' lang='lat' dir='ltr'><em>T</em></span> <span class='ocrx_word' id='word_1_231' title='bbox 346 2655 434 2688; x_wconf 78' lang='lat' dir='ltr'><strong>arbee</strong></span> <span class='ocrx_word' id='word_1_232' title='bbox 444 2655 612 2698; x_wconf 79' lang='lat' dir='ltr'><strong>sequentis</strong></span> <span class='ocrx_word' id='word_1_233' title='bbox 621 2651 778 2699; x_wconf 80' lang='lat' dir='ltr'><strong>officium,</strong></span> <span class='ocrx_word' id='word_1_234' title='bbox 790 2657 865 2687; x_wconf 84' lang='lat' dir='ltr'><strong>tm·-</strong></span> 
     </span>
     <span class='ocr_line' id='line_1_40' title="bbox 178 2705 866 2752; baseline -0.001 -11"><span class='ocrx_word' id='word_1_235' title='bbox 178 2705 262 2741; x_wconf 81' lang='lat' dir='ltr'><strong>bam</strong></span> <span class='ocrx_word' id='word_1_236' title='bbox 272 2706 381 2742; x_wconf 82' lang='lat' dir='ltr'><strong>officii</strong></span> <span class='ocrx_word' id='word_1_237' title='bbox 397 2719 499 2747; x_wconf 80' lang='lat' dir='ltr'><strong>causa</strong></span> <span class='ocrx_word' id='word_1_238' title='bbox 514 2706 630 2752; x_wconf 77' lang='lat' dir='ltr'><strong>ipsum</strong></span> <span class='ocrx_word' id='word_1_239' title='bbox 646 2717 866 2751; x_wconf 84' lang='lat' dir='ltr'><strong>prosequen-</strong></span> 
     </span>
     <span class='ocr_line' id='line_1_41' title="bbox 179 2757 867 2805; baseline 0 -10"><span class='ocrx_word' id='word_1_240' title='bbox 179 2766 266 2795; x_wconf 66' lang='lat' dir='ltr'><strong>tem.</strong></span> <span class='ocrx_word' id='word_1_241' title='bbox 285 2758 443 2805; x_wconf 80' lang='lat' dir='ltr'><strong>Officium</strong></span> <span class='ocrx_word' id='word_1_242' title='bbox 458 2759 608 2803; x_wconf 79' lang='lat' dir='ltr'><strong>verbum</strong></span> <span class='ocrx_word' id='word_1_243' title='bbox 618 2757 806 2805; x_wconf 74' lang='lat' dir='ltr'><strong>,proprium</strong></span> <span class='ocrx_word' id='word_1_244' title='bbox 820 2757 867 2795; x_wconf 79' lang='lat' dir='ltr'><strong>de</strong></span> 
     </span>
    </p>
   </div>
   <div class='ocr_carea' id='block_1_13' title="bbox 348 2827 444 2877">
    <p class='ocr_par' dir='ltr' id='par_1_21' title="bbox 348 2827 444 2877">
     <span class='ocr_line' id='line_1_42' title="bbox 348 2827 444 2877; baseline 0.01 -4"><span class='ocrx_word' id='word_1_245' title='bbox 348 2827 444 2877; x_wconf 88' lang='lat' dir='ltr'><strong>IV.</strong></span> 
     </span>
    </p>
   </div>
   <div class='ocr_carea' id='block_1_14' title="bbox 921 1856 1617 2332">
    <p class='ocr_par' dir='ltr' id='par_1_22' title="bbox 921 1856 1615 2172">
     <span class='ocr_line' id='line_1_43' title="bbox 921 1856 1612 1909; baseline 0.001 -11"><span class='ocrx_word' id='word_1_246' title='bbox 921 1856 1143 1909; x_wconf 73' lang='lat' dir='ltr'><strong>honore,squi</strong></span> <span class='ocrx_word' id='word_1_247' title='bbox 1157 1863 1258 1900; x_wconf 80' lang='lat' dir='ltr'><strong>alicui</strong></span> <span class='ocrx_word' id='word_1_248' title='bbox 1269 1863 1421 1899; x_wconf 77' lang='lat' dir='ltr'><strong>habetur</strong></span> <span class='ocrx_word' id='word_1_249' title='bbox 1430 1864 1612 1909; x_wconf 85' lang='lat' dir='ltr'><strong>sectando,</strong></span> 
     </span>
     <span class='ocr_line' id='line_1_44' title="bbox 922 1916 1614 1961; baseline 0.003 -10"><span class='ocrx_word' id='word_1_250' title='bbox 922 1916 1147 1961; x_wconf 86' lang='lat' dir='ltr'><strong>deducendo,</strong></span> <span class='ocrx_word' id='word_1_251' title='bbox 1160 1923 1224 1951; x_wconf 85' lang='lat' dir='ltr'><strong>etc.</strong></span> <span class='ocrx_word' id='word_1_252' title='bbox 1234 1919 1401 1952; x_wconf 78' lang='lat' dir='ltr'><strong>—Posm&#39;t</strong></span> <span class='ocrx_word' id='word_1_253' title='bbox 1410 1917 1614 1953; x_wconf 80' lang='lat' dir='ltr'><strong>rate.Valer.</strong></span> 
     </span>
     <span class='ocr_line' id='line_1_45' title="bbox 922 1968 1615 2015; baseline 0.003 -13"><span class='ocrx_word' id='word_1_254' title='bbox 922 1968 1047 2008; x_wconf 37' lang='lat' dir='ltr'><strong>Maxu«</strong></span> <span class='ocrx_word' id='word_1_255' title='bbox 1058 1968 1114 2012; x_wconf 75' lang='lat' dir='ltr'><strong>Eo</strong></span> <span class='ocrx_word' id='word_1_256' title='bbox 1122 1968 1328 2004; x_wconf 83' lang='lat' dir='ltr'><strong>conscendit</strong></span> <span class='ocrx_word' id='word_1_257' title='bbox 1336 1969 1395 2003; x_wconf 91' lang='lat' dir='ltr'><strong>ubi</strong></span> <span class='ocrx_word' id='word_1_258' title='bbox 1406 1968 1615 2015; x_wconf 59' lang='lat' dir='ltr'><strong>Qsogulnii</strong></span> 
     </span>
     <span class='ocr_line' id='line_1_46' title="bbox 924 2020 1614 2068; baseline 0.004 -14"><span class='ocrx_word' id='word_1_259' title='bbox 924 2035 942 2051; x_wconf 75' lang='grc' dir='ltr'><strong>»ι</strong></span> <span class='ocrx_word' id='word_1_260' title='bbox 960 2020 1065 2066; x_wconf 82' lang='lat' dir='ltr'><strong>legati</strong></span> <span class='ocrx_word' id='word_1_261' title='bbox 1088 2020 1355 2057; x_wconf 83' lang='lat' dir='ltr'><strong>tabernaculum</strong></span> <span class='ocrx_word' id='word_1_262' title='bbox 1376 2028 1451 2056; x_wconf 82' lang='lat' dir='ltr'><strong>erat</strong></span> <span class='ocrx_word' id='word_1_263' title='bbox 1464 2049 1477 2066; x_wconf 88' lang='lat'>‚</span> <span class='ocrx_word' id='word_1_264' title='bbox 1503 2023 1614 2068; x_wconf 90' lang='lat' dir='ltr'><strong>inque</strong></span> 
     </span>
     <span class='ocr_line' id='line_1_47' title="bbox 924 2072 1612 2120; baseline 0.004 -12"><span class='ocrx_word' id='word_1_265' title='bbox 924 2088 943 2104; x_wconf 84' lang='lat'>»</span> <span class='ocrx_word' id='word_1_266' title='bbox 960 2072 1191 2119; x_wconf 86' lang='lat' dir='ltr'><strong>multiplicem</strong></span> <span class='ocrx_word' id='word_1_267' title='bbox 1202 2074 1326 2109; x_wconf 85' lang='lat' dir='ltr'><strong>orbem</strong></span> <span class='ocrx_word' id='word_1_268' title='bbox 1336 2100 1346 2118; x_wconf 91' lang='lat'>‚</span> <span class='ocrx_word' id='word_1_269' title='bbox 1357 2087 1421 2120; x_wconf 84' lang='lat' dir='ltr'><strong>per</strong></span> <span class='ocrx_word' id='word_1_270' title='bbox 1430 2087 1612 2111; x_wconf 85' lang='lat' dir='ltr'><strong>summam</strong></span> 
     </span>
     <span class='ocr_line' id='line_1_48' title="bbox 925 2126 1470 2172; baseline 0.002 -13"><span class='ocrx_word' id='word_1_271' title='bbox 925 2141 944 2159; x_wconf 68' lang='lat' dir='ltr'><strong>&gt;a</strong></span> <span class='ocrx_word' id='word_1_272' title='bbox 961 2126 1137 2172; x_wconf 74' lang='lat' dir='ltr'><strong>quietem,</strong></span> <span class='ocrx_word' id='word_1_273' title='bbox 1150 2133 1208 2163; x_wconf 78' lang='lat' dir='ltr'><strong>est</strong></span> <span class='ocrx_word' id='word_1_274' title='bbox 1219 2127 1438 2163; x_wconf 81' lang='lat' dir='ltr'><strong>convolutus.</strong></span> <span class='ocrx_word' id='word_1_275' title='bbox 1451 2142 1470 2160; x_wconf 73' lang='grc' dir='ltr'><strong>υ</strong></span> 
     </span>
    </p>

    <p class='ocr_par' dir='ltr' id='par_1_23' title="bbox 924 2180 1617 2332">
     <span class='ocr_line' id='line_1_49' title="bbox 962 2180 1613 2229; baseline 0.005 -14"><span class='ocrx_word' id='word_1_276' title='bbox 962 2183 1045 2229; x_wconf 73' lang='grc'>694.</span> <span class='ocrx_word' id='word_1_277' title='bbox 1055 2183 1243 2226; x_wconf 81' lang='lat' dir='ltr'><strong>Pressaque</strong></span> <span class='ocrx_word' id='word_1_278' title='bbox 1253 2182 1328 2215; x_wconf 74' lang='lat' dir='ltr'><strong>Dei</strong></span> <span class='ocrx_word' id='word_1_279' title='bbox 1334 2188 1400 2216; x_wconf 86' lang='lat' dir='ltr'><strong>etc.</strong></span> <span class='ocrx_word' id='word_1_280' title='bbox 1413 2180 1522 2217; x_wconf 84' lang='lat' dir='ltr'><strong>Couf.</strong></span> <span class='ocrx_word' id='word_1_281' title='bbox 1536 2182 1594 2218; x_wconf 91' lang='lat'><strong>111</strong></span> <span class='ocrx_word' id='word_1_282' title='bbox 1603 2209 1613 2227; x_wconf 89' lang='lat'><em>,</em></span> 
     </span>
     <span class='ocr_line' id='line_1_50' title="bbox 924 2231 1616 2279; baseline 0.003 -12"><span class='ocrx_word' id='word_1_283' title='bbox 924 2233 1002 2275; x_wconf 73' lang='lat'><strong>621.</strong></span> <span class='ocrx_word' id='word_1_284' title='bbox 1017 2231 1165 2269; x_wconf 81' lang='lat' dir='ltr'><strong>Dorvill.</strong></span> <span class='ocrx_word' id='word_1_285' title='bbox 1187 2232 1226 2267; x_wconf 88' lang='lat' dir='ltr'><strong>in</strong></span> <span class='ocrx_word' id='word_1_286' title='bbox 1244 2231 1365 2269; x_wconf 82' lang='lat' dir='ltr'><strong>codice</strong></span> <span class='ocrx_word' id='word_1_287' title='bbox 1389 2233 1535 2279; x_wconf 85' lang='lat' dir='ltr'><strong>antiquo</strong></span> <span class='ocrx_word' id='word_1_288' title='bbox 1556 2247 1616 2269; x_wconf 88' lang='lat' dir='ltr'><strong>re-</strong></span> 
     </span>
     <span class='ocr_line' id='line_1_51' title="bbox 924 2285 1617 2332; baseline 0.003 -12"><span class='ocrx_word' id='word_1_289' title='bbox 924 2286 1017 2332; x_wconf 82' lang='lat' dir='ltr'><strong>perit</strong></span> <span class='ocrx_word' id='word_1_290' title='bbox 1041 2289 1161 2320; x_wconf 77' lang='lat' dir='ltr'><strong>carina</strong></span> <span class='ocrx_word' id='word_1_291' title='bbox 1185 2291 1247 2320; x_wconf 85' lang='lat' dir='ltr'><strong>est.</strong></span> <span class='ocrx_word' id='word_1_292' title='bbox 1273 2285 1372 2320; x_wconf 86' lang='lat' dir='ltr'><strong>Hinc</strong></span> <span class='ocrx_word' id='word_1_293' title='bbox 1395 2285 1491 2320; x_wconf 84' lang='lat' dir='ltr'><strong>idem</strong></span> <span class='ocrx_word' id='word_1_294' title='bbox 1516 2287 1617 2322; x_wconf 81' lang='lat' dir='ltr'><strong>malit</strong></span> 
     </span>
    </p>
   </div>
   <div class='ocr_carea' id='block_1_15' title="bbox 924 2337 1617 2424">
    <p class='ocr_par' dir='ltr' id='par_1_24' title="bbox 924 2337 1617 2424">
     <span class='ocr_line' id='line_1_52' title="bbox 925 2337 1617 2383; baseline 0.001 -11"><span class='ocrx_word' id='word_1_295' title='bbox 925 2337 1042 2383; x_wconf 78' lang='lat' dir='ltr'><strong>legere</strong></span> <span class='ocrx_word' id='word_1_296' title='bbox 1054 2349 1062 2372; x_wconf 89' lang='lat'><strong>:</strong></span> <span class='ocrx_word' id='word_1_297' title='bbox 1072 2342 1231 2382; x_wconf 79' lang='lat' dir='ltr'><strong>etpressa</strong></span> <span class='ocrx_word' id='word_1_298' title='bbox 1242 2339 1488 2382; x_wconf 62' lang='lat' dir='ltr'><strong>Deigraaitate</strong></span> <span class='ocrx_word' id='word_1_299' title='bbox 1496 2341 1617 2375; x_wconf 68' lang='lat' dir='ltr'><strong>cariam</strong></span> 
     </span>
     <span class='ocr_line' id='line_1_53' title="bbox 924 2391 1249 2424; baseline 0 0"><span class='ocrx_word' id='word_1_300' title='bbox 924 2394 987 2424; x_wconf 80' lang='lat' dir='ltr'><strong>est.</strong></span> <span class='ocrx_word' id='word_1_301' title='bbox 1003 2391 1166 2424; x_wconf 83' lang='lat' dir='ltr'><strong>AEneadae</strong></span> <span class='ocrx_word' id='word_1_302' title='bbox 1182 2395 1249 2424; x_wconf 86' lang='lat' dir='ltr'><strong>etc.</strong></span> 
     </span>
    </p>
   </div>
   <div class='ocr_carea' id='block_1_16' title="bbox 927 2441 1623 2802">
    <p class='ocr_par' dir='ltr' id='par_1_25' title="bbox 927 2441 1623 2802">
     <span class='ocr_line' id='line_1_54' title="bbox 969 2441 1616 2482; baseline 0 -6"><span class='ocrx_word' id='word_1_303' title='bbox 969 2441 1048 2476; x_wconf 74' lang='lat'><strong>565.</strong></span> <span class='ocrx_word' id='word_1_304' title='bbox 1067 2443 1161 2476; x_wconf 81' lang='lat' dir='ltr'><strong>Coeso</strong></span> <span class='ocrx_word' id='word_1_305' title='bbox 1172 2448 1286 2482; x_wconf 84' lang='lat' dir='ltr'><strong>tauro,</strong></span> <span class='ocrx_word' id='word_1_306' title='bbox 1306 2454 1347 2476; x_wconf 89' lang='lat' dir='ltr'><strong>ex</strong></span> <span class='ocrx_word' id='word_1_307' title='bbox 1362 2454 1461 2476; x_wconf 85' lang='lat' dir='ltr'><strong>more</strong></span> <span class='ocrx_word' id='word_1_308' title='bbox 1472 2441 1616 2477; x_wconf 81' lang='lat' dir='ltr'><strong>solven—</strong></span> 
     </span>
     <span class='ocr_line' id='line_1_55' title="bbox 927 2493 1616 2542; baseline 0 -14"><span class='ocrx_word' id='word_1_309' title='bbox 927 2493 1018 2542; x_wconf 71' lang='lat' dir='ltr'><strong>tium</strong></span> <span class='ocrx_word' id='word_1_310' title='bbox 1036 2493 1369 2540; x_wconf 71' lang='lat' dir='ltr'><strong>appellentiumque.</strong></span> <span class='ocrx_word' id='word_1_311' title='bbox 1381 2512 1427 2519; x_wconf 93' lang='lat'><em>-</em></span> <span class='ocrx_word' id='word_1_312' title='bbox 1443 2494 1616 2534; x_wconf 75' lang='lat' dir='ltr'><strong>Coronatoe</strong></span> 
     </span>
     <span class='ocr_line' id='line_1_56' title="bbox 929 2546 1615 2592; baseline 0.003 -11"><span class='ocrx_word' id='word_1_313' title='bbox 929 2547 977 2582; x_wconf 90' lang='lat' dir='ltr'><strong>ob</strong></span> <span class='ocrx_word' id='word_1_314' title='bbox 995 2547 1184 2583; x_wconf 78' lang='lat' dir='ltr'><strong>discessum</strong></span> <span class='ocrx_word' id='word_1_315' title='bbox 1206 2553 1365 2592; x_wconf 86' lang='lat' dir='ltr'><strong>optatum</strong></span> <span class='ocrx_word' id='word_1_316' title='bbox 1381 2573 1391 2591; x_wconf 92' lang='lat'>,</span> <span class='ocrx_word' id='word_1_317' title='bbox 1409 2553 1449 2582; x_wconf 91' lang='lat' dir='ltr'><strong>ut</strong></span> <span class='ocrx_word' id='word_1_318' title='bbox 1473 2546 1552 2583; x_wconf 82' lang='lat' dir='ltr'><strong>alibi</strong></span> <span class='ocrx_word' id='word_1_319' title='bbox 1569 2548 1615 2583; x_wconf 89' lang='lat' dir='ltr'><strong>ob</strong></span> 
     </span>
     <span class='ocr_line' id='line_1_57' title="bbox 928 2597 1616 2642; baseline 0.004 -9"><span class='ocrx_word' id='word_1_320' title='bbox 928 2597 1084 2633; x_wconf 69' lang='lat' dir='ltr'><strong>reditum</strong></span> <span class='ocrx_word' id='word_1_321' title='bbox 1099 2597 1234 2634; x_wconf 78' lang='lat' dir='ltr'><strong>salvum</strong></span> <span class='ocrx_word' id='word_1_322' title='bbox 1245 2624 1256 2642; x_wconf 89' lang='lat'><strong><em>‚</em></strong></span> <span class='ocrx_word' id='word_1_323' title='bbox 1276 2598 1459 2635; x_wconf 87' lang='lat' dir='ltr'><strong>hostemve</strong></span> <span class='ocrx_word' id='word_1_324' title='bbox 1473 2600 1616 2636; x_wconf 83' lang='lat' dir='ltr'><strong>victum.</strong></span> 
     </span>
     <span class='ocr_line' id='line_1_58' title="bbox 929 2650 1619 2698; baseline 0.003 -13"><span class='ocrx_word' id='word_1_325' title='bbox 929 2668 975 2678; x_wconf 89' lang='lat'>-</span> <span class='ocrx_word' id='word_1_326' title='bbox 989 2653 1194 2687; x_wconf 76' lang='lat' dir='ltr'><strong>Retinacula</strong></span> <span class='ocrx_word' id='word_1_327' title='bbox 1210 2656 1299 2688; x_wconf 65' lang='lat' dir='ltr'><strong>napi.</strong></span> <span class='ocrx_word' id='word_1_328' title='bbox 1313 2651 1433 2698; x_wconf 74' lang='lat' dir='ltr'><strong>Vulgo</strong></span> <span class='ocrx_word' id='word_1_329' title='bbox 1449 2650 1619 2688; x_wconf 85' lang='lat' dir='ltr'><strong>edebatur</strong></span> 
     </span>
     <span class='ocr_line' id='line_1_59' title="bbox 929 2705 1623 2750; baseline 0.001 -11"><span class='ocrx_word' id='word_1_330' title='bbox 929 2707 1118 2739; x_wconf 81' lang='lat' dir='ltr'><strong>retinacula</strong></span> <span class='ocrx_word' id='word_1_331' title='bbox 1138 2708 1266 2750; x_wconf 77' lang='lat' dir='ltr'><strong>puppis</strong></span> <span class='ocrx_word' id='word_1_332' title='bbox 1278 2730 1290 2747; x_wconf 82' lang='lat'>‚</span> <span class='ocrx_word' id='word_1_333' title='bbox 1326 2705 1422 2750; x_wconf 90' lang='lat' dir='ltr'><strong>quod</strong></span> <span class='ocrx_word' id='word_1_334' title='bbox 1442 2719 1541 2741; x_wconf 79' lang='lat' dir='ltr'><strong>revo(</strong></span> <span class='ocrx_word' id='word_1_335' title='bbox 1550 2706 1623 2740; x_wconf 87' lang='lat' dir='ltr'><strong>avit</strong></span> 
     </span>
     <span class='ocr_line' id='line_1_60' title="bbox 932 2756 1623 2802; baseline -0.001 -9"><span class='ocrx_word' id='word_1_336' title='bbox 932 2756 1230 2798; x_wconf 67' lang='lat' dir='ltr'><strong>Miueherliehius</strong></span> <span class='ocrx_word' id='word_1_337' title='bbox 1242 2772 1253 2802; x_wconf 88' lang='lat'>;</span> <span class='ocrx_word' id='word_1_338' title='bbox 1271 2757 1339 2793; x_wconf 83' lang='lat' dir='ltr'><strong>hoc</strong></span> <span class='ocrx_word' id='word_1_339' title='bbox 1349 2759 1499 2794; x_wconf 84' lang='lat' dir='ltr'><strong>mutavit</strong></span> <span class='ocrx_word' id='word_1_340' title='bbox 1511 2759 1623 2793; x_wconf 78' lang='lat' dir='ltr'><strong>Hein-</strong></span> 
     </span>
    </p>
   </div>
   <div class='ocr_carea' id='block_1_17' title="bbox 1379 2828 1435 2874">
    <p class='ocr_par' dir='ltr' id='par_1_26' title="bbox 1379 2828 1435 2874">
     <span class='ocr_line' id='line_1_61' title="bbox 1379 2828 1435 2874; baseline 0.054 -3"><span class='ocrx_word' id='word_1_341' title='bbox 1379 2828 1435 2874; x_wconf 80' lang='lat'><strong>35</strong></span> 
     </span>
    </p>
   </div>
  </div>
 </body>
</html>
