1820 3106
301 185 1027 231 METAMORPHOSEON
1063 187 1198 231 LIB.
1240 189 1401 234 VIII.

1517 190 1574 251 67

156 305 180 326 »
203 282 351 331 Triste
375 280 520 331 solum
536 319 548 339 ,
574 281 737 330 sterilis
752 319 765 340 ‚
788 281 884 331 sine
906 282 1059 346 fruge,
1086 282 1181 331 sine
1202 282 1362 332 arbore
1386 282 1516 333 tellus
1536 304 1546 344 ;

154 382 180 404 »
206 360 366 423 Frigus
388 360 504 408 iners
525 357 615 409 illic
639 359 871 419 habitant,
892 359 1132 428 Pallorque
1145 397 1158 419 ,
1183 361 1460 429 Tremorque
1476 400 1488 423 ,
1518 389 1584 424 79⁰

155 460 179 482 ι)
206 439 268 486 Et
282 437 432 503 jejuna
453 434 609 487 Fames
630 458 640 487 :
662 457 712 487 ea
735 457 782 486 se
799 438 846 487 in
867 438 1111 506 praecordia
1131 439 1293 489 condat

153 537 178 560 ι»
205 514 417 579 Sacrilegi
440 514 650 565 scelerata
669 516 776 582 jube
796 537 806 565 :
825 535 908 566 nec
931 516 1062 584 copia
1085 536 1232 569 rerum

153 615 178 636 »
205 592 368 642 Vincat
388 612 508 652 eam;
534 600 801 661 superetque
821 613 942 644 meas
965 595 1203 644 certamine
1226 594 1353 644 vires.

153 695 178 717 »ι
203 673 323 722 Neve
345 672 425 721 viae
447 672 641 739 spatium
664 685 708 723 te
732 685 920 732 terreat,
942 674 1089 741 accipe
1110 692 1268 722 currus
1289 693 1299 732 ;

153 772 178 794 »
204 750 370 818 Accipe
388 788 400 809 ‚
427 770 542 818 quos
565 751 702 800 frenis
722 751 808 800 alte
830 751 1056 801 moderere
1070 789 1082 809 ,
1108 751 1334 802 dracones.
1359 774 1383 796 »

1519 768 1584 814 795

149 829 209 877 Et
232 827 354 876 dedit
373 827 479 876 :illa
501 828 605 877 dato
629 829 843 878 subvecta
864 849 945 896 per
968 849 1067 879 aera
1091 849 1225 878 curru

149 905 341 955 Devenit
361 901 423 953 in'
436 905 690 972 Scythiam;
716 906 940 975 rigidique
962 907 1187 957 cacumine
1209 907 1400 967 montis,

151 984 381 1033 Caucason
402 982 630 1050 adpellant
644 988 662 1042 ,‘
682 997 937 1051 serpentum
955 984 1068 1033 colla
1090 984 1273 1043 levavit3

150 1062 484 1128 Quaesitamque
506 1063 685 1110 Famem
706 1061 910 1129 lapidoso
935 1063 1047 1111 vidit
1070 1063 1117 1111 in
1135 1083 1243 1126 agro

150 1140 416 1203 Unguibus,
442 1151 487 1187 et
508 1159 627 1189 raras
648 1139 883 1189 vellentem
907 1140 1118 1190 dentibus
1142 1140 1318 1192 herhas.
1349 1188 1360 1203 Ι

1517 1158 1586 1192 800

152 1217 314 1267 Hirtus
337 1229 431 1267 erat
454 1217 615 1276 crinis;
642 1237 744 1266 cava
767 1217 962 1277 lumina3
986 1216 1133 1285 pallor
1146 1218 1201 1266 -in
1225 1238 1301 1267 ore
1320 1238 1330 1276 ;

151 1357 264 1398 poete
275 1356 413 1386 veteres
424 1375 434 1394 ,
445 1350 616 1396 Scythiam
632 1350 706 1385 sere
722 1349 837 1384 nomi-

150 1404 302 1447 nabant,
320 1402 364 1438 de
380 1403 479 1447 cuius
495 1402 682 1448 frigoribus
695 1401 773 1436 vide
790 1401 835 1436 ad

151 1459 189 1494 11
198 1484 208 1503 ,
222 1459 297 1502 2²4·
309 1456 458 1504 Egregie
473 1463 592 1491 autem
606 1456 755 1502 patriam
763 1455 831 1490 Fa-

150 1511 218 1546 mis
226 1510 399 1546 describit.
412 1508 550 1545 Confer
559 1523 600 1544 ex
611 1510 716 1544 Pont.
728 1510 758 1553 Ι,
772 1520 832 1552 111,

149 1566 194 1611 49
207 1575 282 1609 sqq.
296 1576 305 1605 ;
327 1562 408 1606 111,
425 1572 459 1606 1,
481 1575 493 1596 ι
504 1576 516 1597 ι
536 1575 610 1607 sqq.
621 1581 666 1589 --
678 1564 835 1597 Tristitia

148 1617 220 1650 soli
225 1621 278 1649 est
286 1614 323 1648 in
332 1614 405 1659 ipsa
415 1615 605 1649 sterilitate.
626 1613 721 1649 Male
733 1621 834 1659 putat

153 1668 275 1712 Goedg
301 1666 529 1704 scribendum
552 1668 663 1702 Triste
684 1670 801 1702 caelum
817 1694 827 1709 ,

149 1719 308 1766 quamvis
323 1719 475 1755 similem
488 1718 581 1754 dicat
595 1719 711 1754 locum
720 1719 835 1754 Hora-

149 1772 201 1816 tii,
216 1773 249 1816 I,
262 1771 334 1808 Od.
347 1786 387 1807 22
401 1774 522 1817 :pigris
531 1773 594 1806 ubi
600 1774 695 1806 nulla
704 1775 835 1816 campis

148 1826 265 1860 Arbor
281 1828 399 1860 aesttba
413 1829 582 1860 recreatur
598 1838 685 1859 aura
698 1837 710 1865 ,·
736 1826 840 1867 Quod

147 1881 239 1912 latus
249 1879 499 1912 mundinebulae
516 1879 689 1921 malusque
703 1877 837 1920 Jupiter

148 1929 406 1974 urget-Iners,
428 1929 471 1964 ab
483 1929 630 1970 effectu,
648 1928 727 1963 alibi
740 1932 834 1972 igna-

149 1993 222 2016 vum
245 1987 305 2015 aut
322 1984 455 2025 pigrum
463 1980 590 2026 frigus.
605 1998 650 2006 —
664 1981 835 2014 Habitant

150 2047 224 2070 non
239 2034 474 2077 mutandum3
495 2034 628 2069 etenim
643 2046 733 2079 saepe
743 2033 834 2068 Nos-

150 2093 218 2131 ter,
232 2094 272 2122 ut
283 2094 408 2122 monet
416 2087 644 2122 Burmannus
654 2113 663 2131 ,
676 2086 834 2132 praemit-

152 2139 195 2174 tit
210 2139 357 2175 verbum
372 2139 504 2186 plurale
520 2140 747 2186 sequentibus
764 2152 832 2175 no-

153 2191 306 2226 minibus
319 2191 503 2238 singularis
517 2193 668 2227 numeri.

199 2243 380 2292 793.Heas
389 2247 486 2284 vires,
499 2243 749 2279 abundantiam
760 2245 830 2280 sru-

153 2308 238 2343 gum
248 2322 258 2339 ,
276 2308 362 2341 quas
377 2308 442 2341 ego
457 2295 593 2342 largior.
605 2298 830 2332 —Certamen

151 2349 238 2386 illud
252 2350 342 2384 infra
356 2346 573 2384 describitur.
579 2349 680 2384 —De
690 2349 830 2386 Cereris

152 2404 355 2438 draconibus
370 2408 406 2436 et
422 2414 518 2435 curru
533 2400 611 2436 vide
628 2401 671 2436 ad
691 2396 737 2446 V,
753 2403 830 2447 642.

152 2455 270 2490 —Pro
280 2456 352 2490 alte
365 2453 543 2488 Gebhard.
557 2454 604 2489 Π.
616 2452 721 2499 Crep.
737 2468 776 2500 ¹7,
791 2469 832 2490 ex

154 2506 264 2542 MSS.
280 2505 363 2553 legit
377 2509 496 2546 alites,
528 2518 633 2551 quam
654 2519 776 2541 vocem
795 2507 831 2542 in

155 2557 241 2594 duas
255 2557 400 2605 syllabas
415 2558 600 2593 contrahit.
618 2557 676 2593 Nil
694 2565 832 2593 mutan-

155 2609 241 2645 dum
255 2623 264 2652 ;
281 2622 382 2645 versu
395 2611 459 2645 813
470 2636 480 2653 ,
495 2613 601 2644 versis
610 2612 764 2645 sublimis
775 2612 833 2644 ba-

155 2661 326 2709 lem's,·ita
337 2668 373 2697 et
383 2662 431 2706 V,
442 2661 633 2707 6483V11,
647 2676 720 2696 222.
733 2661 834 2707 Regii

156 2714 268 2750 nostri
281 2714 360 2750 altr.

946 1351 1020 1398 798.
1036 1350 1211 1385 Caucasus
1227 1350 1366 1397 frigoris
1382 1356 1418 1386 et
1433 1349 1587 1387 horridae

899 1402 1097 1438 solitudinis
1112 1403 1228 1449 imago
1246 1403 1338 1449 apud
1355 1410 1486 1449 poetas.

945 1468 1018 1503 799.
1039 1458 1286 1502 Quas-itumque
1296 1458 1432 1492 Famem
1443 1463 1507 1492 etc.
1518 1456 1587 1492 Se-

899 1506 1021 1551 quitur
1050 1506 1188 1553 insigne
1225 1521 1345 1557 rui-sus
1385 1508 1587 1554 exemplum

899 1560 1090 1606 phantasiae
1113 1560 1299 1596 Ovidianae
1322 1562 1358 1596 in
1382 1561 1447 1597 hac
1468 1562 1586 1597 Famis

899 1614 1139 1659 prosopopoeia
1149 1641 1158 1658 ,
1175 1615 1275 1660 cujus
1289 1613 1417 1649 soedam
1433 1621 1469 1649 et
1484 1614 1586 1649 odio-

897 1666 1069 1701 sissimam
1086 1667 1278 1712 imaginem
1298 1667 1344 1701 ita
1362 1674 1444 1702 ante
1464 1667 1584 1702 oculos

898 1719 1000 1764 ponit
1013 1745 1023 1763 ‚
1047 1725 1086 1754 ut
1108 1719 1229 1754 lectori
1250 1719 1338 1754 item
1354 1720 1466 1754 ferme
1487 1719 1585 1754 acci-

899 1770 977 1815 dat,
996 1771 1090 1816 quod
1108 1771 1274 1817 Nimphae
1285 1784 1373 1806 vers.
1387 1773 1451 1806 812
1464 1797 1474 1815 ‚
1499 1773 1585 1806 Visa

896 1829 1008 1859 tamen
1018 1828 1165 1859 sensisse
1175 1827 1318 1859 Famem.
1331 1824 1370 1860 Si
1379 1824 1456 1870 quis
1471 1825 1584 1870 pictor

899 1884 959 1912 aut
981 1878 1167 1912 statuarius
1187 1877 1280 1913 hanc
1301 1878 1492 1923 imaginem
1515 1890 1583 1912 ex-

897 1931 1080 1977 primeret,
1096 1943 1205 1965 nemo
1215 1931 1246 1976 ej
1252 1944 1291 1966 us
1300 1931 1502 1976 adspectum
1512 1944 1583 1966 sus-

898 1984 1038 2018 tineret.
1051 1983 1160 2018 Recte
1176 1982 1319 2018 Ernesti
1331 1983 1374 2018 de
1387 1983 1451 2018 hac.
1464 1996 1582 2029 proso-

897 2036 1033 2082 popoeia
1049 2042 1086 2071 et
1098 2035 1142 2070 de
1158 2035 1311 2082 imagine
1325 2035 1580 2071 Erisichthonis

897 2090 970 2135 jam
985 2088 1193 2124 somniantis
1206 2089 1351 2124 cibum:
1369 2103 1387 2119 «
1405 2088 1499 2134 Quae
1514 2089 1580 2124 nisi

897 2141 1052 2176 admirer
1065 2167 1076 2185 ,
1092 2139 1181 2175 nihil
1195 2140 1345 2176 viderim
1358 2154 1387 2174 »-
1400 2139 1579 2175 Omnibus

896 2194 967 2230 istis
989 2193 1091 2229 bonis
1112 2200 1207 2229 caret
1225 2192 1360 2228 Gallim.
1383 2192 1444 2239 qui
1465 2205 1579 2227 unum

895 2245 980 2281 illud
989 2252 1126 2289 monet,
1138 2244 1310 2281 Cererem
1321 2245 1353 2280 ei
1362 2245 1518 2290 injecisse
1530 2258 1581 2279 ar-

895 2298 1137 2335 dentissimam
1157 2305 1193 2334 et
1214 2298 1412 2345 improbam
1433 2300 1575 2332 samem.

898 2350 993 2386 Cum
1003 2350 1070 2387 boc
1081 2350 1158 2386 loco
1167 2351 1299 2387 confer.
1313 2350 1465 2396 Quintil.
1478 2349 1580 2384 Decl.

896 2404 991 2447 XII,
1006 2417 1039 2449 p.
1050 2416 1098 2438 m.
1114 2416 1200 2445 2103
1217 2403 1279 2438 Sil.
1292 2404 1326 2439 II
1338 2429 1347 2446 ,
1364 2403 1448 2446 461;
1467 2401 1578 2437 Clau-

897 2454 1021 2490 dianus
1033 2481 1043 2499 ,
1067 2456 1149 2498 XV,
1168 2468 1206 2490 21
1225 2467 1301 2500 sqq.

941 2509 1018 2542 800.
1034 2509 1150 2542 Baras
1166 2506 1333 2542 Heinsius
1350 2519 1391 2541 ex
1404 2506 1485 2542 MS.
1502 2507 1579 2543 Bo-

898 2558 1060 2594 noniensi
1078 2558 1245 2600 dederat;
1269 2559 1497 2595 Burmannus
1518 2566 1579 2596 ta-

899 2624 983 2646 men
998 2612 1173 2646 revocavit
1187 2616 1291 2654 raras,
1308 2620 1385 2647 tum
1402 2613 1482 2659 quia
1499 2614 1581 2649 reli-

900 2664 976 2708 quis
988 2663 1150 2699 omnibus
1160 2690 1170 2707 ,
1183 2671 1222 2699 ut
1230 2665 1318 2700 crini
1328 2693 1336 2705 ‚
1348 2665 1463 2709 labris,
1476 2667 1580 2702 sauci-

899 2715 963 2751 bus
975 2722 1039 2751 etc.
1050 2716 1201 2762 epitheta
1210 2742 1220 2762 ‚
1231 2730 1307 2763 quae
1316 2717 1578 2757 deformitatem
