1820 3106
295 262 384 317 384

661 267 713 311 Ρ.
759 268 993 315 OVIDII
1029 271 1326 319 NASONIS

290 356 462 423 Perque
484 358 601 407 feros
624 378 747 409 enses
763 398 774 420 ,
799 381 890 410 non
910 374 1077 412 tantum
1098 366 1256 415 moenia
1278 368 1444 417 Troum
1457 407 1470 429 ,

289 436 454 483 Verum
477 437 606 485 etiam
629 457 819 488 summas
841 459 959 489 arces
980 442 1139 491 intrare
1158 481 1169 501 ,
1195 463 1359 511 suaque

287 512 469 578 Eripere
493 513 582 563 aede
604 516 741 564 Deam
757 554 768 574 ‚
794 529 1049 584 raptamque
1069 519 1220 568 efferre
1244 540 1322 586 per
1344 522 1528 573 hostes?

1628 539 1695 585 34⁵

288 589 400 652 Quae
420 590 507 639 nisi
532 592 757 652 fecissem,
781 593 943 644 frustra
964 595 1197 645 Telamone
1222 610 1389 647 creatus

291 666 513 716 Gestasset
533 667 636 717 laeva
658 682 882 719 taurorum
907 683 1079 733 tergora
1100 683 1278 738 septem.

286 744 367 792 Illa
389 757 518 794 nocte
539 746 647 794 mihi
666 748 809 813 Trojae
831 748 1013 796 victoria
1037 760 1159 815 parta
1181 760 1277 798 est:

285 821 494 884 Pergama
518 834 611 870 tum
634 824 739 882 vici,
765 844 900 891 quum
922 824 1037 873 vinci
1059 844 1188 891 posse
1207 827 1343 889 coegi

284 897 449 946 Desine
471 898 671 965 Tydiden
691 900 903 967 vultuque
926 914 969 949 et
989 921 1210 951 murmure
1228 903 1357 952 nobis

1628 922 1696 956 350

288 974 520 1023 Ostentare
543 995 688 1024 meum
710 996 719 1024 ε
743 996 846 1043 pars
869 990 935 1026 est
959 997 1036 1026 sua
1058 978 1198 1027 laudis
1218 979 1264 1026 in
1287 979 1386 1029 illis.

284 1051 376 1098 Nec
401 1063 472 1109 tu,
501 1071 637 1117 quum
661 1053 779 1101 socia
801 1053 996 1120 clypeum
1016 1074 1098 1121 pro
1124 1054 1258 1105 classe
1283 1057 1485 1116 tenebas,

285 1127 417 1176 Solus
435 1147 556 1186 eras;
583 1129 666 1176 tibi
688 1129 816 1177 turba
840 1149 1009 1190 comes;
1034 1133 1142 1180 mihi
1167 1134 1352 1198 contigit
1374 1155 1514 1195 unus,

285 1205 402 1267 Qui,
427 1205 513 1253 nisi
531 1224 773 1271 pugnacem
795 1207 924 1256 sciret
945 1209 1137 1275 sapiente
1161 1211 1372 1260 minorem

283 1283 414 1339 Esse,
438 1299 518 1330 nec
541 1282 765 1330 indomitae
787 1283 936 1332 deberi
957 1287 1338 1352 praemia.dextrae,
1625 1306 1690 1339 355

281 1359 382 1423 Ipse
408 1376 583 1423 quoque
605 1358 696 1407 haec
718 1371 885 1423 peteret
905 1380 915 1408 :
935 1374 1101 1427 peteret
1122 1364 1388 1413 moderatior
1407 1365 1517 1430 Ajax
1532 1403 1544 1424 ‚

280 1433 620 1499 Eurypylusque
641 1434 762 1483 ferox
777 1473 788 1493 ,
814 1436 1018 1503 claroque
1038 1439 1319 1489 Andremone
1341 1454 1497 1501 natus3

283 1511 376 1557 Nec
397 1509 544 1557 minus
566 1510 850 1570 Idomeneus,
874 1514 1099 1580 patriaque
1121 1529 1288 1565 creatus
1312 1519 1461 1566 eadem

283 1581 526 1646 Meriones,
516 1606 525 1615 ·
547 1599 711 1654 peteret
729 1589 903 1653 majoris
929 1590 1060 1638 frater
1079 1592 1269 1640 Atridae:

283 1714 377 1753 bias,
401 1711 495 1757 quod
511 1711 634 1747 melius
655 1713 818 1747 convenit
836 1726 907 1758 seq.
923 1720 958 1748 et
1018 1715 1099 1762 legit
1109 1729 1193 1761 pars
1206 1723 1242 1752 et
1253 1731 1317 1752 sua
1332 1720 1445 1753 laudis
1455 1723 1491 1754 in
1505 1722 1597 1764 illis,·
1610 1721 1686 1765 vel,

283 1777 320 1798 se
333 1767 530 1799 committere
544 1767 642 1798 nocti.
664 1764 730 1799 Ed.
745 1783 789 1790 —·
805 1766 956 1800 Summas
1012 1781 1096 1811 pars
1111 1775 1163 1803 est
1174 1782 1237 1803 sua
1251 1771 1362 1804 laudis
1375 1777 1409 1804 et
1420 1773 1479 1806 illi.

281 1830 397 1858 arces,
423 1816 483 1850 ubi
502 1815 618 1861 vigiles
641 1816 833 1852 trucidavit.

1063 1819 1137 1855 355.
1153 1821 1324 1855 Indomitae
1335 1822 1618 1863 dextroe‚vi1ibus
1629 1836 1687 1858 ra-

326 1870 399 1913 348.
423 1871 676 1913 Victoriaparta
688 1876 742 1904 est
749 1881 762 1912 ‚·
777 1870 956 1905 Mediceus
1019 1871 1114 1907 tione
1129 1873 1323 1907 carentibus
1335 1900 1344 1917 ,
1365 1873 1559 1910 temeritati.
1570 1877 1687 1909 Ed.—

281 1924 421 1963 victoria
440 1929 546 1965 pacta
562 1948 571 1962 ‚
599 1921 690 1967 quod
719 1922 828 1967 placet
852 1923 953 1958 Bur—

282 1985 434 2015 manno,
453 1972 512 2017 qui
532 1979 708 2018 comparat
733 1976 863 2008 laudem
886 1977 955 2016 deff

281 2030 472 2068 sponsatam
483 2023 663 2059 Ciceronis
671 2051 680 2069 ‚
690 2025 839 2071 Harusp.
849 2026 952 2070 Resp.

282 2077 302 2110 3
316 2090 324 2118 ;
344 2075 466 2110 eadem
481 2076 626 2111 varietas
636 2084 774 2121 reperta
784 2078 882 2112 estin
897 2077 951 2112 lib.

282 2129 374 2173 XII,
393 2129 468 2175 293.
484 2128 584 2173 Regii
605 2129 738 2164 codices
755 2130 810 2164 hic
823 2156 832 2173 ,
857 2137 896 2164 ut
914 2130 951 2164 in

281 2181 358 2216 loco
373 2181 428 2215 cit.
442 2180 572 2215 habent
581 2188 692 2225 parta.

325 2234 400 2268 350.
421 2235 548 2267 Desine
576 2235 724 2280 Tydiden
747 2240 811 2269 etc.
839 2234 949 2279 Inge-

282 2286 379 2321 niose
392 2311 401 2329 ,
417 2298 483 2320 nec
497 2285 570 2320 sine
587 2285 788 2320 auctoritate
803 2285 950 2320 aliorum

281 2345 477 2381 oratorum,
493 2337 560 2372 hoc
574 2337 681 2372 finxit.
699 2338 881 2373 Praesentis
894 2339 951 2372 in-

282 2388 373 2434 genii
386 2395 438 2423 est
448 2414 457 2430 ,
470 2401 511 2422 ea
522 2389 672 2434 arripere
681 2415 691 2433 ,
703 2389 810 2434 iisque
821 2389 858 2423 in
873 2403 948 2424 rem

282 2453 381 2475 suam
395 2441 464 2484 uti,
483 2453 559 2485 quae
570 2442 662 2476 inter
673 2441 860 2476 dicendum
869 2449 948 2476 ante

281 2493 396 2528 oculos
411 2499 641 2537 geruntur.—
654 2494 800 2539 Tydiden
822 2505 944 2534 meum,

281 2542 493 2577 Diomedem
518 2542 604 2577 mihi
631 2544 790 2577 amicum.
816 2544 881 2577 Ed.
906 2562 949 2568 —

285 2596 460 2629 Ostentare
469 2621 478 2638 ‚
503 2595 741 2630 demonstrare
753 2621 762 2639 ‚
774 2594 925 2629 indicare
937 2621 946 2638 ,

281 2645 492 2680 Diomedem
510 2642 611 2681 fuisse
630 2647 761 2681 socium
778 2645 873 2681 istius
890 2646 948 2680 sa-

280 2696 560 2732 cinoris.-Pars
570 2723 577 2731 .
590 2724 598 2732 .
608 2723 616 2731 .
625 2701 660 2731 in
670 2700 761 2739 illas,-
775 2698 877 2742 vulgo
892 2698 949 2740 (et

279 2749 315 2783 in
327 2750 412 2794 Reg.
427 2749 597 2785 codicibus
611 2751 624 2792 )
642 2753 678 2783 in
692 2752 750 2783 illo
753 2760 769 2795 ,·
784 2748 949 2784 Heinsius

1017 1924 1125 1967 Ajasc,
1147 1923 1267 1959 Oileos
1278 1938 1286 1966 ;
1298 1924 1374 1959 vide
1388 1925 1482 1969 XII,
1495 1925 1687 1961 Saum—Eu-

1015 1978 1126 2022 rypyli
1138 1977 1250 2021 plures
1262 1975 1359 2010 suere
1371 1989 1379 2011 z
1391 1976 1460 2011 vid.
1473 1977 1594 2012 Burm.
1608 1978 1686 2014 Hoc

1015 2026 1090 2062 loco
1106 2027 1347 2073 intelligendus
1362 2028 1561 2063 Euaemonis
1575 2029 1683 2074 filius,

1017 2081 1075 2124 qui
1086 2093 1126 2114 ex
1140 2079 1313 2115 Ormenio
1325 2080 1507 2116 Thessaliae
1522 2082 1607 2116 urbe
1624 2095 1686 2117 co-

1015 2131 1086 2174 pias
1098 2130 1301 2173 adduxerat3
1316 2131 1355 2165 Il.
1369 2138 1392 2165 Β
1402 2157 1411 2175 ,
1431 2132 1493 2177 734
1505 2145 1514 2173 ;
1525 2139 1569 2176 E,
1584 2133 1685 2178 76.-

1015 2181 1123 2214 Ferox
1132 2208 1140 2220 ,
1154 2181 1339 2215 bellicosus.
1352 2183 1607 2217 —Andremone
1619 2195 1685 2218 na-

1014 2238 1083 2272 tus,
1099 2232 1215 2267 Thoas
1225 2233 1421 2267 AEtolorum
1435 2233 1503 2268 dux
1513 2260 1521 2276 ,
1535 2234 1682 2279 quicum

1015 2284 1241 2330 quadraginta
1264 2285 1406 2319 navibus
1430 2286 1467 2320 in
1489 2286 1683 2331 expeditio—

1015 2349 1097 2371 nem
1123 2338 1313 2383 Trojanam
1342 2338 1606 2384 Agamemnona
1631 2346 1683 2374 est

1014 2395 1168 2424 secutus:
1179 2390 1207 2424 is
1216 2416 1225 2433 ,
1238 2402 1346 2434 quum
1355 2390 1482 2424 viribus
1492 2390 1681 2435 plurimum

1014 2447 1126 2484 posset
1142 2467 1151 2484 ,
1178 2440 1317 2475 Achillis
1343 2447 1459 2475 tamen
1484 2454 1579 2476 arma
1606 2455 1679 2477 non

1013 2493 1175 2537 poposcit.
1205 2492 1274 2527 Hic
1298 2493 1495 2540 Eurypylo,
1521 2494 1612 2539 quod
1634 2495 1678 2529 ad

1014 2544 1174 2579 Thoanta
1193 2546 1360 2590 pertinet,
1374 2545 1455 2581 salso
1472 2547 1599 2592 Regius
1615 2548 1678 2582 tri—

1011 2597 1108 2637 huit,
1100 2610 1107 2618 ·
1121 2596 1241 2631 confer
1250 2597 1469 2641 Homerum
1487 2599 1525 2634 ΙΙ.
1540 2605 1586 2643 Β,
1603 2599 1676 2635 638.

1013 2650 1077 2683 Ed.
1080 2649 1338 2689 -Idomeneus‚
1353 2648 1420 2682 dux
1431 2624 1651 2685 Cretensium
1662 2676 1672 2693 ,

1015 2703 1205 2749 δουρίκλυτος
1224 2699 1261 2734 ΙΙ.
1279 2706 1319 2743 B,
1341 2700 1425 2741 6513
1446 2701 1543 2745 cujus
1558 2701 1674 2745 auriga

1012 2751 1195 2792 Meriones,
1213 2748 1414 2786 fortissimus
1430 2758 1464 2785 et
1481 2752 1572 2796 ipse,
1597 2752 1674 2786 He-
