1820 3106
313 186 1031 258 *METAMORPHOSEON
1063 214 1191 258 LIB.
1231 215 1385 259 vm.
1526 218 1574 259 15

218 306 278 354 II.
302 307 420 356 Vota
439 305 543 354 Jovi
566 306 722 355 Minos
746 318 974 356 taurorum
999 326 1185 374 corpora
1208 320 1385 356 centum

156 382 326 443 Solvit,
345 395 399 433 ut
421 402 622 448 egressus
640 385 812 435 ratibus
837 385 1049 435 Curetida
1073 397 1234 435 terram

156 462 380 527 Contigin
403 475 450 513 et
474 463 633 531 spoliis
655 464 858 514 decorata
880 476 948 515 est
971 465 1091 529 regia
1111 464 1224 514 fixis.

157 541 362 614 Creverat
384 541 682 608 opprobrium
705 542 902 606 generis;
924 542 1179 610 soedumque
1202 542 1386 609 patebat

1520 557 1580 592 155

155 617 317 666 Matris
339 617 605 668 adulterium
619 656 631 678 ,
656 620 848 669 monstri
870 619 1065 670 novitate
1087 621 1307 670 biformis.

154 694 360 743 Destinat
380 695 500 745 hunc
526 696 681 746 Minos
704 696 909 746 thalamis
932 716 1154 746 removere
1172 697 1389 764 pudorem
1403 735 1415 755 ,

153 846 237 892 gino
254 849 336 882 cinti
347 852 400 881 est
410 845 520 892 piscis.
531 845 650 893 Etym.
664 846 717 881 M.
729 849 834 897 Κίρῥις

155 902 170 936 ὁ
198 903 295 944 ἰχθύς.
315 898 408 934 Vide
436 898 656 934 Munkerum
677 899 720 933 ad
745 900 833 947 Hy-

153 951 287 997 ginum.
307 950 379 987 Sed
397 950 533 998 Virgilii
555 950 629 987 Cir.
644 964 732 987 vers.
748 953 831 1000 489,

151 1005 212 1040 ubi
242 1005 300 1040 illa
329 1000 623 1051 metamorphosis
655 1005 834 1052 eleganter

150 1057 232 1093 satis
244 1057 451 1093 describitur
460 1083 469 1101 ,
482 1064 534 1092 est
548 1058 618 1092 avis
634 1057 832 1100 versicolor,

151 1109 255 1145 crista
278 1122 456 1156 purpurea
469 1109 507 1143 in
522 1109 634 1154 capite
653 1135 662 1152 ,
689 1116 725 1143 et
744 1122 833 1143 cru-

151 1161 248 1197 ribus
255 1161 462 1197 rubentibus
473 1161 620 1207 insignis
631 1186 641 1204 ,
654 1161 832 1206 vitamque

151 1213 342 1250 solitariam
360 1215 397 1249 in
412 1214 495 1250 locis
511 1212 655 1249 desertis
667 1227 781 1260 agens.
791 1233 834 1240 —

154 1269 192 1303 A
204 1274 302 1303 lonso
317 1271 445 1312 capillo
456 1295 466 1310 ‚
486 1269 545 1303 ἆπό
559 1275 612 1304 τοῦ
621 1273 727 1318 κείρειν
742 1267 834 1302 dicta

153 1327 206 1356 est
225 1323 317 1356 cirac.
347 1319 441 1365 Quae
464 1327 584 1355 autem
604 1320 674 1354 avis
695 1319 833 1354 intelli-

154 1373 268 1421 genda
286 1373 330 1410 sit
342 1399 351 1417 ,
373 1378 447 1410 non
463 1374 582 1419 liquet.
608 1373 708 1409 Alius
726 1373 834 1409 intel-

151 1426 235 1462 lexit
244 1439 354 1472 genus
369 1426 538 1472 accipitris
552 1451 562 1470 ‚
575 1425 661 1461 alius
673 1426 806 1461 circum
819 1452 829 1469 ,

153 1477 240 1513 alius
248 1490 367 1513 rursus
375 1476 754 1524 perdicem,·alaudam,
765 1484 830 1512 etc.

151 1530 283 1566 Noster
302 1529 575 1576 descriptionem
598 1529 674 1575 ejus
696 1529 831 1564 nullam

150 1582 248 1618 dedit
257 1609 266 1627 ‚
282 1596 349 1619 nec
358 1583 594 1618 mutationem
607 1583 717 1629 ipsam
730 1596 831 1618 more

149 1649 213 1672 suo
229 1636 416 1683 diligenter
428 1636 622 1683 designavit
633 1662 644 1680 ,
656 1635 748 1671 haud
763 1635 832 1670 du·—

149 1687 205 1723 bie
214 1695 416 1734 propterea,
435 1688 516 1734 quia
527 1695 651 1723 auctor
665 1688 831 1723 carminis

151 1738 244 1775 Ciris
258 1740 316 1775 illa
332 1740 470 1787 egregie
488 1747 727 1786 occupaverat.

195 1794 361 1828 152—182.
375 1794 547 1829 Ariadnes
559 1807 683 1828 corona
693 1797 781 1828 [aler
786 1797 831 1828 si-

149 1847 239 1880 dera.
254 1845 488 1881 Athenienses
504 1846 622 1880 Minoi
641 1847 830 1891 quotannis

146 1905 310 1945 septenos
330 1913 458 1946 pueros
478 1899 698 1945 totidemque
724 1900 832 1945 virgi-

149 1962 213 1985 nes
229 1950 348 1985 tributi
365 1951 441 1986 loco
457 1951 597 1987 mittere
615 1951 830 1997 cogebantur

149 2000 370 2038 devorandos
384 2005 598 2044 Minotauro,
629 2003 687 2048 qui
705 2015 830 2038 serva-

149 2052 252 2088 batur
266 2054 302 2088 in
318 2057 527 2102 labyrintho,
557 2068 576 2090 a
599 2053 746 2090 Daedalo
769 2068 830 2089 ex-

150 2111 292 2142 structo.
310 2106 431 2142 Tertia
451 2120 526 2142 sors
542 2120 652 2153 quum
669 2107 829 2142 mittere-

151 2165 210 2193 tur
222 2185 232 2203 ‚
258 2161 424 2196 comitem
441 2175 478 2196 se
501 2161 625 2196 obtulit
641 2161 713 2206 ipse
734 2161 829 2195 The-

149 2223 235 2245 seus.
247 2211 437 2246 Interfecto
450 2212 670 2255 Minotauro,
682 2224 748 2258 ope
759 2211 827 2255 fili,

148 2263 242 2309 quod
260 2264 302 2299 ab
317 2265 493 2305 Ariadna,
512 2265 645 2301 Minois
657 2265 726 2300 filia
740 2292 750 2309 ,
771 2278 830 2300 ac·-

147 2324 288 2362 ceperat
299 2342 310 2360 ,
321 2329 357 2352 se
374 2330 416 2351 ex
426 2317 615 2364 labyrinthi
627 2318 829 2364 ambagibus

146 2370 285 2405 evolvit.
315 2368 497 2404 Ariadnen
516 2377 635 2405 autem
655 2370 694 2405 in
715 2371 828 2406 insula

147 2422 221 2456 Dia
236 2421 388 2467 reliquit.
408 2421 518 2456 Casus
531 2447 541 2464 ,
569 2435 656 2466 quos
670 2423 716 2456 ibi
733 2435 828 2467 passa

148 2473 214 2517 sit,
231 2474 323 2508 varie
351 2482 551 2508 narrantur.
574 2473 655 2507 Vid.
678 2475 827 2509 Homer.

149 2524 221 2561 Οὐ.
237 2533 266 2562 A
280 2552 290 2570 ‚
319 2526 386 2561 320
400 2541 408 2568 ;
438 2526 616 2561 Plutarch.
632 2526 737 2561 Thes.
754 2539 827 2572 cap.

153 2580 193 2613 15
209 2592 218 2619 ;
246 2578 378 2625 Hygin.
395 2579 461 2613 sab.
475 2581 515 2622 42
534 2585 569 2613 et
585 2578 649 2621 43;
668 2578 825 2624 Apollod.

150 2629 232 2673 111,
251 2640 265 2663 1
281 2656 291 2673 ‚
319 2635 350 2674 4.
372 2648 415 2656 ——
432 2630 677 2666 Hecatomben
707 2630 827 2666 Minos

150 2682 232 2718 Jovi
247 2684 372 2727 offert,
390 2684 445 2719 eui
462 2685 506 2718 ob
522 2685 703 2719 victoriam
721 2692 755 2718 et
767 2685 825 2718 se·-

149 2735 251 2771 licem
267 2736 420 2772 reditum
440 2750 534 2772 sacra
559 2737 636 2772 fieri
658 2738 825 2773 solebant.

898 847 1037 881 —Vota
1043 853 1158 892 potest
1164 853 1204 881 ut
1213 846 1423 892 adjectivum
1433 847 1583 893 accipiet

898 912 980 934 cum
997 913 1138 944 corpora
1148 900 1327 946 conjungi.
1342 901 1394 935 lta
1405 913 1492 936 vers.
1504 901 1580 943 265,

898 961 996 989 votus
1010 957 1151 998 sanguis
1162 965 1174 996 ;
1203 954 1276 988 VII
1289 980 1298 997 ‚
1331 953 1391 988 162
1405 980 1416 998 ‚
1443 957 1581 989 vti-tima

899 1012 988 1040 vota.
1018 1006 1076 1042 Sic
1092 1012 1172 1040 vola
1187 1016 1327 1050 corpora
1337 1008 1440 1041 soluit
1452 1012 1580 1052 βραχυ-

899 1061 991 1103 λέγως
1007 1058 1141 1093 dictum
1153 1085 1163 1102 ‚
1177 1071 1324 1104 corpora
1341 1065 1420 1092 vota
1432 1065 1580 1100 mactat,

899 1118 940 1146 ut
965 1118 1087 1146 votum
1112 1111 1232 1146 solvat.
1259 1110 1374 1146 Possis
1398 1118 1517 1146 autem
1546 1119 1582 1145 et

899 1164 999 1199 aliter
1014 1164 1257 1210 interpretari;
1276 1170 1356 1218 vot‘a
1372 1163 1489 1208 solvit,
1505 1177 1582 1212 quae

900 1215 1043 1259 quidem
1062 1222 1164 1250 erant
1184 1222 1330 1250 centum
1345 1229 1485 1259 corpora
1495 1223 1582 1250 tau-

897 1280 1005 1301 rorum
1016 1294 1026 1308 ,
1048 1266 1085 1301 id
1102 1274 1175 1311 est,
1190 1267 1301 1310 tauri,
1321 1280 1339 1301 e
1354 1267 1502 1302 solemni
1518 1281 1581 1313 pe-

899 1318 1056 1364 riphrasi.
1089 1320 1236 1362 Corpora
1256 1318 1388 1353 habent
1404 1326 1580 1364 praestan—

886 1371 1002 1406 'tiores
1013 1385 1021 1412 ;
1032 1371 1147 1406 caeteri
1160 1397 1169 1414 ,
1182 1374 1363 1415 sanguine,
1387 1371 1481 1417 quod
1497 1371 1580 1406 olim

896 1422 1226 1469 edebatur.——Regii
1235 1423 1347 1458 nostri
1356 1422 1487 1458 habent
1496 1436 1580 1458 san—

892 1478 1012 1519 gaiae,
1037 1482 1072 1510 at
1091 1474 1213 1510 Codex
1227 1476 1257 1510 Β
1270 1501 1279 1519 ,
1298 1488 1318 1510 a
1334 1475 1488 1511 secunda
1504 1489 1579 1511 ma-

895 1541 946 1563 nu
962 1554 972 1572 ,
1003 1528 1210 1574 perantiqua
1233 1535 1353 1563 tamen
1376 1543 1385 1570 ;
1419 1541 1439 1563 a
1466 1529 1578 1574 prima

896 1580 1045 1616 habebat
1055 1593 1259 1625 corpora.—
1268 1582 1398 1616 Curetis
1412 1587 1499 1616 terra
1514 1594 1580 1616 an-

896 1632 1043 1678 tiquitus
1058 1632 1150 1668 dicta
1160 1640 1211 1668 est
1225 1632 1335 1668 Creta
1349 1646 1368 1667 a
1380 1632 1579 1669 Curetibus.

896 1686 1056 1730 Plinius,
1075 1685 1142 1730 IV,
1165 1700 1228 1728 ¹23
1248 1685 1392 1720 AEneid.
1410 1686 1465 1721 III
1478 1713 1487 1730 ‚
1508 1687 1579 1720 13¹.

895 1756 940 1764 —
951 1738 1068 1782 Spolia
1081 1765 1090 1778 ,
1122 1737 1190 1773 hoe
1206 1745 1257 1773 est
1273 1765 1282 1782 ,
1300 1745 1414 1773 vestes
1432 1746 1466 1773 et
1482 1752 1579 1773 arma

895 1789 1050 1824 hostibus
1073 1790 1190 1824 occisis
1215 1790 1371 1825 detracta
1389 1817 1398 1834 ,
1424 1791 1462 1824 in
1478 1798 1578 1825 tem-

895 1843 978 1889 plis,
996 1847 1097 1888 regillr
1113 1849 1173 1878 aut
1194 1843 1266 1878 aliis
1286 1844 1368 1878 locis
1386 1844 1579 1889 conspicuis

895 1895 989 1941 affigi
1000 1896 1158 1931 solebant
1169 1911 1176 1937 ;
1190 1896 1314 1941 quibus
1328 1896 1516 1941 antiquitas
1526 1910 1580 1931 ve-

894 1951 1121 1986 nerationem
1135 1958 1170 1986 et
1181 1952 1401 1997 majestatem
1411 1951 1576 1997 augebat:

895 2017 935 2039 ea
961 2011 1146 2039 consumta
1171 2004 1270 2039 refici
1291 2016 1366 2038 non
1391 2011 1466 2039 erat
1490 2016 1575 2038 mos.

894 2058 1057 2093 Perizon.
1072 2057 1260 2093 Animadv.
1277 2057 1398 2093 histor.
1409 2070 1482 2103 cap.
1502 2071 1530 2103 7.

942 2114 1013 2147 155.
1051 2113 1267 2157 Opprobrium
1282 2139 1290 2152 ,
1321 2112 1548 2146 Minotaurus
1567 2138 1575 2153 ‚

894 2164 954 2209 qui
963 2165 1151 2210 opprobrio
1161 2172 1235 2199 erat
1247 2164 1410 2209 (Heroid.
1423 2163 1490 2207 IV,
1503 2161 1575 2209 57),

892 2220 1015 2251 crimem
1031 2219 1164 2260 matrtlr)
1182 2217 1229 2251 illi
1243 2220 1376 2261 generi,
1396 2216 1468 2261 jam
1490 2215 1575 2250 ado-

892 2268 1045 2313 leverat,
1067 2276 1102 2304 et
1123 2269 1210 2303 dum
1225 2275 1405 2303 monstrum
1423 2267 1506 2302 illud
1523 2270 1578 2301 bi»

882 2320 995 2365 forme
1018 2321 1055 2355 in
1081 2322 1177 2367 regia
1205 2333 1346 2355 versans
1360 2347 1368 2364 ‚
1398 2323 1544 2354 nom'tate
1562 2345 1571 2358 ,

891 2373 1056 2408 inusitata
1072 2387 1133 2409 sua
1149 2375 1263 2408 forma
1281 2381 1314 2408 et
1330 2380 1455 2407 natura
1468 2398 1477 2415 ,
1497 2384 1577 2405 om-

892 2427 995 2462 nibus
1007 2428 1204 2472 spectaculo
1221 2434 1294 2462 erat
1307 2453 1316 2469 ‚
1331 2427 1474 2469 patebat
1484 2437 1574 2470 quo—

892 2478 977 2514 tidie
1002 2480 1125 2514 matris
1155 2481 1354 2513 adulterium
1369 2476 1517 2522 sedum,
1539 2471 1587 2511 id'

892 2538 946 2565 est
958 2557 967 2574 ,
995 2544 1014 2565 a
1039 2538 1164 2565 natura
1193 2530 1346 2563 humana
1373 2528 1576 2563 abhorrens.

895 2583 1016 2617 Minos
1042 2583 1148 2627 igitur
1171 2585 1339 2621 destmat,
1364 2581 1544 2616 constituit
1565 2608 1574 2623 ,

894 2635 986 2678 vult,
1000 2634 1094 2668 hunc
1098 2636 1267 2677 pudorem,
1279 2634 1345 2668 hoc
1356 2641 1553 2668 monstrum
1564 2659 1573 2671 ,

894 2685 989 2731 quod
1015 2686 1047 2720 ei
1067 2685 1192 2732 pudori
1215 2693 1289 2721 erat
1309 2685 1326 2732 (
1343 2686 1390 2721 sic
1409 2688 1520 2730 pudor
1539 2692 1575 2719 et

895 2738 947 2773 lx
961 2765 971 2782 ,
999 2740 1111 2784 577),
1131 2752 1288 2774 removere
1302 2739 1344 2774 ab
1361 2739 1437 2773 aula
1450 2750 1521 2772 sua.
