1820 3106
156 295 247 351 534

533 298 585 341 P.
625 298 859 344 OVIDII
897 297 1200 342 NASONIS

154 390 411 457 Hostilique
435 403 567 457 caput
586 410 717 458 prece
743 391 981 441 detestatur
1003 392 1161 441 euntis.

1514 406 1579 442 505

152 469 373 518 Pittheam
395 469 586 535 profugo
611 490 743 519 curru
766 472 975 520 Troezena
1000 471 1233 536 petebam;

153 548 342 613 Jamque
366 546 638 596 Corinthiaci
660 548 890 614 carpebam
913 547 1045 596 litora
1067 546 1219 613 ponti,

155 624 311 696 Quum
331 644 448 673 mare
470 625 678 684 surrexit,
699 625 988 693 cumulusque
1011 624 1220 674 immanis
1242 643 1456 691 aquarum

97 739 99 741 .
152 702 207 748 In
231 702 397 750 montis
420 703 610 769 speciem
633 704 828 763 curvari,
853 715 896 752 et
919 721 1112 751 crescere
1134 702 1282 760 visus,

152 780 216 827 Et
239 779 341 829 dare
363 781 559 844 mugitus
573 819 585 841 ,
610 801 872 849 summoque
892 780 1113 829 cacumine
1130 779 1254 828 findi.

1517 790 1582 825 5¹0

156 856 374 920 Corniger
397 857 500 906 hinc
523 871 675 908 taurus
698 859 843 925 ruptis
869 856 1104 925 expellitur
1125 856 1282 914 undis,

154 932 510 1001 Pectoribusque
534 947 661 984 tenus
685 935 840 984 molles
864 947 1034 984 erectus
1059 935 1108 982 in
1129 951 1284 991 auras,
1348 942 1350 944 ’

154 1010 352 1060 Naribus
369 1050 381 1071 ‚
406 1024 450 1061 et
469 1013 623 1080 patulo
648 1025 818 1080 partem
840 1012 973 1062 maris
997 1011 1162 1061 evomit
1185 1029 1272 1058 ore.

160 1088 306 1137 Corda
326 1102 486 1155 pavent
510 1091 721 1140 comitum
737 1129 748 1149 ,
773 1090 882 1139 mihi
899 1109 1023 1139 mens
1045 1088 1246 1137 interrita
1266 1086 1452 1144 mansit,

160 1165 342 1214 Exsiliis
365 1179 570 1216 contenta
591 1168 708 1226 suis,
733 1188 871 1235 quum
895 1167 1008 1217 eolla
1025 1167 1193 1216 feroces

1521 1174 1587 1211 515

160 1241 234 1290 Ad
255 1243 366 1291 freta
389 1257 673 1304 convertunt,
699 1245 974 1313 adrectisque
998 1245 1180 1307 auribus
1203 1243 1387 1291 horrent

160 1354 311 1398 φυγάςμ·
321 1354 453 1388 Hostili
456 1366 575 1399 μνη-ω
590 1355 840 1401 imprecatione

158 1403 250 1439 hosti
260 1406 492 1440 conveniente
507 1433 516 1449 ‚
533 1419 606 1440 non
622 1408 729 1452 patri:
742 1407 842 1441 The-

160 1470 239 1492 seus
251 1458 347 1492 enim
360 1459 568 1503 Neptunum
581 1466 717 1504 patrem
726 1473 842 1504 preca-

160 1516 215 1544 tus
231 1516 282 1544 est
294 1535 304 1553 ‚
323 1515 363 1544 ut
376 1510 587 1558 Hippolytus
604 1510 694 1545 filius
711 1511 842 1546 discer-

159 1568 313 1607 peretur.
332 1563 397 1597 Ed.

206 1613 280 1648 506.
290 1616 468 1653 Pittheam,
478 1614 538 1649 ubi
551 1614 712 1649 Pittheus
721 1626 842 1660 regna-

160 1667 219 1701 bat
233 1692 243 1709 ,
269 1666 361 1711 apud
378 1680 484 1712 quem
506 1666 673 1702 educatus
690 1668 842 1714 Hyppo-

160 1718 263 1766 lytus.
278 1717 414 1753 Confer
428 1732 509 1753 cum
525 1719 750 1764 sequentibus
767 1718 842 1753 Eu-

162 1771 312 1816 ripidem
324 1798 332 1811 ‚
352 1785 400 1806 vs.
421 1785 502 1807 1102
517 1786 579 1817 sqq
593 1795 603 1816 ‚
624 1772 685 1807 ubi
699 1772 843 1806 nuntius

162 1822 237 1857 liaec
253 1831 382 1859 narrat.
403 1825 455 1859 Ibi
473 1824 686 1871 Hippolytus
707 1823 763 1857 via
782 1836 844 1857 ve·-

162 1874 260 1909 hitur
272 1902 282 1919 ,
301 1889 378 1921 quae
397 1884 494 1912 recto
510 1876 650 1915 tramite
668 1875 711 1924 ad
732 1876 844 1921 Argos

162 1928 258 1963 ducit
270 1936 305 1964 et
316 1930 545 1975 Epidaurum.
556 1930 622 1964 Ubi
634 1930 713 1965 litus
724 1929 847 1974 adtigit

164 1981 264 2025 ponti
290 1981 449 2017 Saronici
468 2009 477 2025 ,
513 1983 623 2028 gravis
652 1982 814 2017 fremitus
834 2007 844 2026 ,

163 2034 511 2077 tamquam,tonitru
543 2035 642 2069 Jovis
676 2033 815 2069 auditur
833 2059 843 2076 ,

166 2097 237 2129 quo
262 2087 411 2130 percussi
439 2089 519 2132 equi
543 2095 646 2134 caput
674 2100 844 2133 auresque

167 2137 324 2183 arrigunt
337 2164 349 2181 ‚-
373 2139 586 2184 comitesque
612 2147 710 2175 metu
735 2140 847 2175 corri-

165 2188 321 2233 piuntur.
336 2190 423 2225 Mox
436 2189 561 2226 ssuctus
573 2191 787 2227 decumanus
803 2189 846 2226 ad

168 2247 257 2275 astra
274 2253 420 2286 surgens
439 2267 449 2286 ,
474 2250 575 2288 atque
593 2242 761 2277 isthmum
776 2256 846 2288 pe-

167 2300 327 2339 tramque
335 2295 523 2340 AEsculapii
533 2296 763 2339 abscondens,
776 2303 848 2330 tau-

167 2357 249 2379 rum
260 2371 270 2388 ,
287 2346 405 2381 ferum
419 2354 616 2382 monstrum
629 2346 825 2392 ‚protrudit
837 2372 847 2389 ,

168 2410 238 2441 quo
249 2405 521 2434 consternantur
529 2400 622 2444 equi.
637 2400 849 2447 Hippolytus

170 2450 338 2494 equestris
354 2451 435 2485 artis
452 2465 577 2497 gnarus
596 2452 717 2497 arripit
734 2451 848 2486 habe-

170 2513 243 2535 nas.
266 2501 409 2537 Frustra
435 2515 443 2537 :
469 2511 547 2539 rota
571 2503 716 2538 illiditur
743 2515 822 2538 saxo
837 2528 847 2546 ,

172 2565 293 2587 currus
309 2552 435 2588 labitur
450 2555 644 2601 excutitque
668 2556 850 2602 Hippoly-

172 2611 260 2638 tum.
273 2606 384 2640 Miser
395 2606 539 2642 habenis
549 2608 725 2642 involutus
738 2614 851 2652 rapta-

173 2663 249 2697 tur;
262 2658 575 2705 caputimpingitur
584 2660 682 2703 saxis,
693 2660 853 2694 membra

172 2708 412 2743 vulnerantur.
437 2711 601 2745 Tandem
619 2713 719 2747 sectis
734 2712 852 2747 comi-

175 2766 252 2794 tum
269 2774 333 2806 ope
351 2760 434 2797 loris
453 2789 463 2806 ,
485 2764 650 2799 exanimis
667 2765 766 2810 jacet.
781 2761 853 2799 Sed

173 2811 259 2849 illud
280 2817 442 2848 exanimis
457 2821 492 2850 cl
505 2822 682 2850 extremum
704 2819 857 2861 spiritum

906 1357 1043 1391 trahens
1060 1354 1193 1390 Ovidio
1216 1365 1290 1388 non
1307 1352 1386 1388 satis
1404 1351 1493 1393 fuit3
1511 1351 1587 1389 sin-

907 1408 985 1453 gula
1004 1407 1165 1441 membra
1186 1405 1279 1440 foede
1301 1404 1473 1449 discerpta
1487 1403 1588 1438 nobis

908 1457 1074 1492 ostendit.
1511 1471 1514 1475 <

952 1511 1026 1543 508.
1045 1512 1153 1552 (laum
1164 1521 1256 1542 mare
1270 1510 1414 1543 surrexit
1424 1514 1488 1543 etc.
1499 1507 1589 1542 Haec

906 1561 997 1596 facta
1014 1563 1183 1607 Neptuno
1207 1569 1347 1596 auctore
1360 1588 1369 1605 ‚
1394 1574 1413 1595 a
1433 1574 1504 1607 quo
1523 1561 1588 1596 tria

907 1613 1064 1648 Theseus
1074 1620 1265 1658 optaverat,
1278 1613 1313 1647 in
1327 1612 1451 1657 quibus
1461 1620 1496 1646 et
1507 1611 1587 1655 hoc,

907 1674 947 1701 ut
957 1666 1171 1713 Hippolytus
1180 1666 1340 1700 interiret
1351 1679 1358 1706 ;
1373 1663 1446 1699 Cic.
1460 1663 1539 1699 Off.
1551 1664 1567 1698 I
1577 1690 1587 1707 ,

912 1731 974 1761 ¹03
1002 1718 1057 1754 ΙΙΙ
1075 1745 1084 1762 ,
1110 1719 1174 1760 25;
1204 1717 1318 1752 Schol.
1349 1715 1525 1761 Euripidis
1544 1715 1588 1750 ad

907 1769 1051 1816 Hippol.
1068 1782 1155 1805 vers.
1178 1770 1261 1815 1349
1276 1781 1283 1803 :
1301 1768 1434 1802 Seneca
1447 1793 1457 1810 ,
1479 1769 1587 1810 1004,

909 1837 928 1854 «
946 1823 1073 1868 Quum
1093 1822 1208 1857 subi-to
1236 1826 1373 1855 vastum
1394 1819 1526 1854 tumuit
1547 1830 1590 1853 ex

909 1889 928 1906 »ι
946 1876 1015 1910 alto
1033 1886 1128 1909 mare
1142 1901 1151 1917 ,
1177 1872 1369 1918 Crevitque
1389 1872 1427 1905 in
1445 1877 1589 1905 astra...

911 1943 929 1960 »
947 1927 1137 1972 Consurgit
1154 1926 1276 1971 ingens
1295 1930 1433 1970 pontus.
1451 1937 1469 1953 »
1494 1921 1588 1956 Vide

909 1981 1001 2016 Fast.
1013 1980 1164 2023 V01.V1‚
1178 1978 1341 2013 Ed-nost.
1354 1990 1385 2022 p.
1400 1977 1462 2011 180
1472 1981 1508 2009 et
1515 1974 1589 2018 446.

953 2035 991 2067 51
1002 2046 1028 2067 ι.
1054 2034 1210 2075 Corm'ger
1224 2032 1304 2064 In‘nc
1319 2036 1434 2063 taurus
1451 2034 1516 2062 etc.
1538 2027 1591 2061 lta

910 2093 946 2121 et
962 2084 1147 2130 Euripides
1160 2109 1170 2127 ‚
1187 2095 1234 2117 vs.
1253 2082 1355 2124 1214,
1374 2079 1456 2124 Κῦμ’
1475 2080 1591 2123 ἐξέθηκε
1657 2119 1661 2122 ⁶

910 2145 1034 2188 ταῦρον,
1059 2139 1161 2186 ἄγριον
1185 2138 1282 2184 τέρας.
1310 2132 1466 2168 Phoc-‘sm
1484 2131 1590 2166 fuisse

911 2190 1056 2225 Servius
1070 2189 1117 2222 ait
1136 2187 1178 2222 ad
1195 2186 1293 2232 Virg.
1311 2186 1394 2220 AEn.
1413 2185 1471 2219 VI
1486 2210 1495 2226 ,
1515 2184 1591 2227 448.

916 2244 1046 2276 Taurus
1057 2239 1112 2274 ille
1124 2238 1287 2273 terribilis
1295 2236 1452 2283 pluribus
1462 2233 1592 2270 deseri*-

910 2295 1006 2329 bitur
1026 2306 1045 2327 a
1065 2293 1199 2327 Seneca
1212 2318 1221 2334 ,
1247 2291 1331 2325 1033
1351 2302 1424 2335 sqq.
1445 2288 1497 2323 Ibi
1517 2299 1592 2322 non

905 2350 1035 2390 partem
1048 2346 1160 2382 martir,
1175 2342 1234 2377 sed
1239 2345 1417 2388 flammam
1427 2338 1548 2374 vomit.

935 2423 937 2425 »
964 2400 1038 2433 515.
1062 2398 1209 2432 Exsiliis
1232 2401 1388 2430 contenta
1410 2396 1491 2428 suis.
1513 2391 1592 2426 Ex-

911 2457 1029 2495 cerpta
1041 2448 1227 2484 calandrae
1236 2449 1354 2482 exsilii
1359 2450 1514 2480 contenta
1521 2446 1585 2482 sui,

913 2503 1006 2549 quod
1035 2503 1172 2548 elegans
1204 2500 1344 2535 videtur
1374 2497 1533 2533 Heinsio.
1548 2495 1605 2522 -·”

917 2559 1099 2597 Contenta,
1119 2562 1282 2600 occupata
1294 2579 1304 2597 ,
1320 2553 1456 2588 intenta
1467 2577 1477 2594 ‚
1496 2549 1594 2596 quod

914 2607 1083 2654 posterius
1102 2607 1135 2641 h.
1156 2606 1176 2641 l.
1199 2612 1341 2651 quartus
1362 2602 1542 2637 Mediceus
1554 2607 1601 2634 εἴ

915 2672 1007 2694 unus
1024 2659 1121 2693 Leid.
1140 2659 1281 2693 habent.
1305 2656 1438 2691 Seneca
1451 2680 1463 2697 ‚
1485 2654 1564 2688 1051
1582 2665 1590 2687 :

917 2726 935 2742 «
954 2711 1056 2747 Solus
1076 2710 1243 2745 immunis
1267 2715 1365 2743 metu
1381 2705 1597 2752 Hippolytus

917 2777 935 2794 n
954 2763 1054 2798 arctis
1068 2762 1224 2797 continet
1237 2761 1347 2795 frenis
1356 2771 1462 2804 equos
1474 2784 1483 2800 ,
1496 2756 1594 2792 Pavi-

918 2829 939 2846 >›
954 2814 1083 2860 dosque
1098 2821 1188 2849 notae
1202 2813 1293 2848 vocis
1304 2813 1442 2846 hortatu
1453 2810 1531 2844 ciet,
1541 2822 1576 2837 u·
