<?xml version="1.0" encoding="UTF-8"?>
<!DOCTYPE html PUBLIC "-//W3C//DTD XHTML 1.0 Transitional//EN"
    "http://www.w3.org/TR/xhtml1/DTD/xhtml1-transitional.dtd">
<html xmlns="http://www.w3.org/1999/xhtml" xml:lang="en" lang="en">
 <head>
  <title>
</title>
<meta http-equiv="Content-Type" content="text/html;charset=utf-8" />
  <meta name='ocr-system' content='tesseract 3.04.00' />
  <meta name='ocr-capabilities' content='ocr_page ocr_carea ocr_par ocr_line ocrx_word'/>
</head>
<body>
  <div class='ocr_page' id='page_1' title='image "./quaeextantomniao04oviduoft_0306.png"; bbox 0 0 1820 3106; ppageno 0'>
   <div class='ocr_carea' id='block_1_1' title="bbox 293 317 377 362">
    <p class='ocr_par' dir='ltr' id='par_1_1' title="bbox 293 317 377 362">
     <span class='ocr_line' id='line_1_1' title="bbox 293 317 377 362; baseline 0.012 -18"><span class='ocrx_word' id='word_1_1' title='bbox 293 317 377 362; x_wconf 75' lang='lat'><strong>292</strong></span> 
     </span>
    </p>
   </div>
   <div class='ocr_carea' id='block_1_2' title="bbox 673 301 1335 350">
    <p class='ocr_par' dir='ltr' id='par_1_2' title="bbox 673 301 1335 350">
     <span class='ocr_line' id='line_1_2' title="bbox 673 301 1335 350; baseline 0.008 -5"><span class='ocrx_word' id='word_1_2' title='bbox 673 302 725 345; x_wconf 92' lang='lat' dir='ltr'><strong>P.</strong></span> <span class='ocrx_word' id='word_1_3' title='bbox 763 301 999 348; x_wconf 92' lang='lat' dir='ltr'><strong>OVIDII</strong></span> <span class='ocrx_word' id='word_1_4' title='bbox 1034 303 1335 350; x_wconf 88' lang='lat' dir='ltr'><strong>NASONIS</strong></span> 
     </span>
    </p>
   </div>
   <div class='ocr_carea' id='block_1_3' title="bbox 285 393 1501 693">
    <p class='ocr_par' dir='ltr' id='par_1_3' title="bbox 285 393 1468 616">
     <span class='ocr_line' id='line_1_3' title="bbox 287 393 1431 464; baseline 0.006 -23"><span class='ocrx_word' id='word_1_5' title='bbox 287 393 483 442; x_wconf 87' lang='lat' dir='ltr'><strong>Percutit</strong></span> <span class='ocrx_word' id='word_1_6' title='bbox 504 412 581 442; x_wconf 87' lang='lat' dir='ltr'><strong>ora</strong></span> <span class='ocrx_word' id='word_1_7' title='bbox 603 412 734 443; x_wconf 90' lang='lat' dir='ltr'><strong>manu</strong></span> <span class='ocrx_word' id='word_1_8' title='bbox 748 433 759 453; x_wconf 94' lang='lat'><strong>,</strong></span> <span class='ocrx_word' id='word_1_9' title='bbox 784 394 1004 463; x_wconf 85' lang='lat' dir='ltr'><strong>laniatque</strong></span> <span class='ocrx_word' id='word_1_10' title='bbox 1026 416 1050 445; x_wconf 90' lang='lat' dir='ltr'><strong>a</strong></span> <span class='ocrx_word' id='word_1_11' title='bbox 1070 410 1244 464; x_wconf 80' lang='lat' dir='ltr'><strong>pectore</strong></span> <span class='ocrx_word' id='word_1_12' title='bbox 1267 411 1431 458; x_wconf 83' lang='lat' dir='ltr'><strong>vestes,</strong></span> 
     </span>
     <span class='ocr_line' id='line_1_4' title="bbox 287 471 1468 538; baseline 0.006 -20"><span class='ocrx_word' id='word_1_13' title='bbox 287 472 557 537; x_wconf 85' lang='lat' dir='ltr'><strong>Pectoraque</strong></span> <span class='ocrx_word' id='word_1_14' title='bbox 572 471 667 538; x_wconf 89' lang='lat' dir='ltr'><strong>ipsa</strong></span> <span class='ocrx_word' id='word_1_15' title='bbox 688 471 791 520; x_wconf 86' lang='lat' dir='ltr'><strong>ferit</strong></span> <span class='ocrx_word' id='word_1_16' title='bbox 813 492 824 521; x_wconf 74' lang='grc' dir='ltr'><strong><em>ε</em></strong></span> <span class='ocrx_word' id='word_1_17' title='bbox 846 492 926 522; x_wconf 90' lang='lat' dir='ltr'><strong>nec</strong></span> <span class='ocrx_word' id='word_1_18' title='bbox 946 475 1108 524; x_wconf 86' lang='lat' dir='ltr'><strong>crinem</strong></span> <span class='ocrx_word' id='word_1_19' title='bbox 1132 476 1298 525; x_wconf 88' lang='lat' dir='ltr'><strong>solvere</strong></span> <span class='ocrx_word' id='word_1_20' title='bbox 1321 489 1468 536; x_wconf 89' lang='lat' dir='ltr'><strong>curat;</strong></span> 
     </span>
     <span class='ocr_line' id='line_1_5' title="bbox 285 547 1427 616; baseline 0.004 -19"><span class='ocrx_word' id='word_1_21' title='bbox 285 547 480 607; x_wconf 85' lang='lat' dir='ltr'><strong>Scindit3</strong></span> <span class='ocrx_word' id='word_1_22' title='bbox 507 560 548 597; x_wconf 89' lang='lat' dir='ltr'><strong>et</strong></span> <span class='ocrx_word' id='word_1_23' title='bbox 572 547 738 607; x_wconf 86' lang='lat' dir='ltr'><strong>altrici,</strong></span> <span class='ocrx_word' id='word_1_24' title='bbox 764 569 858 616; x_wconf 87' lang='lat' dir='ltr'><strong>quae</strong></span> <span class='ocrx_word' id='word_1_25' title='bbox 881 550 1026 606; x_wconf 86' lang='lat' dir='ltr'><strong>luctus</strong></span> <span class='ocrx_word' id='word_1_26' title='bbox 1049 571 1201 612; x_wconf 80' lang='lat' dir='ltr'><strong>causa,</strong></span> <span class='ocrx_word' id='word_1_27' title='bbox 1226 554 1427 616; x_wconf 86' lang='lat' dir='ltr'><strong>roganti,</strong></span> 
     </span>
    </p>

    <p class='ocr_par' dir='ltr' id='par_1_4' title="bbox 288 624 1501 693">
     <span class='ocr_line' id='line_1_6' title="bbox 288 624 1501 693; baseline 0.005 -19"><span class='ocrx_word' id='word_1_28' title='bbox 288 648 310 668; x_wconf 74' lang='grc' dir='ltr'>α</span> <span class='ocrx_word' id='word_1_29' title='bbox 338 625 469 674; x_wconf 88' lang='lat' dir='ltr'><strong>Nulla</strong></span> <span class='ocrx_word' id='word_1_30' title='bbox 494 637 559 673; x_wconf 85' lang='lat' dir='ltr'><strong>est</strong></span> <span class='ocrx_word' id='word_1_31' title='bbox 580 624 824 693; x_wconf 86' lang='lat' dir='ltr'><strong>Halcyone,</strong></span> <span class='ocrx_word' id='word_1_32' title='bbox 849 627 970 676; x_wconf 91' lang='lat' dir='ltr'><strong>nulla</strong></span> <span class='ocrx_word' id='word_1_33' title='bbox 991 641 1082 687; x_wconf 90' lang='lat' dir='ltr'><strong>est,</strong></span> <span class='ocrx_word' id='word_1_34' title='bbox 1109 630 1170 678; x_wconf 83' lang='lat' dir='ltr'><strong>ait</strong></span> <span class='ocrx_word' id='word_1_35' title='bbox 1193 650 1204 678; x_wconf 90' lang='lat'>:</span> <span class='ocrx_word' id='word_1_36' title='bbox 1230 631 1392 680; x_wconf 86' lang='lat' dir='ltr'><strong>occidit</strong></span> <span class='ocrx_word' id='word_1_37' title='bbox 1412 650 1501 680; x_wconf 88' lang='lat' dir='ltr'><strong>una</strong></span> 
     </span>
    </p>
   </div>
   <div class='ocr_carea' id='block_1_4' title="bbox 290 704 1299 771">
    <p class='ocr_par' dir='ltr' id='par_1_5' title="bbox 290 704 1299 771">
     <span class='ocr_line' id='line_1_7' title="bbox 290 704 1299 771; baseline 0.003 -18"><span class='ocrx_word' id='word_1_38' title='bbox 290 727 313 748; x_wconf 83' lang='lat'>»</span> <span class='ocrx_word' id='word_1_39' title='bbox 342 705 457 754; x_wconf 92' lang='lat' dir='ltr'><strong>Cum</strong></span> <span class='ocrx_word' id='word_1_40' title='bbox 476 704 613 771; x_wconf 88' lang='lat' dir='ltr'><strong>Ceyce</strong></span> <span class='ocrx_word' id='word_1_41' title='bbox 638 723 720 753; x_wconf 91' lang='lat' dir='ltr'><strong>suo</strong></span> <span class='ocrx_word' id='word_1_42' title='bbox 744 724 754 751; x_wconf 72' lang='grc' dir='ltr'><strong>ε</strong></span> <span class='ocrx_word' id='word_1_43' title='bbox 781 704 969 754; x_wconf 83' lang='lat' dir='ltr'><strong>solantia</strong></span> <span class='ocrx_word' id='word_1_44' title='bbox 990 706 1132 755; x_wconf 89' lang='lat' dir='ltr'><strong>tollite</strong></span> <span class='ocrx_word' id='word_1_45' title='bbox 1155 708 1299 756; x_wconf 88' lang='lat' dir='ltr'><strong>verba.</strong></span> 
     </span>
    </p>
   </div>
   <div class='ocr_carea' id='block_1_5' title="bbox 1626 722 1692 759">
    <p class='ocr_par' dir='ltr' id='par_1_6' title="bbox 1626 722 1692 759">
     <span class='ocr_line' id='line_1_8' title="bbox 1626 722 1692 759; baseline -0.015 -1"><span class='ocrx_word' id='word_1_46' title='bbox 1626 722 1692 759; x_wconf 87' lang='grc'><strong>685</strong></span> 
     </span>
    </p>
   </div>
   <div class='ocr_carea' id='block_1_6' title="bbox 281 779 1615 1078">
    <p class='ocr_par' dir='ltr' id='par_1_7' title="bbox 285 779 1511 850">
     <span class='ocr_line' id='line_1_9' title="bbox 285 779 1511 850; baseline 0.002 -20"><span class='ocrx_word' id='word_1_47' title='bbox 285 803 307 824; x_wconf 88' lang='lat'>»</span> <span class='ocrx_word' id='word_1_48' title='bbox 334 780 583 844; x_wconf 84' lang='lat' dir='ltr'><strong>Naufragus</strong></span> <span class='ocrx_word' id='word_1_49' title='bbox 610 779 777 829; x_wconf 88' lang='lat' dir='ltr'><strong>interiit</strong></span> <span class='ocrx_word' id='word_1_50' title='bbox 801 799 811 829; x_wconf 72' lang='grc' dir='ltr'><strong><em>ε</em></strong></span> <span class='ocrx_word' id='word_1_51' title='bbox 836 781 951 841; x_wconf 91' lang='lat' dir='ltr'><strong>vidi,</strong></span> <span class='ocrx_word' id='word_1_52' title='bbox 975 782 1246 848; x_wconf 84' lang='lat' dir='ltr'><strong>agnovique,</strong></span> <span class='ocrx_word' id='word_1_53' title='bbox 1271 802 1511 850; x_wconf 90' lang='lat' dir='ltr'><strong>manusque</strong></span> 
     </span>
    </p>

    <p class='ocr_par' dir='ltr' id='par_1_8' title="bbox 283 857 1325 925">
     <span class='ocr_line' id='line_1_10' title="bbox 283 857 1325 925; baseline 0.002 -21"><span class='ocrx_word' id='word_1_54' title='bbox 283 881 305 902; x_wconf 91' lang='lat'>»</span> <span class='ocrx_word' id='word_1_55' title='bbox 330 858 403 906; x_wconf 88' lang='lat' dir='ltr'><strong>Ad</strong></span> <span class='ocrx_word' id='word_1_56' title='bbox 422 857 713 906; x_wconf 83' lang='lat' dir='ltr'><strong>discedentem</strong></span> <span class='ocrx_word' id='word_1_57' title='bbox 737 858 916 925; x_wconf 91' lang='lat' dir='ltr'><strong>cupiens</strong></span> <span class='ocrx_word' id='word_1_58' title='bbox 938 859 1123 907; x_wconf 88' lang='lat' dir='ltr'><strong>retinere</strong></span> <span class='ocrx_word' id='word_1_59' title='bbox 1146 858 1325 907; x_wconf 87' lang='lat' dir='ltr'><strong>tetendi.</strong></span> 
     </span>
    </p>

    <p class='ocr_par' dir='ltr' id='par_1_9' title="bbox 281 934 1615 1078">
     <span class='ocr_line' id='line_1_11' title="bbox 281 934 1615 1003; baseline 0.002 -20"><span class='ocrx_word' id='word_1_60' title='bbox 281 958 303 978; x_wconf 92' lang='lat'>»</span> <span class='ocrx_word' id='word_1_61' title='bbox 330 935 501 984; x_wconf 89' lang='lat' dir='ltr'><strong>Umbra</strong></span> <span class='ocrx_word' id='word_1_62' title='bbox 522 934 629 992; x_wconf 82' lang='lat' dir='ltr'><strong>suit3</strong></span> <span class='ocrx_word' id='word_1_63' title='bbox 654 934 732 982; x_wconf 86' lang='lat' dir='ltr'><strong>sed</strong></span> <span class='ocrx_word' id='word_1_64' title='bbox 756 946 798 982; x_wconf 92' lang='lat' dir='ltr'><strong>et</strong></span> <span class='ocrx_word' id='word_1_65' title='bbox 820 934 978 983; x_wconf 89' lang='lat' dir='ltr'><strong>umbra</strong></span> <span class='ocrx_word' id='word_1_66' title='bbox 999 947 1144 984; x_wconf 87' lang='lat' dir='ltr'><strong>tamen</strong></span> <span class='ocrx_word' id='word_1_67' title='bbox 1167 935 1396 984; x_wconf 84' lang='lat' dir='ltr'><strong>manifesta</strong></span> <span class='ocrx_word' id='word_1_68' title='bbox 1410 973 1422 994; x_wconf 96' lang='lat'><strong>,</strong></span> <span class='ocrx_word' id='word_1_69' title='bbox 1447 936 1615 1003; x_wconf 86' lang='lat' dir='ltr'><strong>virique</strong></span> 
     </span>
     <span class='ocr_line' id='line_1_12' title="bbox 281 1010 1511 1078; baseline 0.001 -19"><span class='ocrx_word' id='word_1_70' title='bbox 281 1034 303 1054; x_wconf 76' lang='lat'><strong>›&gt;</strong></span> <span class='ocrx_word' id='word_1_71' title='bbox 329 1013 444 1059; x_wconf 86' lang='lat' dir='ltr'><strong>Vera</strong></span> <span class='ocrx_word' id='word_1_72' title='bbox 465 1011 552 1059; x_wconf 86' lang='lat' dir='ltr'><strong>mei</strong></span> <span class='ocrx_word' id='word_1_73' title='bbox 575 1031 585 1059; x_wconf 91' lang='lat'>:</span> <span class='ocrx_word' id='word_1_74' title='bbox 610 1030 703 1059; x_wconf 90' lang='lat' dir='ltr'><strong>non</strong></span> <span class='ocrx_word' id='word_1_75' title='bbox 723 1010 797 1059; x_wconf 85' lang='lat' dir='ltr'><strong>ille</strong></span> <span class='ocrx_word' id='word_1_76' title='bbox 819 1011 996 1078; x_wconf 91' lang='lat' dir='ltr'><strong>quidem</strong></span> <span class='ocrx_word' id='word_1_77' title='bbox 1010 1048 1022 1070; x_wconf 96' lang='lat'><strong>,</strong></span> <span class='ocrx_word' id='word_1_78' title='bbox 1048 1011 1087 1059; x_wconf 91' lang='lat' dir='ltr'><strong>si</strong></span> <span class='ocrx_word' id='word_1_79' title='bbox 1110 1011 1266 1077; x_wconf 86' lang='lat' dir='ltr'><strong>quaeris</strong></span> <span class='ocrx_word' id='word_1_80' title='bbox 1281 1048 1293 1069; x_wconf 84' lang='lat'><strong>,</strong></span> <span class='ocrx_word' id='word_1_81' title='bbox 1318 1010 1511 1060; x_wconf 85' lang='lat' dir='ltr'><strong>habebat</strong></span> 
     </span>
    </p>
   </div>
   <div class='ocr_carea' id='block_1_7' title="bbox 280 1086 1475 1153">
    <p class='ocr_par' dir='ltr' id='par_1_10' title="bbox 280 1086 1475 1153">
     <span class='ocr_line' id='line_1_13' title="bbox 280 1086 1475 1153; baseline 0 -17"><span class='ocrx_word' id='word_1_82' title='bbox 280 1110 303 1131; x_wconf 75' lang='lat' dir='ltr'><strong>n</strong></span> <span class='ocrx_word' id='word_1_83' title='bbox 329 1088 552 1137; x_wconf 90' lang='lat' dir='ltr'><strong>Adsuetos</strong></span> <span class='ocrx_word' id='word_1_84' title='bbox 574 1086 749 1146; x_wconf 65' lang='lat' dir='ltr'><strong>vultus3</strong></span> <span class='ocrx_word' id='word_1_85' title='bbox 773 1106 878 1143; x_wconf 86' lang='lat' dir='ltr'><strong>nec,</strong></span> <span class='ocrx_word' id='word_1_86' title='bbox 906 1106 997 1153; x_wconf 87' lang='lat' dir='ltr'><strong>quo</strong></span> <span class='ocrx_word' id='word_1_87' title='bbox 1020 1087 1169 1153; x_wconf 87' lang='lat' dir='ltr'><strong>prius,</strong></span> <span class='ocrx_word' id='word_1_88' title='bbox 1196 1106 1272 1136; x_wconf 91' lang='lat' dir='ltr'><strong>ore</strong></span> <span class='ocrx_word' id='word_1_89' title='bbox 1293 1087 1475 1137; x_wconf 88' lang='lat' dir='ltr'><strong>nitebat.</strong></span> 
     </span>
    </p>
   </div>
   <div class='ocr_carea' id='block_1_8' title="bbox 1618 1104 1685 1151">
    <p class='ocr_par' dir='ltr' id='par_1_11' title="bbox 1618 1104 1685 1151">
     <span class='ocr_line' id='line_1_14' title="bbox 1618 1104 1685 1151; baseline 0 0"><span class='ocrx_word' id='word_1_90' title='bbox 1618 1104 1685 1151; x_wconf 80' lang='lat'><strong>⁶9⁰</strong></span> 
     </span>
    </p>
   </div>
   <div class='ocr_carea' id='block_1_9' title="bbox 275 1163 1543 1461">
    <p class='ocr_par' dir='ltr' id='par_1_12' title="bbox 278 1163 1543 1308">
     <span class='ocr_line' id='line_1_15' title="bbox 279 1163 1543 1232; baseline 0.001 -19"><span class='ocrx_word' id='word_1_91' title='bbox 279 1188 302 1208; x_wconf 86' lang='lat'>»</span> <span class='ocrx_word' id='word_1_92' title='bbox 329 1164 594 1222; x_wconf 89' lang='lat' dir='ltr'><strong>Pallentem,</strong></span> <span class='ocrx_word' id='word_1_93' title='bbox 619 1164 900 1230; x_wconf 90' lang='lat' dir='ltr'><strong>nudumque,</strong></span> <span class='ocrx_word' id='word_1_94' title='bbox 926 1175 971 1212; x_wconf 90' lang='lat' dir='ltr'><strong>et</strong></span> <span class='ocrx_word' id='word_1_95' title='bbox 991 1163 1133 1212; x_wconf 87' lang='lat' dir='ltr'><strong>adhuc</strong></span> <span class='ocrx_word' id='word_1_96' title='bbox 1152 1164 1361 1214; x_wconf 84' lang='lat' dir='ltr'><strong>humente</strong></span> <span class='ocrx_word' id='word_1_97' title='bbox 1383 1165 1543 1232; x_wconf 84' lang='lat' dir='ltr'><strong>capillo</strong></span> 
     </span>
     <span class='ocr_line' id='line_1_16' title="bbox 278 1241 1318 1308; baseline -0.001 -16"><span class='ocrx_word' id='word_1_98' title='bbox 278 1267 300 1287; x_wconf 86' lang='lat'>»</span> <span class='ocrx_word' id='word_1_99' title='bbox 325 1242 508 1301; x_wconf 83' lang='lat' dir='ltr'><strong>Infelix,</strong></span> <span class='ocrx_word' id='word_1_100' title='bbox 534 1242 624 1290; x_wconf 85' lang='lat' dir='ltr'><strong>vidi</strong></span> <span class='ocrx_word' id='word_1_101' title='bbox 648 1262 658 1290; x_wconf 74' lang='grc' dir='ltr'><strong><em>ε</em></strong></span> <span class='ocrx_word' id='word_1_102' title='bbox 685 1242 807 1290; x_wconf 88' lang='lat' dir='ltr'><strong>stetit</strong></span> <span class='ocrx_word' id='word_1_103' title='bbox 829 1241 915 1290; x_wconf 89' lang='lat' dir='ltr'><strong>hoc</strong></span> <span class='ocrx_word' id='word_1_104' title='bbox 939 1241 1200 1290; x_wconf 84' lang='lat' dir='ltr'><strong>miserabilis</strong></span> <span class='ocrx_word' id='word_1_105' title='bbox 1219 1241 1318 1308; x_wconf 90' lang='lat' dir='ltr'><strong>ipso</strong></span> 
     </span>
    </p>

    <p class='ocr_par' dir='ltr' id='par_1_13' title="bbox 275 1316 1489 1384">
     <span class='ocr_line' id='line_1_17' title="bbox 275 1316 1489 1384; baseline -0.002 -17"><span class='ocrx_word' id='word_1_106' title='bbox 275 1343 296 1362; x_wconf 68' lang='grc' dir='ltr'><strong>υ</strong></span> <span class='ocrx_word' id='word_1_107' title='bbox 325 1321 436 1367; x_wconf 89' lang='lat' dir='ltr'><strong>Ecce</strong></span> <span class='ocrx_word' id='word_1_108' title='bbox 458 1318 557 1366; x_wconf 93' lang='lat' dir='ltr'><strong>loco</strong></span> <span class='ocrx_word' id='word_1_109' title='bbox 580 1339 590 1365; x_wconf 90' lang='lat'><strong>:</strong></span> <span class='ocrx_word' id='word_1_110' title='bbox 614 1329 658 1366; x_wconf 87' lang='lat' dir='ltr'><strong>et</strong></span> <span class='ocrx_word' id='word_1_111' title='bbox 680 1316 858 1383; x_wconf 78' lang='lat' dir='ltr'><strong>quaerit,</strong></span> <span class='ocrx_word' id='word_1_112' title='bbox 880 1317 1061 1381; x_wconf 85' lang='lat' dir='ltr'><strong>vestigia</strong></span> <span class='ocrx_word' id='word_1_113' title='bbox 1084 1317 1122 1366; x_wconf 86' lang='lat' dir='ltr'><strong>si</strong></span> <span class='ocrx_word' id='word_1_114' title='bbox 1147 1335 1233 1383; x_wconf 87' lang='lat' dir='ltr'><strong>qua</strong></span> <span class='ocrx_word' id='word_1_115' title='bbox 1254 1317 1489 1384; x_wconf 85' lang='lat' dir='ltr'><strong>supersint.</strong></span> 
     </span>
    </p>

    <p class='ocr_par' dir='ltr' id='par_1_14' title="bbox 275 1394 1492 1461">
     <span class='ocr_line' id='line_1_18' title="bbox 275 1394 1492 1461; baseline -0.001 -17"><span class='ocrx_word' id='word_1_116' title='bbox 275 1419 297 1439; x_wconf 88' lang='lat'>»</span> <span class='ocrx_word' id='word_1_117' title='bbox 326 1398 423 1444; x_wconf 90' lang='lat' dir='ltr'><strong>Hoc</strong></span> <span class='ocrx_word' id='word_1_118' title='bbox 446 1407 562 1452; x_wconf 89' lang='lat' dir='ltr'><strong>erat,</strong></span> <span class='ocrx_word' id='word_1_119' title='bbox 588 1394 675 1442; x_wconf 91' lang='lat' dir='ltr'><strong>hoc</strong></span> <span class='ocrx_word' id='word_1_120' title='bbox 698 1394 844 1447; x_wconf 87' lang='lat' dir='ltr'><strong>animo</strong></span> <span class='ocrx_word' id='word_1_121' title='bbox 869 1394 991 1461; x_wconf 88' lang='lat' dir='ltr'><strong>quod</strong></span> <span class='ocrx_word' id='word_1_122' title='bbox 1015 1394 1236 1443; x_wconf 81' lang='lat' dir='ltr'><strong>divinante</strong></span> <span class='ocrx_word' id='word_1_123' title='bbox 1261 1394 1492 1453; x_wconf 89' lang='lat' dir='ltr'><strong>timebam;</strong></span> 
     </span>
    </p>
   </div>
   <div class='ocr_carea' id='block_1_10' title="bbox 274 1470 1473 1537">
    <p class='ocr_par' dir='ltr' id='par_1_15' title="bbox 274 1470 1473 1537">
     <span class='ocr_line' id='line_1_19' title="bbox 274 1470 1473 1537; baseline 0 -17"><span class='ocrx_word' id='word_1_124' title='bbox 274 1496 296 1515; x_wconf 83' lang='grc'><em>»</em></span> <span class='ocrx_word' id='word_1_125' title='bbox 325 1474 385 1520; x_wconf 84' lang='lat' dir='ltr'><strong>Et</strong></span> <span class='ocrx_word' id='word_1_126' title='bbox 404 1489 459 1520; x_wconf 91' lang='lat' dir='ltr'><strong>ne</strong></span> <span class='ocrx_word' id='word_1_127' title='bbox 473 1509 484 1529; x_wconf 97' lang='lat'><strong>,</strong></span> <span class='ocrx_word' id='word_1_128' title='bbox 509 1490 578 1519; x_wconf 87' lang='lat' dir='ltr'><strong>me</strong></span> <span class='ocrx_word' id='word_1_129' title='bbox 599 1470 793 1532; x_wconf 79' lang='lat' dir='ltr'><strong>fugienS,</strong></span> <span class='ocrx_word' id='word_1_130' title='bbox 816 1482 973 1519; x_wconf 86' lang='lat' dir='ltr'><strong>ventos</strong></span> <span class='ocrx_word' id='word_1_131' title='bbox 996 1489 1224 1537; x_wconf 89' lang='lat' dir='ltr'><strong>sequerere</strong></span> <span class='ocrx_word' id='word_1_132' title='bbox 1247 1472 1473 1535; x_wconf 85' lang='lat' dir='ltr'><strong>rogabam.</strong></span> 
     </span>
    </p>
   </div>
   <div class='ocr_carea' id='block_1_11' title="bbox 1617 1485 1684 1534">
    <p class='ocr_par' dir='ltr' id='par_1_16' title="bbox 1617 1485 1684 1534">
     <span class='ocr_line' id='line_1_20' title="bbox 1617 1485 1684 1534; baseline 0 -15"><span class='ocrx_word' id='word_1_133' title='bbox 1617 1485 1684 1534; x_wconf 84' lang='lat'><strong>695</strong></span> 
     </span>
    </p>
   </div>
   <div class='ocr_carea' id='block_1_12' title="bbox 275 1551 1394 1618">
    <p class='ocr_par' dir='ltr' id='par_1_17' title="bbox 275 1551 1394 1618">
     <span class='ocr_line' id='line_1_21' title="bbox 275 1551 1394 1618; baseline 0 -16"><span class='ocrx_word' id='word_1_134' title='bbox 275 1576 298 1598; x_wconf 88' lang='lat'>»</span> <span class='ocrx_word' id='word_1_135' title='bbox 327 1555 390 1602; x_wconf 90' lang='lat' dir='ltr'><strong>At</strong></span> <span class='ocrx_word' id='word_1_136' title='bbox 411 1565 524 1602; x_wconf 88' lang='lat' dir='ltr'><strong>certe</strong></span> <span class='ocrx_word' id='word_1_137' title='bbox 545 1551 722 1618; x_wconf 80' lang='lat' dir='ltr'><strong>vellem,</strong></span> <span class='ocrx_word' id='word_1_138' title='bbox 749 1552 956 1618; x_wconf 89' lang='lat' dir='ltr'><strong>quoniam</strong></span> <span class='ocrx_word' id='word_1_139' title='bbox 977 1553 1198 1618; x_wconf 87' lang='lat' dir='ltr'><strong>periturus</strong></span> <span class='ocrx_word' id='word_1_140' title='bbox 1220 1553 1394 1613; x_wconf 84' lang='lat' dir='ltr'><strong>abibas,</strong></span> 
     </span>
    </p>
   </div>
   <div class='ocr_carea' id='block_1_13' title="bbox 263 1653 949 2838">
    <p class='ocr_par' dir='ltr' id='par_1_18' title="bbox 269 1653 948 1797">
     <span class='ocr_line' id='line_1_22' title="bbox 270 1653 947 1696; baseline -0.006 -4"><span class='ocrx_word' id='word_1_141' title='bbox 270 1657 402 1693; x_wconf 81' lang='lat' dir='ltr'><strong>inferre</strong></span> <span class='ocrx_word' id='word_1_142' title='bbox 411 1662 474 1692; x_wconf 87' lang='lat' dir='ltr'><strong>etc.</strong></span> <span class='ocrx_word' id='word_1_143' title='bbox 487 1655 643 1691; x_wconf 81' lang='lat' dir='ltr'><strong>solebant</strong></span> <span class='ocrx_word' id='word_1_144' title='bbox 655 1669 662 1696; x_wconf 92' lang='lat'>;</span> <span class='ocrx_word' id='word_1_145' title='bbox 675 1653 753 1689; x_wconf 79' lang='lat' dir='ltr'><strong>vide</strong></span> <span class='ocrx_word' id='word_1_146' title='bbox 768 1653 947 1690; x_wconf 87' lang='lat' dir='ltr'><strong>Drakenb.</strong></span> 
     </span>
     <span class='ocr_line' id='line_1_23' title="bbox 269 1705 948 1751; baseline -0.007 -6"><span class='ocrx_word' id='word_1_147' title='bbox 269 1711 313 1745; x_wconf 90' lang='lat' dir='ltr'><strong>ad</strong></span> <span class='ocrx_word' id='word_1_148' title='bbox 329 1709 455 1745; x_wconf 87' lang='lat' dir='ltr'><strong>Silium</strong></span> <span class='ocrx_word' id='word_1_149' title='bbox 467 1734 476 1751; x_wconf 93' lang='lat'><strong>,</strong></span> <span class='ocrx_word' id='word_1_150' title='bbox 496 1707 513 1742; x_wconf 86' lang='grc' dir='ltr'><strong>Ι</strong></span> <span class='ocrx_word' id='word_1_151' title='bbox 527 1733 536 1751; x_wconf 87' lang='grc'><em>,</em></span> <span class='ocrx_word' id='word_1_152' title='bbox 554 1707 597 1741; x_wconf 84' lang='grc'><strong>66</strong></span> <span class='ocrx_word' id='word_1_153' title='bbox 608 1732 618 1751; x_wconf 88' lang='grc'><em>,</em></span> <span class='ocrx_word' id='word_1_154' title='bbox 633 1705 692 1740; x_wconf 84' lang='lat' dir='ltr'><strong>ubi</strong></span> <span class='ocrx_word' id='word_1_155' title='bbox 698 1705 831 1749; x_wconf 85' lang='lat' dir='ltr'><strong>famuli</strong></span> <span class='ocrx_word' id='word_1_156' title='bbox 842 1709 892 1742; x_wconf 83' lang='lat' dir='ltr'><strong>ad</strong></span> <span class='ocrx_word' id='word_1_157' title='bbox 901 1709 948 1741; x_wconf 88' lang='lat' dir='ltr'><strong>li-</strong></span> 
     </span>
     <span class='ocr_line' id='line_1_24' title="bbox 269 1766 555 1797; baseline -0.021 0"><span class='ocrx_word' id='word_1_158' title='bbox 269 1766 362 1797; x_wconf 82' lang='lat' dir='ltr'><strong>mina</strong></span> <span class='ocrx_word' id='word_1_159' title='bbox 374 1767 555 1795; x_wconf 78' lang='lat' dir='ltr'><strong>vocantur.</strong></span> 
     </span>
    </p>

    <p class='ocr_par' dir='ltr' id='par_1_19' title="bbox 263 1809 949 2838">
     <span class='ocr_line' id='line_1_25' title="bbox 311 1809 949 1859; baseline -0.009 -11"><span class='ocrx_word' id='word_1_160' title='bbox 311 1813 386 1848; x_wconf 82' lang='lat'><strong>681.</strong></span> <span class='ocrx_word' id='word_1_161' title='bbox 406 1812 443 1846; x_wconf 91' lang='lat' dir='ltr'><em>A</em></span> <span class='ocrx_word' id='word_1_162' title='bbox 453 1817 587 1856; x_wconf 79' lang='lat' dir='ltr'><strong>pectore</strong></span> <span class='ocrx_word' id='word_1_163' title='bbox 601 1809 798 1859; x_wconf 70' lang='grc' dir='ltr'><strong><em>βραχυλόγως</em></strong></span> <span class='ocrx_word' id='word_1_164' title='bbox 811 1834 821 1851; x_wconf 87' lang='grc'><em>,</em></span> <span class='ocrx_word' id='word_1_165' title='bbox 837 1809 949 1843; x_wconf 86' lang='lat' dir='ltr'><strong>laniat</strong></span> 
     </span>
     <span class='ocr_line' id='line_1_26' title="bbox 268 1860 944 1906; baseline -0.009 -7"><span class='ocrx_word' id='word_1_166' title='bbox 268 1870 378 1899; x_wconf 84' lang='lat' dir='ltr'><strong>vestes</strong></span> <span class='ocrx_word' id='word_1_167' title='bbox 392 1871 427 1898; x_wconf 91' lang='lat' dir='ltr'><strong>et</strong></span> <span class='ocrx_word' id='word_1_168' title='bbox 440 1861 590 1898; x_wconf 82' lang='lat' dir='ltr'><strong>detrahit</strong></span> <span class='ocrx_word' id='word_1_169' title='bbox 605 1875 628 1896; x_wconf 89' lang='lat' dir='ltr'><strong>a</strong></span> <span class='ocrx_word' id='word_1_170' title='bbox 639 1866 771 1906; x_wconf 81' lang='lat' dir='ltr'><strong>pectore</strong></span> <span class='ocrx_word' id='word_1_171' title='bbox 781 1887 790 1900; x_wconf 90' lang='lat'><strong>,</strong></span> <span class='ocrx_word' id='word_1_172' title='bbox 812 1866 852 1894; x_wconf 88' lang='lat' dir='ltr'><strong>ut</strong></span> <span class='ocrx_word' id='word_1_173' title='bbox 872 1860 923 1894; x_wconf 90' lang='lat' dir='ltr'><strong>IX</strong></span> <span class='ocrx_word' id='word_1_174' title='bbox 933 1886 944 1903; x_wconf 85' lang='lat'><strong>,</strong></span> 
     </span>
     <span class='ocr_line' id='line_1_27' title="bbox 270 1913 948 1960; baseline -0.007 -9"><span class='ocrx_word' id='word_1_175' title='bbox 270 1919 311 1951; x_wconf 88' lang='grc'><strong>58</strong></span> <span class='ocrx_word' id='word_1_176' title='bbox 322 1943 331 1960; x_wconf 86' lang='grc'>,</span> <span class='ocrx_word' id='word_1_177' title='bbox 343 1918 432 1950; x_wconf 71' lang='lat' dir='ltr'><strong>solvi</strong></span> <span class='ocrx_word' id='word_1_178' title='bbox 439 1918 538 1949; x_wconf 82' lang='lat' dir='ltr'><strong>duros</strong></span> <span class='ocrx_word' id='word_1_179' title='bbox 547 1928 571 1948; x_wconf 86' lang='lat' dir='ltr'><strong>a</strong></span> <span class='ocrx_word' id='word_1_180' title='bbox 573 1921 706 1958; x_wconf 83' lang='lat' dir='ltr'><strong>pectore</strong></span> <span class='ocrx_word' id='word_1_181' title='bbox 716 1913 948 1948; x_wconf 52' lang='grc' dir='ltr'><strong>πται-Νη·</strong></span> 
     </span>
     <span class='ocr_line' id='line_1_28' title="bbox 267 1963 948 2009; baseline -0.009 -7"><span class='ocrx_word' id='word_1_182' title='bbox 267 1970 392 2002; x_wconf 72' lang='lat' dir='ltr'><strong>solvere</strong></span> <span class='ocrx_word' id='word_1_183' title='bbox 406 1971 518 2007; x_wconf 83' lang='lat' dir='ltr'><strong>curat,</strong></span> <span class='ocrx_word' id='word_1_184' title='bbox 537 1978 609 2000; x_wconf 87' lang='lat' dir='ltr'><strong>non</strong></span> <span class='ocrx_word' id='word_1_185' title='bbox 627 1971 765 2000; x_wconf 87' lang='lat' dir='ltr'><strong>tantum</strong></span> <span class='ocrx_word' id='word_1_186' title='bbox 781 1963 948 2009; x_wconf 88' lang='lat' dir='ltr'><strong>temporis</strong></span> 
     </span>
     <span class='ocr_line' id='line_1_29' title="bbox 269 2011 947 2061; baseline -0.007 -10"><span class='ocrx_word' id='word_1_187' title='bbox 269 2024 306 2051; x_wconf 84' lang='lat' dir='ltr'><strong>et</strong></span> <span class='ocrx_word' id='word_1_188' title='bbox 326 2028 441 2061; x_wconf 83' lang='lat' dir='ltr'><strong>operae</strong></span> <span class='ocrx_word' id='word_1_189' title='bbox 457 2015 629 2061; x_wconf 84' lang='lat' dir='ltr'><strong>impendit</strong></span> <span class='ocrx_word' id='word_1_190' title='bbox 641 2041 650 2058; x_wconf 97' lang='lat'><strong>,</strong></span> <span class='ocrx_word' id='word_1_191' title='bbox 677 2021 716 2048; x_wconf 84' lang='lat' dir='ltr'><strong>ut</strong></span> <span class='ocrx_word' id='word_1_192' title='bbox 730 2013 860 2056; x_wconf 79' lang='lat' dir='ltr'><strong>solvat,</strong></span> <span class='ocrx_word' id='word_1_193' title='bbox 885 2011 947 2047; x_wconf 83' lang='lat' dir='ltr'><strong>sed</strong></span> 
     </span>
     <span class='ocr_line' id='line_1_30' title="bbox 267 2067 945 2111; baseline -0.007 -8"><span class='ocrx_word' id='word_1_194' title='bbox 267 2071 401 2104; x_wconf 77' lang='lat' dir='ltr'><strong>scindit.</strong></span> <span class='ocrx_word' id='word_1_195' title='bbox 419 2068 475 2102; x_wconf 87' lang='grc' dir='ltr'><strong>ΙΙΙ</strong></span> <span class='ocrx_word' id='word_1_196' title='bbox 490 2068 595 2102; x_wconf 80' lang='lat' dir='ltr'><strong>Trist.</strong></span> <span class='ocrx_word' id='word_1_197' title='bbox 611 2077 655 2101; x_wconf 92' lang='lat'><strong>111</strong></span> <span class='ocrx_word' id='word_1_198' title='bbox 665 2093 674 2111; x_wconf 89' lang='lat'><strong>,</strong></span> <span class='ocrx_word' id='word_1_199' title='bbox 695 2069 733 2101; x_wconf 89' lang='lat'><strong>51</strong></span> <span class='ocrx_word' id='word_1_200' title='bbox 744 2092 753 2110; x_wconf 91' lang='lat'><strong>,</strong></span> <span class='ocrx_word' id='word_1_201' title='bbox 766 2067 873 2100; x_wconf 82' lang='lat' dir='ltr'><strong>Parce</strong></span> <span class='ocrx_word' id='word_1_202' title='bbox 882 2072 945 2099; x_wconf 88' lang='lat' dir='ltr'><strong>ta·-</strong></span> 
     </span>
     <span class='ocr_line' id='line_1_31' title="bbox 268 2120 946 2164; baseline -0.009 -7"><span class='ocrx_word' id='word_1_203' title='bbox 268 2135 340 2157; x_wconf 85' lang='lat' dir='ltr'><strong>men</strong></span> <span class='ocrx_word' id='word_1_204' title='bbox 354 2124 502 2155; x_wconf 83' lang='lat' dir='ltr'><strong>lacerare</strong></span> <span class='ocrx_word' id='word_1_205' title='bbox 511 2133 616 2164; x_wconf 71' lang='lat' dir='ltr'><strong>genas</strong></span> <span class='ocrx_word' id='word_1_206' title='bbox 623 2147 630 2160; x_wconf 91' lang='lat'>‚</span> <span class='ocrx_word' id='word_1_207' title='bbox 644 2131 704 2153; x_wconf 86' lang='lat' dir='ltr'><strong>nec</strong></span> <span class='ocrx_word' id='word_1_208' title='bbox 714 2120 829 2153; x_wconf 78' lang='lat' dir='ltr'><strong>scinde</strong></span> <span class='ocrx_word' id='word_1_209' title='bbox 837 2120 946 2161; x_wconf 84' lang='lat' dir='ltr'><strong>capil-</strong></span> 
     </span>
     <span class='ocr_line' id='line_1_32' title="bbox 265 2169 943 2216; baseline -0.009 -8"><span class='ocrx_word' id='word_1_210' title='bbox 265 2176 327 2208; x_wconf 87' lang='lat' dir='ltr'><strong>los.</strong></span> <span class='ocrx_word' id='word_1_211' title='bbox 351 2172 430 2207; x_wconf 88' lang='lat' dir='ltr'><strong>Hoc</strong></span> <span class='ocrx_word' id='word_1_212' title='bbox 448 2171 524 2205; x_wconf 90' lang='lat' dir='ltr'><strong>loco</strong></span> <span class='ocrx_word' id='word_1_213' title='bbox 544 2183 608 2216; x_wconf 91' lang='lat' dir='ltr'><strong>pro</strong></span> <span class='ocrx_word' id='word_1_214' title='bbox 625 2172 768 2210; x_wconf 80' lang='lat' dir='ltr'><strong>Scindit,</strong></span> <span class='ocrx_word' id='word_1_215' title='bbox 790 2169 943 2214; x_wconf 89' lang='lat' dir='ltr'><strong>quinque</strong></span> 
     </span>
     <span class='ocr_line' id='line_1_33' title="bbox 267 2221 944 2266; baseline -0.007 -7"><span class='ocrx_word' id='word_1_216' title='bbox 267 2229 388 2266; x_wconf 57' lang='grc' dir='ltr'><strong>,ταμίη</strong></span> <span class='ocrx_word' id='word_1_217' title='bbox 417 2236 508 2258; x_wconf 83' lang='lat' dir='ltr'><strong>unus</strong></span> <span class='ocrx_word' id='word_1_218' title='bbox 528 2225 618 2257; x_wconf 86' lang='lat' dir='ltr'><strong>sedit</strong></span> <span class='ocrx_word' id='word_1_219' title='bbox 630 2249 639 2261; x_wconf 85' lang='lat'>‚</span> <span class='ocrx_word' id='word_1_220' title='bbox 667 2221 761 2256; x_wconf 86' lang='lat' dir='ltr'><strong>unde</strong></span> <span class='ocrx_word' id='word_1_221' title='bbox 779 2221 944 2255; x_wconf 90' lang='lat' dir='ltr'><strong>Heinsius</strong></span> 
     </span>
     <span class='ocr_line' id='line_1_34' title="bbox 269 2272 943 2321; baseline -0.01 -9"><span class='ocrx_word' id='word_1_222' title='bbox 269 2277 410 2321; x_wconf 81' lang='lat' dir='ltr'><strong>conjicit</strong></span> <span class='ocrx_word' id='word_1_223' title='bbox 426 2278 581 2310; x_wconf 84' lang='lat' dir='ltr'><strong>coedit.·—-</strong></span> <span class='ocrx_word' id='word_1_224' title='bbox 589 2274 688 2319; x_wconf 85' lang='lat' dir='ltr'><strong>Regii</strong></span> <span class='ocrx_word' id='word_1_225' title='bbox 700 2272 833 2307; x_wconf 83' lang='lat' dir='ltr'><strong>codices</strong></span> <span class='ocrx_word' id='word_1_226' title='bbox 844 2276 943 2306; x_wconf 82' lang='lat' dir='ltr'><strong>scin-</strong></span> 
     </span>
     <span class='ocr_line' id='line_1_35' title="bbox 267 2323 945 2369; baseline -0.009 -6"><span class='ocrx_word' id='word_1_227' title='bbox 267 2329 531 2363; x_wconf 87' lang='lat' dir='ltr'><strong>dit.—Solantia</strong></span> <span class='ocrx_word' id='word_1_228' title='bbox 543 2353 551 2360; x_wconf 90' lang='lat'><strong>.</strong></span> <span class='ocrx_word' id='word_1_229' title='bbox 562 2353 568 2359; x_wconf 92' lang='lat'><strong>.</strong></span> <span class='ocrx_word' id='word_1_230' title='bbox 581 2353 589 2360; x_wconf 91' lang='lat'><strong>.</strong></span> <span class='ocrx_word' id='word_1_231' title='bbox 599 2327 708 2360; x_wconf 78' lang='lat' dir='ltr'><strong>verba.</strong></span> <span class='ocrx_word' id='word_1_232' title='bbox 725 2323 945 2369; x_wconf 81' lang='lat' dir='ltr'><strong>Schepperus</strong></span> 
     </span>
     <span class='ocr_line' id='line_1_36' title="bbox 271 2375 943 2426; baseline -0.007 -11"><span class='ocrx_word' id='word_1_233' title='bbox 271 2381 413 2426; x_wconf 83' lang='lat' dir='ltr'><strong>putabat</strong></span> <span class='ocrx_word' id='word_1_234' title='bbox 426 2379 530 2414; x_wconf 79' lang='lat' dir='ltr'><strong>verba</strong></span> <span class='ocrx_word' id='word_1_235' title='bbox 545 2378 652 2423; x_wconf 84' lang='lat' dir='ltr'><strong>magis</strong></span> <span class='ocrx_word' id='word_1_236' title='bbox 663 2376 833 2423; x_wconf 81' lang='lat' dir='ltr'><strong>pathetica</strong></span> <span class='ocrx_word' id='word_1_237' title='bbox 848 2375 921 2410; x_wconf 85' lang='lat' dir='ltr'><strong>sore</strong></span> <span class='ocrx_word' id='word_1_238' title='bbox 933 2402 943 2419; x_wconf 88' lang='lat'><strong>,</strong></span> 
     </span>
     <span class='ocr_line' id='line_1_37' title="bbox 265 2428 944 2477; baseline -0.009 -10"><span class='ocrx_word' id='word_1_239' title='bbox 265 2433 293 2467; x_wconf 91' lang='lat' dir='ltr'><strong>si</strong></span> <span class='ocrx_word' id='word_1_240' title='bbox 310 2433 400 2477; x_wconf 84' lang='lat' dir='ltr'><strong>legas</strong></span> <span class='ocrx_word' id='word_1_241' title='bbox 415 2434 580 2465; x_wconf 85' lang='lat' dir='ltr'><strong>solamina</strong></span> <span class='ocrx_word' id='word_1_242' title='bbox 599 2431 707 2464; x_wconf 86' lang='lat' dir='ltr'><strong>tollite</strong></span> <span class='ocrx_word' id='word_1_243' title='bbox 719 2434 838 2462; x_wconf 84' lang='lat' dir='ltr'><strong>vestra.</strong></span> <span class='ocrx_word' id='word_1_244' title='bbox 859 2428 944 2462; x_wconf 86' lang='lat' dir='ltr'><strong>Pas-—</strong></span> 
     </span>
     <span class='ocr_line' id='line_1_38' title="bbox 266 2484 944 2530; baseline -0.01 -11"><span class='ocrx_word' id='word_1_245' title='bbox 266 2486 331 2519; x_wconf 85' lang='lat' dir='ltr'><strong>sim</strong></span> <span class='ocrx_word' id='word_1_246' title='bbox 350 2484 439 2530; x_wconf 87' lang='lat' dir='ltr'><strong>apud</strong></span> <span class='ocrx_word' id='word_1_247' title='bbox 464 2484 631 2518; x_wconf 87' lang='lat' dir='ltr'><strong>Nostrum</strong></span> <span class='ocrx_word' id='word_1_248' title='bbox 643 2485 834 2526; x_wconf 81' lang='lat' dir='ltr'><strong>precantia,</strong></span> <span class='ocrx_word' id='word_1_249' title='bbox 856 2493 944 2513; x_wconf 84' lang='lat' dir='ltr'><strong>nar-</strong></span> 
     </span>
     <span class='ocr_line' id='line_1_39' title="bbox 265 2535 941 2580; baseline -0.009 -9"><span class='ocrx_word' id='word_1_250' title='bbox 265 2541 378 2572; x_wconf 85' lang='lat' dir='ltr'><strong>rantia</strong></span> <span class='ocrx_word' id='word_1_251' title='bbox 389 2564 397 2576; x_wconf 79' lang='grc'>,</span> <span class='ocrx_word' id='word_1_252' title='bbox 421 2538 647 2580; x_wconf 72' lang='lat' dir='ltr'><strong>indignantia,</strong></span> <span class='ocrx_word' id='word_1_253' title='bbox 658 2535 816 2578; x_wconf 75' lang='lat' dir='ltr'><strong>jnrantio</strong></span> <span class='ocrx_word' id='word_1_254' title='bbox 824 2536 923 2566; x_wconf 79' lang='lat' dir='ltr'><strong>verba</strong></span> <span class='ocrx_word' id='word_1_255' title='bbox 932 2559 941 2574; x_wconf 86' lang='lat'><strong>,</strong></span> 
     </span>
     <span class='ocr_line' id='line_1_40' title="bbox 265 2584 943 2631; baseline -0.01 -7"><span class='ocrx_word' id='word_1_256' title='bbox 265 2597 300 2624; x_wconf 91' lang='lat' dir='ltr'><strong>et</strong></span> <span class='ocrx_word' id='word_1_257' title='bbox 324 2588 447 2624; x_wconf 85' lang='lat' dir='ltr'><strong>similia</strong></span> <span class='ocrx_word' id='word_1_258' title='bbox 470 2602 479 2630; x_wconf 93' lang='lat'>;</span> <span class='ocrx_word' id='word_1_259' title='bbox 505 2600 602 2622; x_wconf 82' lang='lat' dir='ltr'><strong>serva</strong></span> <span class='ocrx_word' id='word_1_260' title='bbox 630 2586 735 2631; x_wconf 78' lang='lat' dir='ltr'><strong>igitur</strong></span> <span class='ocrx_word' id='word_1_261' title='bbox 759 2584 943 2620; x_wconf 89' lang='lat' dir='ltr'><strong>lectionem</strong></span> 
     </span>
     <span class='ocr_line' id='line_1_41' title="bbox 265 2638 944 2677; baseline -0.012 0"><span class='ocrx_word' id='word_1_262' title='bbox 265 2643 424 2677; x_wconf 86' lang='lat' dir='ltr'><strong>codicum</strong></span> <span class='ocrx_word' id='word_1_263' title='bbox 435 2643 591 2675; x_wconf 78' lang='lat' dir='ltr'><strong>solantia.</strong></span> <span class='ocrx_word' id='word_1_264' title='bbox 605 2638 671 2674; x_wconf 88' lang='lat' dir='ltr'><strong>Ed.</strong></span> <span class='ocrx_word' id='word_1_265' title='bbox 680 2638 783 2672; x_wconf 90' lang='lat' dir='ltr'><strong>—De</strong></span> <span class='ocrx_word' id='word_1_266' title='bbox 797 2640 944 2671; x_wconf 81' lang='lat' dir='ltr'><strong>solantia</strong></span> 
     </span>
     <span class='ocr_line' id='line_1_42' title="bbox 267 2690 945 2737; baseline -0.01 -9"><span class='ocrx_word' id='word_1_267' title='bbox 267 2696 368 2728; x_wconf 84' lang='lat' dir='ltr'><strong>verba</strong></span> <span class='ocrx_word' id='word_1_268' title='bbox 379 2693 445 2727; x_wconf 81' lang='lat' dir='ltr'><strong>vid.</strong></span> <span class='ocrx_word' id='word_1_269' title='bbox 464 2692 505 2726; x_wconf 91' lang='lat' dir='ltr'><strong>ad</strong></span> <span class='ocrx_word' id='word_1_270' title='bbox 519 2691 588 2733; x_wconf 90' lang='lat' dir='ltr'><strong>IX,</strong></span> <span class='ocrx_word' id='word_1_271' title='bbox 610 2695 724 2737; x_wconf 79' lang='grc' dir='ltr'>ι59.-</span> <span class='ocrx_word' id='word_1_272' title='bbox 732 2690 866 2728; x_wconf 78' lang='lat' dir='ltr'><strong>Tollite,</strong></span> <span class='ocrx_word' id='word_1_273' title='bbox 889 2691 945 2721; x_wconf 84' lang='lat' dir='ltr'><strong>in·-</strong></span> 
     </span>
     <span class='ocr_line' id='line_1_43' title="bbox 265 2740 944 2785; baseline -0.01 -6"><span class='ocrx_word' id='word_1_274' title='bbox 265 2748 442 2780; x_wconf 83' lang='lat' dir='ltr'><strong>termittite.</strong></span> <span class='ocrx_word' id='word_1_275' title='bbox 456 2742 625 2776; x_wconf 83' lang='lat' dir='ltr'><strong>Horatius</strong></span> <span class='ocrx_word' id='word_1_276' title='bbox 637 2767 645 2783; x_wconf 92' lang='lat'><strong>,</strong></span> <span class='ocrx_word' id='word_1_277' title='bbox 665 2740 734 2775; x_wconf 83' lang='lat' dir='ltr'><strong>Od.</strong></span> <span class='ocrx_word' id='word_1_278' title='bbox 749 2741 764 2775; x_wconf 91' lang='grc' dir='ltr'>Ι</span> <span class='ocrx_word' id='word_1_279' title='bbox 777 2765 786 2782; x_wconf 84' lang='grc'><em>,</em></span> <span class='ocrx_word' id='word_1_280' title='bbox 807 2752 860 2785; x_wconf 81' lang='lat'><strong>27,</strong></span> <span class='ocrx_word' id='word_1_281' title='bbox 877 2741 944 2772; x_wconf 85' lang='lat' dir='ltr'><strong>tol-</strong></span> 
     </span>
     <span class='ocr_line' id='line_1_44' title="bbox 263 2795 942 2838; baseline -0.009 -6"><span class='ocrx_word' id='word_1_282' title='bbox 263 2800 321 2832; x_wconf 76' lang='lat' dir='ltr'><strong>lite</strong></span> <span class='ocrx_word' id='word_1_283' title='bbox 347 2799 520 2831; x_wconf 76' lang='lat' dir='ltr'><strong>barbarum</strong></span> <span class='ocrx_word' id='word_1_284' title='bbox 548 2806 676 2830; x_wconf 76' lang='lat' dir='ltr'><strong>morem.</strong></span> <span class='ocrx_word' id='word_1_285' title='bbox 704 2795 816 2828; x_wconf 81' lang='lat' dir='ltr'><strong>Vetus</strong></span> <span class='ocrx_word' id='word_1_286' title='bbox 840 2799 942 2838; x_wconf 83' lang='lat' dir='ltr'><strong>poeta</strong></span> 
     </span>
    </p>
   </div>
   <div class='ocr_carea' id='block_1_14' title="bbox 1001 1655 1686 2837">
    <p class='ocr_par' dir='ltr' id='par_1_20' title="bbox 1001 1655 1685 1753">
     <span class='ocr_line' id='line_1_45' title="bbox 1011 1655 1685 1702; baseline 0.003 -12"><span class='ocrx_word' id='word_1_287' title='bbox 1011 1655 1103 1702; x_wconf 81' lang='lat' dir='ltr'><strong>apud</strong></span> <span class='ocrx_word' id='word_1_288' title='bbox 1123 1655 1334 1691; x_wconf 87' lang='lat' dir='ltr'><strong>Ciceronem</strong></span> <span class='ocrx_word' id='word_1_289' title='bbox 1346 1683 1355 1701; x_wconf 95' lang='lat'><strong>,</strong></span> <span class='ocrx_word' id='word_1_290' title='bbox 1373 1656 1439 1692; x_wconf 89' lang='lat' dir='ltr'><strong>Or.</strong></span> <span class='ocrx_word' id='word_1_291' title='bbox 1455 1657 1514 1700; x_wconf 92' lang='lat'><strong>11,</strong></span> <span class='ocrx_word' id='word_1_292' title='bbox 1533 1658 1597 1702; x_wconf 77' lang='lat'><strong>45,</strong></span> <span class='ocrx_word' id='word_1_293' title='bbox 1619 1670 1685 1692; x_wconf 78' lang='lat' dir='ltr'><strong>au-</strong></span> 
     </span>
     <span class='ocr_line' id='line_1_46' title="bbox 1001 1708 1519 1753; baseline 0.002 -12"><span class='ocrx_word' id='word_1_294' title='bbox 1001 1708 1092 1752; x_wconf 84' lang='lat' dir='ltr'><strong>ferte</strong></span> <span class='ocrx_word' id='word_1_295' title='bbox 1106 1712 1206 1742; x_wconf 88' lang='lat' dir='ltr'><strong>istam</strong></span> <span class='ocrx_word' id='word_1_296' title='bbox 1222 1712 1307 1743; x_wconf 84' lang='lat' dir='ltr'><strong>enim</strong></span> <span class='ocrx_word' id='word_1_297' title='bbox 1323 1710 1519 1753; x_wconf 83' lang='lat' dir='ltr'><strong>superbiam.</strong></span> 
     </span>
    </p>

    <p class='ocr_par' dir='ltr' id='par_1_21' title="bbox 1011 1758 1686 1958">
     <span class='ocr_line' id='line_1_47' title="bbox 1054 1758 1686 1804; baseline 0 -10"><span class='ocrx_word' id='word_1_298' title='bbox 1054 1759 1129 1804; x_wconf 84' lang='lat'><strong>687.</strong></span> <span class='ocrx_word' id='word_1_299' title='bbox 1147 1760 1212 1793; x_wconf 88' lang='lat' dir='ltr'><strong>Ad</strong></span> <span class='ocrx_word' id='word_1_300' title='bbox 1219 1761 1451 1795; x_wconf 79' lang='lat' dir='ltr'><strong>discedentem.</strong></span> <span class='ocrx_word' id='word_1_301' title='bbox 1470 1758 1591 1794; x_wconf 71' lang='lat' dir='ltr'><strong>Codex</strong></span> <span class='ocrx_word' id='word_1_302' title='bbox 1605 1759 1686 1794; x_wconf 80' lang='lat' dir='ltr'><strong>Re·-</strong></span> 
     </span>
     <span class='ocr_line' id='line_1_48' title="bbox 1011 1809 1684 1855; baseline 0.003 -12"><span class='ocrx_word' id='word_1_303' title='bbox 1011 1809 1085 1855; x_wconf 86' lang='lat' dir='ltr'><strong>gius</strong></span> <span class='ocrx_word' id='word_1_304' title='bbox 1100 1810 1128 1844; x_wconf 90' lang='lat' dir='ltr'><strong>A</strong></span> <span class='ocrx_word' id='word_1_305' title='bbox 1143 1836 1153 1854; x_wconf 87' lang='lat'>‚</span> <span class='ocrx_word' id='word_1_306' title='bbox 1176 1811 1224 1845; x_wconf 81' lang='lat' dir='ltr'><strong>[st</strong></span> <span class='ocrx_word' id='word_1_307' title='bbox 1237 1813 1457 1845; x_wconf 82' lang='lat' dir='ltr'><strong>discedentem</strong></span> <span class='ocrx_word' id='word_1_308' title='bbox 1471 1813 1606 1855; x_wconf 80' lang='lat' dir='ltr'><strong>capiens</strong></span> <span class='ocrx_word' id='word_1_309' title='bbox 1619 1817 1684 1845; x_wconf 87' lang='lat' dir='ltr'><strong>etc.</strong></span> 
     </span>
     <span class='ocr_line' id='line_1_49' title="bbox 1011 1860 1683 1905; baseline 0.003 -12"><span class='ocrx_word' id='word_1_310' title='bbox 1011 1860 1126 1895; x_wconf 76' lang='lat' dir='ltr'><strong>forsan</strong></span> <span class='ocrx_word' id='word_1_311' title='bbox 1147 1861 1280 1896; x_wconf 88' lang='lat' dir='ltr'><strong>melius.</strong></span> <span class='ocrx_word' id='word_1_312' title='bbox 1307 1863 1372 1896; x_wconf 89' lang='lat' dir='ltr'><strong>Ed.</strong></span> <span class='ocrx_word' id='word_1_313' title='bbox 1394 1879 1439 1888; x_wconf 94' lang='lat'>—</span> <span class='ocrx_word' id='word_1_314' title='bbox 1461 1862 1586 1896; x_wconf 81' lang='lat' dir='ltr'><strong>Umbra</strong></span> <span class='ocrx_word' id='word_1_315' title='bbox 1599 1861 1683 1905; x_wconf 84' lang='lat' dir='ltr'><strong>fuit.</strong></span> 
     </span>
     <span class='ocr_line' id='line_1_50' title="bbox 1011 1911 1663 1958; baseline 0.003 -12"><span class='ocrx_word' id='word_1_316' title='bbox 1011 1911 1117 1947; x_wconf 88' lang='lat' dir='ltr'><strong>Multi</strong></span> <span class='ocrx_word' id='word_1_317' title='bbox 1130 1912 1352 1957; x_wconf 72' lang='lat' dir='ltr'><strong>umbrasugil.</strong></span> <span class='ocrx_word' id='word_1_318' title='bbox 1360 1930 1404 1938; x_wconf 92' lang='lat'><strong>—</strong></span> <span class='ocrx_word' id='word_1_319' title='bbox 1413 1913 1464 1947; x_wconf 83' lang='lat' dir='ltr'><strong>Ita</strong></span> <span class='ocrx_word' id='word_1_320' title='bbox 1481 1912 1611 1958; x_wconf 82' lang='lat' dir='ltr'><strong>Regius</strong></span> <span class='ocrx_word' id='word_1_321' title='bbox 1622 1913 1663 1948; x_wconf 86' lang='lat' dir='ltr'><strong>B.</strong></span> 
     </span>
    </p>

    <p class='ocr_par' dir='ltr' id='par_1_22' title="bbox 1005 1963 1684 2837">
     <span class='ocr_line' id='line_1_51' title="bbox 1047 1963 1683 2010; baseline 0.003 -13"><span class='ocrx_word' id='word_1_322' title='bbox 1047 1963 1123 2010; x_wconf 76' lang='lat'><strong>690.</strong></span> <span class='ocrx_word' id='word_1_323' title='bbox 1133 1965 1301 1998; x_wconf 81' lang='lat' dir='ltr'><strong>Adsuetas</strong></span> <span class='ocrx_word' id='word_1_324' title='bbox 1307 1966 1427 1998; x_wconf 84' lang='lat' dir='ltr'><strong>vultus.</strong></span> <span class='ocrx_word' id='word_1_325' title='bbox 1435 1963 1601 1999; x_wconf 84' lang='lat' dir='ltr'><strong>Heinsius</strong></span> <span class='ocrx_word' id='word_1_326' title='bbox 1605 1977 1683 1999; x_wconf 89' lang='lat' dir='ltr'><strong>con-</strong></span> 
     </span>
     <span class='ocr_line' id='line_1_52' title="bbox 1010 2014 1683 2060; baseline 0.007 -12"><span class='ocrx_word' id='word_1_327' title='bbox 1010 2014 1084 2060; x_wconf 84' lang='lat' dir='ltr'><strong>jicit</strong></span> <span class='ocrx_word' id='word_1_328' title='bbox 1098 2017 1224 2056; x_wconf 78' lang='lat' dir='ltr'><strong>cultus,</strong></span> <span class='ocrx_word' id='word_1_329' title='bbox 1243 2027 1288 2050; x_wconf 88' lang='lat' dir='ltr'><strong>ne</strong></span> <span class='ocrx_word' id='word_1_330' title='bbox 1303 2015 1354 2050; x_wconf 87' lang='lat' dir='ltr'><strong>bis</strong></span> <span class='ocrx_word' id='word_1_331' title='bbox 1366 2015 1460 2050; x_wconf 85' lang='lat' dir='ltr'><strong>idem</strong></span> <span class='ocrx_word' id='word_1_332' title='bbox 1473 2015 1583 2060; x_wconf 85' lang='lat' dir='ltr'><strong>dicat,</strong></span> <span class='ocrx_word' id='word_1_333' title='bbox 1598 2023 1634 2052; x_wconf 88' lang='lat' dir='ltr'><strong>et</strong></span> <span class='ocrx_word' id='word_1_334' title='bbox 1645 2024 1683 2053; x_wconf 87' lang='lat' dir='ltr'><strong>ut</strong></span> 
     </span>
     <span class='ocr_line' id='line_1_53' title="bbox 1008 2064 1681 2112; baseline 0.004 -12"><span class='ocrx_word' id='word_1_335' title='bbox 1008 2064 1082 2101; x_wconf 87' lang='lat' dir='ltr'><strong>haec</strong></span> <span class='ocrx_word' id='word_1_336' title='bbox 1103 2066 1337 2111; x_wconf 86' lang='lat' dir='ltr'><strong>respondeant</strong></span> <span class='ocrx_word' id='word_1_337' title='bbox 1357 2067 1581 2112; x_wconf 86' lang='lat' dir='ltr'><strong>sequentibus</strong></span> <span class='ocrx_word' id='word_1_338' title='bbox 1593 2071 1681 2112; x_wconf 80' lang='lat' dir='ltr'><strong>pal-</strong></span> 
     </span>
     <span class='ocr_line' id='line_1_54' title="bbox 1007 2118 1684 2164; baseline 0.004 -12"><span class='ocrx_word' id='word_1_339' title='bbox 1007 2120 1125 2152; x_wconf 83' lang='lat' dir='ltr'><strong>lentem</strong></span> <span class='ocrx_word' id='word_1_340' title='bbox 1138 2118 1478 2164; x_wconf 60' lang='lat' dir='ltr'><strong>nudumque—Regii</strong></span> <span class='ocrx_word' id='word_1_341' title='bbox 1488 2119 1598 2155; x_wconf 87' lang='lat' dir='ltr'><strong>nostri</strong></span> <span class='ocrx_word' id='word_1_342' title='bbox 1608 2122 1684 2155; x_wconf 81' lang='lat' dir='ltr'><em>vul-</em></span> 
     </span>
     <span class='ocr_line' id='line_1_55' title="bbox 1007 2169 1683 2216; baseline 0.004 -12"><span class='ocrx_word' id='word_1_343' title='bbox 1007 2176 1072 2204; x_wconf 86' lang='lat' dir='ltr'><strong>tus.</strong></span> <span class='ocrx_word' id='word_1_344' title='bbox 1081 2188 1124 2195; x_wconf 96' lang='lat'>—</span> <span class='ocrx_word' id='word_1_345' title='bbox 1134 2171 1271 2205; x_wconf 78' lang='lat' dir='ltr'><strong>Nitebat</strong></span> <span class='ocrx_word' id='word_1_346' title='bbox 1281 2183 1290 2204; x_wconf 78' lang='lat'><strong>‚¹</strong></span> <span class='ocrx_word' id='word_1_347' title='bbox 1304 2169 1424 2205; x_wconf 88' lang='lat' dir='ltr'><strong>confer</strong></span> <span class='ocrx_word' id='word_1_348' title='bbox 1439 2184 1511 2216; x_wconf 86' lang='lat'><strong>271.</strong></span> <span class='ocrx_word' id='word_1_349' title='bbox 1518 2190 1563 2197; x_wconf 89' lang='lat'><strong>—-</strong></span> <span class='ocrx_word' id='word_1_350' title='bbox 1570 2174 1606 2206; x_wconf 89' lang='lat' dir='ltr'><em>V</em></span> <span class='ocrx_word' id='word_1_351' title='bbox 1599 2175 1683 2213; x_wconf 84' lang='lat' dir='ltr'><strong>esti·</strong></span> 
     </span>
     <span class='ocr_line' id='line_1_56' title="bbox 1005 2220 1680 2266; baseline 0.004 -12"><span class='ocrx_word' id='word_1_352' title='bbox 1005 2224 1065 2264; x_wconf 70' lang='lat' dir='ltr'><strong>gia</strong></span> <span class='ocrx_word' id='word_1_353' title='bbox 1074 2248 1083 2260; x_wconf 87' lang='lat'><strong>,</strong></span> <span class='ocrx_word' id='word_1_354' title='bbox 1099 2220 1228 2255; x_wconf 87' lang='lat' dir='ltr'><strong>scilicet</strong></span> <span class='ocrx_word' id='word_1_355' title='bbox 1240 2233 1338 2266; x_wconf 69' lang='lat' dir='ltr'><strong>aquae</strong></span> <span class='ocrx_word' id='word_1_356' title='bbox 1352 2221 1552 2258; x_wconf 87' lang='lat' dir='ltr'><strong>destillantis</strong></span> <span class='ocrx_word' id='word_1_357' title='bbox 1567 2236 1607 2257; x_wconf 90' lang='lat' dir='ltr'><strong>ex</strong></span> <span class='ocrx_word' id='word_1_358' title='bbox 1618 2223 1680 2257; x_wconf 89' lang='lat' dir='ltr'><strong>hu-</strong></span> 
     </span>
     <span class='ocr_line' id='line_1_57' title="bbox 1007 2274 1679 2320; baseline 0.004 -13"><span class='ocrx_word' id='word_1_359' title='bbox 1007 2274 1184 2309; x_wconf 89' lang='lat' dir='ltr'><strong>mentibus</strong></span> <span class='ocrx_word' id='word_1_360' title='bbox 1202 2274 1328 2320; x_wconf 85' lang='lat' dir='ltr'><strong>capillis</strong></span> <span class='ocrx_word' id='word_1_361' title='bbox 1350 2274 1485 2320; x_wconf 85' lang='lat' dir='ltr'><strong>udaque</strong></span> <span class='ocrx_word' id='word_1_362' title='bbox 1506 2275 1622 2310; x_wconf 82' lang='lat' dir='ltr'><strong>barba.</strong></span> <span class='ocrx_word' id='word_1_363' title='bbox 1635 2293 1679 2302; x_wconf 89' lang='lat'><strong>—-</strong></span> 
     </span>
     <span class='ocr_line' id='line_1_58' title="bbox 1008 2325 1678 2362; baseline 0 -2"><span class='ocrx_word' id='word_1_364' title='bbox 1008 2326 1084 2360; x_wconf 89' lang='lat' dir='ltr'><strong>Hoc</strong></span> <span class='ocrx_word' id='word_1_365' title='bbox 1098 2333 1179 2360; x_wconf 84' lang='lat' dir='ltr'><strong>erat.</strong></span> <span class='ocrx_word' id='word_1_366' title='bbox 1201 2325 1408 2362; x_wconf 82' lang='lat' dir='ltr'><strong>Verissimus</strong></span> <span class='ocrx_word' id='word_1_367' title='bbox 1425 2339 1540 2362; x_wconf 89' lang='lat' dir='ltr'><strong>sermo</strong></span> <span class='ocrx_word' id='word_1_368' title='bbox 1555 2326 1678 2360; x_wconf 88' lang='lat' dir='ltr'><strong>homi-</strong></span> 
     </span>
     <span class='ocr_line' id='line_1_59' title="bbox 1007 2378 1678 2423; baseline -0.001 -10"><span class='ocrx_word' id='word_1_369' title='bbox 1007 2391 1095 2413; x_wconf 88' lang='lat' dir='ltr'><strong>num</strong></span> <span class='ocrx_word' id='word_1_370' title='bbox 1111 2378 1427 2423; x_wconf 85' lang='lat' dir='ltr'><strong>superstitiosorum</strong></span> <span class='ocrx_word' id='word_1_371' title='bbox 1439 2385 1517 2422; x_wconf 84' lang='lat' dir='ltr'><strong>post</strong></span> <span class='ocrx_word' id='word_1_372' title='bbox 1530 2391 1678 2423; x_wconf 88' lang='lat' dir='ltr'><strong>perpes-—</strong></span> 
     </span>
     <span class='ocr_line' id='line_1_60' title="bbox 1007 2429 1680 2474; baseline -0.003 -9"><span class='ocrx_word' id='word_1_373' title='bbox 1007 2443 1079 2465; x_wconf 86' lang='lat' dir='ltr'><strong>sam</strong></span> <span class='ocrx_word' id='word_1_374' title='bbox 1095 2429 1323 2465; x_wconf 84' lang='lat' dir='ltr'><strong>calamitatem</strong></span> <span class='ocrx_word' id='word_1_375' title='bbox 1334 2429 1680 2474; x_wconf 82' lang='lat' dir='ltr'><strong>conquerentium.—</strong></span> 
     </span>
     <span class='ocr_line' id='line_1_61' title="bbox 1006 2481 1678 2527; baseline -0.003 -10"><span class='ocrx_word' id='word_1_376' title='bbox 1006 2485 1191 2517; x_wconf 68' lang='lat' dir='ltr'><strong>Diainante</strong></span> <span class='ocrx_word' id='word_1_377' title='bbox 1203 2508 1211 2522; x_wconf 82' lang='lat'><strong>,</strong></span> <span class='ocrx_word' id='word_1_378' title='bbox 1248 2482 1440 2527; x_wconf 85' lang='lat' dir='ltr'><strong>suspicante</strong></span> <span class='ocrx_word' id='word_1_379' title='bbox 1458 2494 1497 2515; x_wconf 84' lang='lat' dir='ltr'><strong>ea</strong></span> <span class='ocrx_word' id='word_1_380' title='bbox 1515 2507 1525 2524; x_wconf 93' lang='lat'><strong>,</strong></span> <span class='ocrx_word' id='word_1_381' title='bbox 1555 2481 1678 2526; x_wconf 82' lang='lat' dir='ltr'><strong>quibus</strong></span> 
     </span>
     <span class='ocr_line' id='line_1_62' title="bbox 1007 2532 1676 2579; baseline -0.003 -10"><span class='ocrx_word' id='word_1_382' title='bbox 1007 2541 1152 2569; x_wconf 84' lang='lat' dir='ltr'><strong>eventus</strong></span> <span class='ocrx_word' id='word_1_383' title='bbox 1167 2533 1365 2579; x_wconf 86' lang='lat' dir='ltr'><strong>respondet.</strong></span> <span class='ocrx_word' id='word_1_384' title='bbox 1387 2550 1431 2559; x_wconf 90' lang='lat'><strong>·-</strong></span> <span class='ocrx_word' id='word_1_385' title='bbox 1452 2534 1553 2577; x_wconf 75' lang='lat' dir='ltr'><strong>Fugit</strong></span> <span class='ocrx_word' id='word_1_386' title='bbox 1569 2539 1604 2567; x_wconf 88' lang='lat' dir='ltr'><strong>et</strong></span> <span class='ocrx_word' id='word_1_387' title='bbox 1626 2532 1654 2567; x_wconf 76' lang='lat' dir='ltr'><strong>is</strong></span> <span class='ocrx_word' id='word_1_388' title='bbox 1667 2559 1676 2576; x_wconf 92' lang='lat'><strong>,</strong></span> 
     </span>
     <span class='ocr_line' id='line_1_63' title="bbox 1009 2583 1678 2630; baseline -0.001 -11"><span class='ocrx_word' id='word_1_389' title='bbox 1009 2586 1067 2630; x_wconf 91' lang='lat' dir='ltr'><strong>qui</strong></span> <span class='ocrx_word' id='word_1_390' title='bbox 1090 2585 1235 2619; x_wconf 81' lang='lat' dir='ltr'><strong>alterum</strong></span> <span class='ocrx_word' id='word_1_391' title='bbox 1263 2584 1482 2630; x_wconf 86' lang='lat' dir='ltr'><strong>proficiscens</strong></span> <span class='ocrx_word' id='word_1_392' title='bbox 1503 2583 1678 2629; x_wconf 86' lang='lat' dir='ltr'><strong>relinquit.</strong></span> 
     </span>
     <span class='ocr_line' id='line_1_64' title="bbox 1008 2636 1677 2682; baseline 0 -13"><span class='ocrx_word' id='word_1_393' title='bbox 1008 2636 1191 2682; x_wconf 85' lang='lat' dir='ltr'><strong>Virgilius,</strong></span> <span class='ocrx_word' id='word_1_394' title='bbox 1211 2636 1282 2672; x_wconf 76' lang='lat' dir='ltr'><strong>Ed.</strong></span> <span class='ocrx_word' id='word_1_395' title='bbox 1298 2637 1315 2671; x_wconf 93' lang='lat'><em>1</em></span> <span class='ocrx_word' id='word_1_396' title='bbox 1327 2663 1335 2679; x_wconf 92' lang='lat'><strong>,</strong></span> <span class='ocrx_word' id='word_1_397' title='bbox 1350 2638 1388 2680; x_wconf 78' lang='grc'><strong>4,</strong></span> <span class='ocrx_word' id='word_1_398' title='bbox 1404 2637 1476 2670; x_wconf 84' lang='lat' dir='ltr'><strong>Nos</strong></span> <span class='ocrx_word' id='word_1_399' title='bbox 1486 2638 1599 2670; x_wconf 84' lang='lat' dir='ltr'><strong>dulcia</strong></span> <span class='ocrx_word' id='word_1_400' title='bbox 1612 2638 1677 2669; x_wconf 82' lang='lat' dir='ltr'><strong>lin-</strong></span> 
     </span>
     <span class='ocr_line' id='line_1_65' title="bbox 1006 2686 1675 2734; baseline -0.004 -11"><span class='ocrx_word' id='word_1_401' title='bbox 1006 2692 1134 2734; x_wconf 81' lang='lat' dir='ltr'><strong>quimus</strong></span> <span class='ocrx_word' id='word_1_402' title='bbox 1147 2692 1230 2722; x_wconf 75' lang='lat' dir='ltr'><strong>&#39;otva</strong></span> <span class='ocrx_word' id='word_1_403' title='bbox 1240 2715 1248 2729; x_wconf 87' lang='lat'><em>‚</em></span> <span class='ocrx_word' id='word_1_404' title='bbox 1278 2689 1350 2722; x_wconf 88' lang='lat' dir='ltr'><strong>Nos</strong></span> <span class='ocrx_word' id='word_1_405' title='bbox 1361 2691 1509 2731; x_wconf 86' lang='lat' dir='ltr'><strong>patriam</strong></span> <span class='ocrx_word' id='word_1_406' title='bbox 1514 2686 1675 2732; x_wconf 67' lang='lat' dir='ltr'><strong>figimus.</strong></span> 
     </span>
     <span class='ocr_line' id='line_1_66' title="bbox 1006 2739 1676 2785; baseline -0.007 -10"><span class='ocrx_word' id='word_1_407' title='bbox 1006 2758 1050 2767; x_wconf 96' lang='lat'>—</span> <span class='ocrx_word' id='word_1_408' title='bbox 1066 2741 1135 2775; x_wconf 90' lang='lat' dir='ltr'><strong>Pro</strong></span> <span class='ocrx_word' id='word_1_409' title='bbox 1152 2740 1313 2785; x_wconf 79' lang='lat' dir='ltr'><strong>navigare</strong></span> <span class='ocrx_word' id='word_1_410' title='bbox 1334 2739 1477 2781; x_wconf 87' lang='lat' dir='ltr'><strong>maluit,</strong></span> <span class='ocrx_word' id='word_1_411' title='bbox 1495 2744 1608 2772; x_wconf 84' lang='lat' dir='ltr'><strong>ventos</strong></span> <span class='ocrx_word' id='word_1_412' title='bbox 1622 2749 1676 2771; x_wconf 90' lang='lat' dir='ltr'><strong>se-</strong></span> 
     </span>
     <span class='ocr_line' id='line_1_67' title="bbox 1006 2790 1675 2837; baseline -0.004 -11"><span class='ocrx_word' id='word_1_413' title='bbox 1006 2795 1080 2837; x_wconf 85' lang='lat' dir='ltr'><strong>qui,</strong></span> <span class='ocrx_word' id='word_1_414' title='bbox 1112 2799 1152 2826; x_wconf 90' lang='lat' dir='ltr'><strong>ut</strong></span> <span class='ocrx_word' id='word_1_415' title='bbox 1175 2791 1301 2827; x_wconf 87' lang='lat' dir='ltr'><strong>melior</strong></span> <span class='ocrx_word' id='word_1_416' title='bbox 1322 2790 1490 2837; x_wconf 83' lang='lat' dir='ltr'><strong>oppositio</strong></span> <span class='ocrx_word' id='word_1_417' title='bbox 1520 2795 1616 2824; x_wconf 87' lang='lat' dir='ltr'><strong>esset.</strong></span> <span class='ocrx_word' id='word_1_418' title='bbox 1632 2804 1675 2813; x_wconf 84' lang='lat'><em>-</em></span> 
     </span>
    </p>
   </div>
  </div>
 </body>
</html>
