1820 3106
256 274 314 317 56
630 277 682 318 Ρ.
717 277 953 322 OVIDII
982 277 1284 323 NASONIS

255 367 467 415 Vestibus
490 367 608 417 hunc
632 368 797 427 velant,
828 388 936 435 quas
957 389 1050 418 non
1068 371 1153 419 nisi
1177 383 1371 437 tempore
1390 370 1503 420 sesto

257 445 458 492 Sternere
483 457 772 501 consuerant;
799 446 874 494 sed
897 459 941 494 et
958 447 1049 496 haec
1070 447 1256 514 vilisque
1278 460 1488 515 vetusque

258 523 404 570 Vestis
426 534 541 580 erat,
565 522 679 570 lecto
703 543 795 571 non
818 524 1082 588 indignanda
1106 525 1286 587 saligno.

257 600 520 648 Adcubuere
545 601 629 647 Dei
649 621 658 648 :
680 620 872 649 mensam
897 602 1116 649 succincta
1139 614 1414 668 tremensque

1603 617 1671 651 660

256 676 390 723 Ponit
411 696 544 734 anus3
570 696 729 726 mensae
753 678 829 725 sed
851 691 943 726 erat
963 697 1041 745 pes
1066 679 1221 727 tertius
1245 680 1411 746 impar3

258 758 388 805 Testa
411 777 560 824 parem
583 759 713 807 fecit:
735 779 830 825 quae
851 772 1087 826 postquam
1112 761 1288 809 subdita
1312 761 1471 810 clivum

260 838 474 896 Sustulit,
499 851 711 906 aequatam
734 852 890 888 mentae
913 852 1072 889 tersere
1095 841 1296 889 virentes.

259 921 450 983 Ponitur
472 922 543 970 hic
567 922 743 971 bicolor
764 923 941 972 sincerae
963 924 1097 972 bacca
1118 924 1349 982 Minervae,

260 1065 319 1100 des
331 1066 501 1101 haberent
513 1068 825 1103 eburneos.—Post
838 1068 934 1103 hunc

259 1131 399 1153 versum
415 1119 480 1152 655
494 1145 503 1162 ,
523 1119 624 1153 multi
640 1120 799 1154 inserunt
812 1146 822 1162 ‚
845 1121 935 1154 Con-

258 1173 447 1214 canantque
462 1171 474 1213 (
487 1178 544 1204 aut
554 1177 825 1215 coasternuntque
835 1197 844 1214 ,
860 1184 934 1205 con-

255 1226 471 1266 stituuntque,
489 1221 755 1268 conficiuntque)
773 1229 876 1257 torum
893 1225 935 1256 de

256 1273 503 1318 molltflumim's
509 1274 707 1308 ulva,Hunc
715 1287 852 1308 versum
861 1287 933 1309 non

260 1332 450 1370 agnoscunt
464 1332 557 1359 recte
574 1325 682 1359 nostri
700 1325 810 1370 Regii.
825 1327 890 1359 Ed.

300 1377 375 1422 657.
399 1379 569 1416 Vestibus,
593 1377 935 1423 stragulis—Velare

259 1429 415 1473 solemne
431 1429 466 1463 in
483 1429 548 1463 hac
562 1443 611 1464 re.
622 1448 667 1455 —-
681 1433 774 1472 Quas
788 1443 853 1463 non
870 1436 933 1464 etc.

261 1482 293 1515 T
296 1482 365 1516 rist.
380 1482 426 1525 V,
443 1493 478 1525 v,
499 1496 529 1526 7,
548 1496 617 1526 quoe
631 1485 735 1516 semel
746 1489 815 1517 toto
831 1486 935 1516 vestt's

259 1538 400 1568 sumitur
406 1547 495 1567 anno
506 1546 515 1575 ‚·
528 1534 655 1568 Tibull.
667 1535 703 1569 II
712 1560 721 1577 ,
734 1545 776 1577 11,
790 1548 820 1579 7,
831 1539 935 1568 vestis

258 1589 468 1628 seposita.—
486 1588 603 1625 Vetus,
623 1586 784 1620 obsoleta.
801 1588 934 1622 -Non

257 1640 487 1681 1'nd1'gnunda5
503 1651 593 1672 unus
606 1637 743 1672 Ciosani
756 1665 765 1681 ,
783 1638 934 1683 Capran.

262 1690 452 1724 Vaticanus
463 1717 471 1730 ,
488 1690 652 1725 Cantabr.
667 1691 850 1734 secundus,
865 1698 935 1726 ter-

258 1741 325 1776 tius
341 1742 515 1776 Palatinus
532 1750 566 1777 et
583 1743 703 1777 decem
714 1743 788 1786 alii,
800 1746 934 1778 sednon

259 1796 408 1837 indigna.
419 1794 558 1828 Primus
570 1793 781 1829 Gronovian.
795 1802 827 1829 et
844 1809 934 1830 unus

262 1844 398 1877 Heinsii
409 1870 418 1887 ,
436 1850 544 1878 tamen
561 1846 656 1878 haud
666 1847 814 1888 t'ndtjgnu.
833 1846 934 1891 Regii

260 1895 370 1929 nostri
388 1895 516 1930 habent
531 1896 715 1941 vulgatam.
729 1915 772 1922 —-
782 1898 857 1931 Non
872 1900 934 1931 in-

259 1949 431 1990 dzknanda
448 1974 455 1986 ‚
494 1959 570 1991 quae
604 1960 677 1981 non
702 1947 847 1982 habebat
873 1960 935 1982 cur

261 1998 351 2032 lecto
374 1997 635 2042 indignaretur,
656 1999 688 2033 ei
712 2000 934 2034 conveniens.

263 2050 374 2085 Aliter
391 2050 482 2095 apud
501 2051 684 2095 Virgilium
698 2077 708 2093 ,
736 2051 876 2085 AEneid.
893 2051 908 2085 I
923 2077 932 2094 ‚

259 2102 321 2151 (597
335 2127 344 2144 ‚
369 2104 486 2134 aulaeis
498 2102 576 2145 jam
598 2115 637 2135 se
656 2106 769 2145 regina
786 2105 935 2146 superbtlr

260 2153 374 2186 Aurea
390 2155 575 2195 composuit
586 2154 725 2195 sponda.

301 2203 376 2237 660.
394 2202 592 2241 Succfficta,
617 2202 772 2246 adeoque
793 2202 933 2243 sedula;

261 2255 313 2289 IX
327 2281 336 2297 ,
355 2256 408 2301 89.
422 2255 547 2289 Horat.
564 2255 635 2289 Sat.
649 2255 684 2289 II
697 2281 705 2297 ,
719 2266 758 2288 VI
772 2280 781 2298 ,
804 2268 876 2299 107,
890 2254 932 2288 de

258 2320 358 2340 mure
373 2307 508 2340 urbano
521 2332 530 2349 ,
545 2309 652 2340 veluti
659 2310 848 2340 succinctus
859 2319 935 2339 cur-

257 2362 340 2392 sitat
353 2360 481 2402 hospes.
493 2375 537 2383 —-
549 2359 665 2401 Τήρεω·
680 2369 793 2390 mensa
810 2364 883 2391 erat
897 2357 933 2390 in

262 2410 470 2454 supellectile
479 2409 725 2455 pauperiorum
735 2408 934 2452 hominum;

256 2463 382 2496 Horat.
398 2463 471 2496 Sat.
488 2463 526 2504 Ι,
542 2472 588 2495 111
601 2487 610 2504 ‚
635 2462 691 2505 13,
711 2462 769 2495 ubi
781 2461 858 2496 vide
874 2462 934 2496 In-

261 2520 484 2557 terpretes.--
491 2514 647 2554 Sustulit,
663 2512 934 2557 inaequalitatem

259 2565 396 2599 abstulit
407 2591 416 2607 ,
427 2568 511 2608 pedi
521 2566 802 2600 submissatesta.
814 2567 878 2599 Ed.
891 2584 934 2591 —

259 2617 471 2661 Plerumque
480 2619 620 2663 spongia
628 2619 715 2663 tergi
724 2631 843 2652 mensa
851 2618 933 2652 sole-

260 2670 328 2711 bat,
343 2682 438 2704 nunc
447 2678 565 2709 menta,
579 2671 620 2704 de
635 2684 702 2716 qua
711 2671 787 2704 vide
801 2672 847 2714 X,
861 2683 934 2717 729.

256 2739 298 2745 --
307 2723 456 2761 Tersere‚·
479 2720 600 2754 Codex
612 2722 642 2754 A
654 2748 663 2763 ,
680 2729 847 2756 extersere.
867 2721 934 2755 Ed.

295 2773 367 2816 664.
393 2775 533 2807 Ponitur
545 2774 600 2807 hic
622 2775 747 2807 bicolor
763 2780 829 2808 etc.
858 2773 933 2807 Has

998 1067 1115 1112 epulas
1126 1081 1188 1102 suo
1203 1066 1309 1102 modo
1320 1075 1420 1114 poeta
1435 1068 1594 1104 instruxit
1603 1095 1612 1113 ,
1625 1070 1672 1105 ita

999 1120 1140 1165 quidem
1153 1147 1162 1163 ,
1177 1129 1215 1156 ut
1227 1122 1429 1167 frugalitatis
1444 1130 1479 1156 et
1494 1123 1626 1157 eximiae
1636 1122 1673 1156 li-

997 1174 1183 1208 beralitatis
1198 1175 1398 1209 societatem
1414 1175 1449 1209 in
1468 1174 1520 1210 his
1534 1175 1672 1210 senibus

999 1226 1271 1260 commendaret.
1299 1227 1431 1261 Multos
1454 1227 1562 1271 igitur
1580 1227 1673 1262 cibos

1002 1278 1143 1321 apponit
1155 1304 1164 1320 ‚
1185 1277 1244 1312 sed
1267 1278 1416 1313 inemtos
1436 1290 1558 1313 omnes
1570 1305 1578 1318 ‚
1596 1291 1673 1312 >eo-

999 1341 1148 1373 rumque
1166 1329 1287 1364 missus
1302 1330 1380 1364 facit
1398 1331 1675 1364 tres.—-S1'ncera

999 1381 1152 1413 Minerua
1174 1393 1250 1425 quae
1267 1382 1329 1423 sit,
1352 1374 1555 1426 disputatur.
1577 1379 1675 1416 Cris-

999 1431 1100 1475 pinus
1117 1431 1366 1476 interpretatur
1377 1459 1385 1475 ,
1404 1439 1541 1467 castam.
1557 1432 1675 1467 Hein-

998 1482 1066 1516 sius
1079 1483 1217 1516 baccam
1234 1482 1413 1517 recentem
1425 1510 1435 1527 ‚
1449 1491 1484 1517 et
1495 1484 1591 1518 nullo
1604 1484 1672 1518 sale

1000 1542 1058 1569 aut
1085 1536 1198 1570 muria
1224 1535 1399 1570 conditam
1417 1550 1425 1576 ;
1458 1549 1541 1570 nam
1568 1537 1674 1571 etiam

999 1585 1091 1631 apud
1109 1586 1340 1621 Columellam
1354 1614 1362 1630 ‚
1381 1587 1456 1630 XI,
1477 1589 1540 1630 50,
1561 1591 1674 1621 since-

997 1650 1068 1671 rum
1084 1645 1119 1672 et
1134 1640 1222 1682 quod
1233 1641 1338 1672 salem
1355 1641 1494 1682 recepit,
1521 1638 1582 1672 sibi
1603 1650 1674 1683 op—

998 1690 1092 1734 poni.
1106 1691 1330 1724 Burmannus
1342 1683 1519 1736 intelligi't,
1533 1704 1605 1725 non
1617 1691 1676 1726 lae-

998 1755 1072 1775 sam
1083 1768 1092 1784 ,
1112 1742 1369 1787 incorruptam;
1387 1755 1470 1776 nam
1486 1742 1676 1788 apud'Nos-

999 1800 1095 1827 trum
1112 1794 1145 1827 in
1165 1795 1262 1828 Nuce
1279 1806 1379 1828 versu
1397 1808 1436 1827 22
1452 1820 1460 1836 ,
1486 1807 1557 1829 esse
1569 1820 1578 1838 ,
1593 1797 1675 1829 lesa

999 1848 1126 1885 baccas
1139 1853 1174 1879 et
1183 1845 1274 1890 apud
1287 1845 1498 1879 Suetonium
1508 1872 1517 1890 ,
1535 1845 1571 1879 iu
1584 1846 1675 1891 Aug.

999 1897 1042 1939 4ο
1053 1922 1061 1938 ,
1075 1899 1236 1930 sincerum
1248 1895 1436 1941 opponitur
1447 1901 1606 1939 corrupto.
1619 1895 1676 1930 In-

998 1947 1138 1981 vehitur
1162 1947 1198 1980 in
1224 1960 1306 1981 eum
1328 1947 1545 1981 Schirachius
1571 1946 1672 1990 ideo,
1693 1943 1703 1948 ⁶

1000 1998 1092 2042 quod
1127 1997 1168 2031 de
1198 1998 1299 2032 bacca
1328 1999 1574 2042 interpretatus
1601 1998 1645 2032 sit
1661 2023 1671 2041 ‚

1000 2048 1091 2093 quod
1106 2048 1252 2082 Ovidius
1269 2049 1311 2082 ad
1331 2049 1529 2082 Minervam
1545 2049 1676 2083 retule-

999 2100 1054 2135 rit.
1074 2101 1148 2144 lpse
1165 2111 1245 2133 cum
1263 2099 1421 2133 Gesnero
1437 2099 1472 2133 in
1491 2099 1674 2134 Thesauro

999 2151 1159 2195 intelligit
1182 2150 1354 2195 integram
1386 2150 1597 2184 Minervam.
1626 2151 1675 2185 At

1000 2202 1083 2247 quid
1098 2209 1148 2236 est
1161 2201 1295 2247 integra
1307 2202 1498 2236 Minerva?
1515 2202 1581 2236 hoc
1598 2214 1675 2236 am-

999 2255 1087 2299 plius
1117 2260 1191 2288 erat
1219 2253 1470 2298 explicandum.
1497 2253 1673 2299 Equidem

1000 2305 1148 2338 arbitror
1166 2331 1175 2347 ,
1207 2311 1346 2349 poetam
1372 2317 1446 2339 non
1471 2305 1673 2339 Minervam

1000 2356 1114 2391 Deam
1129 2357 1268 2391 laudare
1278 2357 1421 2391 voluisse
1433 2383 1442 2400 ‚
1459 2356 1519 2391 sed
1531 2357 1673 2391 baccam

1000 2410 1192 2455 adpositam
1209 2410 1400 2445 describere
1414 2436 1424 2453 ,
1443 2417 1478 2444 et
1493 2409 1648 2444 retulisse
1661 2436 1671 2454 ,

999 2476 1098 2498 more
1129 2463 1238 2509 poetis
1263 2470 1427 2498 consueto
1443 2488 1452 2506 ,
1481 2462 1524 2496 ad
1552 2462 1645 2497 illam
1659 2472 1671 2506 ‚·

1000 2515 1093 2560 quod
1107 2522 1181 2550 erat
1193 2514 1417 2549 referendum
1431 2508 1472 2548 ad
1488 2514 1589 2548 hanc.
1599 2513 1672 2548 Ca-

999 2568 1056 2612 pio
1066 2568 1170 2612 igitur
1181 2579 1260 2601 eum
1272 2566 1418 2600 Heinsio
1430 2565 1473 2600 de
1483 2565 1586 2600 bacca
1595 2568 1671 2600 non

999 2618 1157 2659 condita;
1174 2629 1255 2651 nam
1269 2629 1350 2650 mox
1364 2624 1592 2662 opponuntur
1604 2630 1673 2652 cor-

998 2683 1044 2703 nu
1054 2671 1199 2703 condita.
1212 2670 1408 2708 —Ponuun
1430 2668 1671 2713 adponitur.—

982 2723 1151 2760 ·Bicolor‚
1173 2719 1289 2754 viridis
1305 2726 1341 2753 et
1356 2719 1464 2765 nigra.
1478 2739 1521 2746 —-
1540 2722 1668 2760 Coma,

999 2784 1196 2818 quanquam
1213 2771 1364 2817 lapidosa
1378 2779 1419 2818 ¹et
1440 2773 1478 2807 in
1496 2772 1589 2808 victu
1604 2771 1667 2806 in-
