1820 3106
355 250 1074 298 METAMORPHOSEON
1108 253 1242 298 LIB.
1276 254 1392 299 XV.

1494 257 1582 317 509

159 346 363 411 Cognovi
384 347 607 415 clypeum,
633 345 747 395 laevae
769 347 1009 410 gestamina
1032 361 1192 397 nostrae
1205 387 1217 408 ,

156 427 314 492 Nuper
336 424 550 475 Abanteis
575 422 743 491 templo
764 425 958 474 Junonis
981 425 1029 474 in
1049 426 1197 490 Argis.

159 501 323 552 Omnia
346 511 575 549 mutantur
596 520 607 548 ε
632 499 745 548 nihil
769 501 947 559 interit;
972 514 1113 562 errat,
1142 515 1185 551 et
1201 501 1325 551 illinc

1524 519 1585 553 165

157 576 260 627 Huc
280 577 423 637 veni-t,
450 577 555 626 hinc
579 577 709 636 illuc,
730 591 777 628 et
803 578 1032 646 quoslibet
1054 593 1241 649 occupat
1263 592 1384 630 artus

155 653 375 722 SpirituS,
401 672 513 721 eque
534 653 640 703 feris
662 654 855 703 humana
878 656 925 703 in
951 674 1138 723 corpora
1163 657 1322 706 transit
1335 694 1347 715 ,

154 729 297 798 Inque
315 728 430 781 feras
448 745 601 781 noster
614 770 626 791 ‚
651 750 732 782 nec
755 744 955 800 tempore
978 733 1151 801 deperit
1172 733 1281 783 ullo.

156 810 310 877 thue
328 811 459 860 novis
479 810 621 860 facilis
644 812 846 876 signatur
865 831 962 861 cera
982 812 1160 876 figuris,

154 892 249 940 Nec
268 902 439 950 manet,
462 903 515 940 ut
538 891 706 950 fuerat,
727 909 809 940 nec
833 890 999 939 formas
1022 902 1165 940 servat
1185 890 1359 940 easdem
1373 929 1384 949 ‚

1527 915 1588 952 ¹7⁰

157 968 247 1018 Sed
270 980 418 1018 tamen
441 969 538 1036 ipsa
558 969 708 1018 eadem
731 981 826 1018 est:
849 969 1040 1018 animam
1063 968 1126 1017 sic
1149 988 1320 1037 semper
1343 967 1542 1019 eamdem

157 1047 295 1106 Esse,
321 1046 399 1096 sed
421 1047 469 1095 in
492 1047 632 1095 varias
657 1046 797 1095 doceo
817 1047 1007 1110 migrare
1031 1046 1210 1110 figuras.

158 1124 307 1188 Ergo,
332 1142 388 1173 ne
411 1125 553 1192 pietas
578 1124 636 1173 sit
657 1124 772 1173 victa
794 1124 1002 1192 cupidine
1025 1125 1190 1174 ventris
1208 1163 1220 1183 ‚

159 1201 357 1263 Parcite,
378 1203 593 1252 vaticinor
607 1240 620 1262 ‚
644 1215 855 1267 cognatas
878 1203 993 1253 caede
1013 1202 1204 1252 nefanda

161 1295 328 1333 Politiani
345 1296 435 1332 libro
453 1296 586 1344 recepit
599 1323 609 1342 ,
631 1310 696 1344 pro
719 1298 847 1343 vulgat.

161 1350 268 1385 lesit.
289 1368 334 1376 --
354 1349 458 1396 Regii
481 1349 616 1390 codices
634 1351 739 1386 ambo
762 1351 848 1386 dant

161 1403 289 1445 Rasin·
313 1403 405 1437 sedit
418 1401 588 1450 Heinsius
602 1402 750 1438 illustrat
765 1416 850 1449 per-

162 1453 283 1490 multis
297 1454 462 1502 exemplis
474 1468 516 1505 e'x
528 1455 665 1501 quibus,
681 1455 775 1501 quod
787 1455 849 1490 mi-

163 1507 260 1542 nime
272 1513 393 1553 aptum
410 1514 475 1551 est,
492 1506 587 1554 eligit
603 1506 718 1542 editor
734 1509 850 1543 Vario·

158 1573 237 1595 ‘rum
250 1587 260 1601 ‚
285 1560 420 1596 ceteris
433 1559 585 1602 omissis;
604 1558 729 1595 confer
743 1559 850 1606 igitur

162 1610 221 1646 vel
244 1608 386 1647 Heiusii
414 1611 520 1658 ipsius
536 1638 546 1656 ,
569 1610 625 1646 vel
647 1609 850 1647 Burmanni

163 1660 305 1699 librum.
321 1659 548 1701 Eae—tmor
555 1664 703 1705 Atrides,
726 1664 851 1699 Mene·

165 1709 240 1749 laus
252 1728 260 1756 ;
278 1711 527 1761 Agamemnon
538 1722 614 1750 erat
628 1715 743 1760 major
754 1722 851 1751 natu.

166 1768 233 1802 Ed.
244 1785 288 1794 —
299 1769 464 1803 Abanteis
478 1767 520 1811 ab
533 1769 672 1803 Abante
686 1795 696 1813 ‚
720 1768 852 1816 Lyncei

166 1818 241 1854 filio
253 1821 267 1864 (
277 1818 426 1855 Pausan.
439 1815 605 1854 Corinth.
621 1833 655 1866 p.
669 1821 730 1864 145
742 1822 756 1865 )
767 1848 776 1864 ,
793 1821 854 1866 qui

168 1883 189 1906 a
212 1878 311 1918 patre
333 1871 507 1918 insignem
523 1871 694 1920 ‚clypeum
712 1900 721 1917 ‚
747 1886 855 1918 quem

169 1922 315 1959 Danaus
327 1921 410 1958 olim
423 1931 575 1970 gesserat
585 1951 596 1968 ,
614 1938 632 1960 e
645 1925 777 1971 templo
789 1926 812 1960 J
815 1939 856 1960 u-

170 1976 274 2011 nonis
290 1983 490 2023 acceperam
509 1977 642 2023 Hygia.
660 1976 730 2012 sab.
747 1978 822 2025 273.

218 2028 290 2064 155.
311 2030 434 2075 Ofnm'a
448 2035 639 2071 mutantur,
668 2033 760 2065 nihil
768 2035 857 2066 inte·-

170 2087 224 2118 re't.
242 2082 322 2119 Hoc
331 2078 387 2119 'est
396 2084 606 2131 principium
615 2110 625 2128 ,
639 2084 736 2120 unde
747 2093 782 2120 et
794 2086 859 2120 im-

172 2136 422 2173 mortalitatem
430 2144 465 2173 et
472 2138 718 2184 migrationem
726 2139 857 2174 anima-

172 2203 255 2226 rum
265 2189 444 2239 derivavit.
455 2190 572 2226 Multa
582 2204 722 2238 quoque
735 2192 777 2228 de
792 2194 858 2239 Py-

174 2243 329 2290 thagorae
347 2242 584 2291 metaphysica
601 2244 722 2280 retulit
743 2245 858 2281 Laert.

173 2297 211 2333 in
240 2297 315 2342 ejus
340 2297 421 2332 vita.
438 2315 482 2322 -—
498 2297 639 2341 Spiritus
658 2311 722 2344 pro
743 2299 860 2334 anima

174 2361 248 2386 non
262 2349 415 2384 insolens
431 2349 630 2386 veteribus:
649 2350 725 2386 vide
744 2352 862 2386 Brou-

174 2400 340 2437 khusium
361 2401 403 2436 ad
423 2401 583 2447 Propert.
605 2401 681 2444 111,
701 2414 786 2447 xvt,
812 2417 860 2439 10.

176 2453 401 2497 —Quosle'bet
409 2459 505 2488 artus
514 2480 522 2492 ‚
540 2453 790 2498 cujuscumque
802 2467 863 2500 ge—

178 2505 273 2539 neris
290 2517 447 2552 corpora.
465 2505 497 2540 Τ
499 2511 608 2540 ractat
631 2504 698 2540 hoc
722 2506 864 2542 uberius

176 2555 307 2592 Tibutl.
316 2558 384 2602 IV,
397 2569 425 2602 Ι,
442 2558 522 2592 206:
534 2571 551 2587 «
562 2557 702 2592 Mutata
715 2557 864 2604 figuram

186 2623 204 2640 υ
223 2609 295 2645 Seu
310 2622 369 2645 me
385 2610 494 2657 finget
505 2623 636 2656 equum
648 2610 774 2656 rigidos
786 2625 866 2657 per-

188 2676 206 2693 »
224 2675 366 2699 currere
383 2676 522 2709 campos
536 2663 690 2698 Doctum
702 2677 710 2701 ι
722 2676 783 2698 seu
794 2670 867 2699 tar-

183 2729 200 2744 n
218 2713 253 2748 di
270 2714 404 2759 pecoris
419 2715 484 2750 sim
501 2716 607 2761 gloria
624 2722 743 2750 taurus
758 2729 767 2757 ;
785 2716 866 2751 Sive

182 2781 199 2795 ν
216 2779 283 2811 ego
313 2779 375 2812 per
405 2766 578 2812 liquidum
603 2768 734 2804 volucri
762 2768 870 2805 vehar

915 1313 934 1330 »
953 1311 1033 1334 aera
1051 1310 1187 1344 penna;
1206 1294 1516 1342 Quandocumque
1533 1298 1598 1333 ho·-

915 1365 934 1382 »
953 1353 1088 1385 minem
1110 1363 1168 1385 me
1189 1350 1292 1395 longa
1308 1350 1477 1395 receperit
1493 1356 1574 1384 aetas
1587 1376 1596 1391 ‚

914 1417 932 1434 »ι
956 1403 1120 1449 Incoeptis
1137 1402 1179 1437 de
1199 1409 1233 1438 te
1247 1402 1426 1437 subtexam
1443 1402 1598 1438 carmina

915 1471 932 1488 »ι
950 1455 1089 1492 chartis.
1108 1470 1126 1487 »

961 1508 1033 1556 169.
1056 1510 1164 1554 thue
1183 1511 1278 1543 novis
1288 1508 1423 1553 facilis⁶
1443 1507 1600 1543 Defendi

914 1566 1028 1605 potest
1031 1560 1187 1605 fragilis,
1205 1559 1298 1606 quod
1312 1560 1479 1595 Heinsius
1491 1573 1510 1595 e
1527 1560 1602 1606 pri-

915 1626 976 1648 mo
996 1612 1170 1649 Gronovii
1189 1640 1200 1658 ‚
1231 1625 1306 1648 uno
1323 1613 1441 1648 Vossii
1464 1620 1500 1648 et
1526 1625 1600 1648 uno

914 1665 1082 1701 Mediceo
1106 1666 1263 1712 recepit3
1291 1665 1372 1711 quia
1393 1678 1473 1700 eam
1490 1665 1601 1711 ipsam

917 1718 963 1753 ob
978 1731 1117 1754 causam
1138 1718 1321 1753 simulacra
1347 1730 1450 1752 cerea
1471 1729 1603 1752 novam

917 1771 1065 1806 subinde
1078 1771 1251 1816 accipiunt
1265 1770 1415 1815 figuram
1427 1796 1436 1814 ,
1455 1769 1603 1815 quiasa-

918 1822 1200 1867 cilesranguntur.
1210 1822 1421 1867 Exquisitius
1436 1828 1555 1856 tamen
1568 1829 1605 1857 et

918 1877 1103 1912 sententiae
1127 1876 1192 1911 loci
1214 1875 1480 1911 convenientius
1504 1875 1606 1910 vide·

921 1935 1000 1972 tur,
1018 1928 1112 1974 quod
1129 1927 1262 1963 habent
1277 1927 1402 1973 reliqui
1424 1929 1484 1971 (et
1502 1927 1606 1973 Regii

921 1981 1070 2025 ambo),
1086 1980 1230 2026 facilis,
1254 1993 1332 2025 quae
1347 1979 1485 2015 tractari
1502 1978 1605 2014 facile

921 2041 1034 2079 potest
1048 2060 1058 2077 ,
1077 2041 1117 2067 ut
1124 2033 1238 2078 facile
1252 2035 1357 2068 lutum
1373 2031 1465 2078 apud
1477 2030 1606 2066 Tibull.

923 2087 959 2126 1,
972 2097 986 2120 1
996 2113 1006 2129 ‚
1019 2088 1081 2130 4o;
1096 2086 1154 2120 ubi
1167 2086 1274 2120 etiam
1286 2085 1448 2132 Heynius
1462 2090 1585 2119 monet
1593 2110 1603 2127 ,

922 2138 986 2173 sibi
1003 2137 1037 2173 h.
1054 2138 1075 2173 l.
1089 2138 1199 2184 magis
1215 2137 1349 2183 placere
1355 2136 1504 2182 sac1'I1's‚·
1522 2136 1607 2171 Vir-

924 2191 1023 2237 gilius
1032 2217 1042 2234 ,
1054 2190 1183 2234 Georg.
1196 2190 1211 2224 1
1222 2217 1232 2233 ,
1242 2190 1308 2224 266
1316 2216 1325 2233 ,
1329 2187 1457 2233 facilis
1455 2190 1607 2235 fiscina;

925 2243 981 2279 111
996 2268 1005 2286 ,
1031 2243 1091 2278 155
1104 2269 1113 2287 ,
1123 2242 1254 2286 sace'lcs
1264 2246 1389 2285 anian}
1407 2241 1496 2276 Ptin.
1509 2240 1583 2276 Vll
1596 2266 1606 2285 ‚

926 2295 992 2341 Ep.
1011 2305 1049 2328 xx
1063 2321 1072 2338 ,
1095 2309 1108 2329 1
1118 2308 1130 2328 ι
1148 2321 1158 2338 ,
1181 2306 1258 2329 cera
1275 2296 1386 2327 mollis
1402 2294 1583 2337 cedensque
1593 2318 1604 2332 ‚

926 2351 962 2382 si
966 2354 1124 2392 sequatur
1131 2349 1263 2391 digitos.
1271 2345 1446 2380 Revocavi
1457 2357 1542 2390 ergo
1551 2357 1610 2379 an-

926 2400 1114 2445 tiquiorem
1133 2399 1338 2439 tectionem
1357 2404 1393 2432 et
1401 2397 1471 2431 vidi
1485 2422 1495 2440 ‚
1514 2396 1610 2431 idem

926 2451 1061 2487 factum
1069 2466 1088 2486 a
1100 2450 1614 2493 Mitscherlichio.—-Szgmantur

929 2518 970 2539 ea
980 2531 989 2547 ‚
1005 2505 1130 2549 quibus
1140 2511 1223 2538 nota
1234 2502 1461 2548 imprimitur,
1474 2500 1535 2535 sed
1546 2500 1579 2536 h.
1591 2500 1613 2535 l.

931 2558 1055 2603 quibus
1073 2570 1163 2592 nova
1179 2557 1289 2602 figura
1315 2555 1482 2590 induitur.
1499 2554 1612 2590 Totus

931 2623 1049 2644 versus
1064 2621 1213 2654 sequens
1222 2634 1232 2650 ,
1249 2610 1321 2643 Nec
1334 2609 1614 2642 manet...easdem

932 2663 1128 2708 tautologiae
1151 2662 1234 2696 vitio
1250 2662 1404 2704 laborat,
1431 2668 1467 2696 et
1488 2660 1613 2696 melius

934 2715 1076 2749 abesset.
1092 2732 1136 2739 —
1154 2714 1223 2748 Pro
1238 2719 1348 2748 servat
1368 2725 1459 2748 unus
1475 2712 1615 2747 Heinsii

934 2767 1207 2804 celan-Omnis
1217 2775 1333 2804 autem
1343 2767 1416 2804 haec
1424 2765 1614 2803 similitudo
