1820 3106
260 219 318 275 64
441 285 443 288 Α
635 219 960 263 P.0V1D11
999 217 1302 263 NASONIS

260 315 362 361 Una
385 330 540 360 nemus
564 311 712 359 :vittae
735 311 921 360 mediam
936 349 948 370 ,
974 330 1274 377 memoresque
1296 311 1465 360 tabellae
1480 349 1492 370 ,

263 390 474 455 Sertaque
499 388 758 451 cingebant,
784 389 877 436 voti
899 400 1152 451 argumenta
1175 388 1383 454 potentis.

260 468 383 533 Saepe
405 466 488 514 sub
516 466 596 513 hac
620 465 818 530 Dryades
839 464 971 514 festas
995 465 1155 514 duxere
1178 465 1358 514 choreas
1381 484 1390 521 ;

261 545 384 609 Saepe
407 542 534 590 etiam
551 579 562 599 ‚
586 542 791 590 manibus
813 542 936 590 nexis
960 561 1013 591 ex
1038 542 1191 590 ordine
1206 581 1217 600 ‚
1242 542 1387 590 trunci

265 619 485 668 Circuiere
508 618 714 666 modum:
733 637 1025 684 mensuraque
1049 620 1223 667 roboris
1244 619 1372 668 ulnas

266 696 479 762 Quinque
501 707 568 743 ter
588 695 825 761 implebat;
851 715 931 744 nec
953 715 1043 743 non
1068 708 1112 744 et
1135 709 1287 745 caetera
1312 708 1434 744 tanto

265 772 382 820 Silva
402 773 485 820 sub
510 773 591 820 hac
607 809 618 830 ,
644 771 751 820 silva
775 784 940 838 quanto
962 772 1073 836 jacet
1094 772 1229 821 herba
1254 772 1337 822 sub
1363 773 1497 821 omni.

267 851 372 896 Non
396 860 541 897 tamen
565 847 731 896 idcirco
753 848 914 896 ferrum
939 848 1176 914 Triopeius
1195 847 1270 896 illa

266 925 524 983 Abstinuit3
556 924 831 990 famulosque
850 925 979 989 jubet
1005 925 1226 973 succidere
1245 944 1416 973 sacrum

265 1000 431 1048 ‘Robur
451 1020 462 1047 :
482 1011 526 1048 et
543 1011 594 1048 ut
607 1001 755 1064 jussos
779 1000 975 1048 cunctari
996 1001 1132 1059 vidit,
1156 1001 1210 1048 ab
1234 1020 1325 1048 uno

264 1076 418 1124 Edidit
439 1076 531 1124 haec
555 1088 679 1142 rapta
704 1075 935 1124 sceleratus
959 1077 1093 1124 verba
1116 1076 1256 1125 securi
1278 1095 1287 1123 :

265 1209 434 1255 piendum
446 1221 509 1253 pro
519 1208 642 1242 arbore
655 1219 872 1251 quacumque
882 1206 942 1241 sil-

265 1262 389 1304 vestri,
408 1260 599 1306 praesertim
613 1258 806 1304 grandiore.
823 1259 880 1294 Nil
891 1272 942 1293 re-

269 1313 351 1356 fert,
365 1312 472 1357 qualis
482 1310 709 1351 arborsuerit;
721 1317 756 1344 et
767 1310 802 1343 in
813 1322 942 1355 magno

267 1363 347 1397 luco
375 1363 461 1396 varii
486 1361 621 1408 generis
645 1361 784 1395 arbores
810 1361 942 1395 stetisse

266 1415 428 1450 credibile
445 1414 641 1449 est.·—·Eam
660 1414 820 1448 arborem
835 1412 942 1447 Calli-

265 1468 408 1503 machus
421 1468 574 1502 breviter
590 1467 637 1501 sic
653 1466 814 1500 describit
835 1479 842 1500 ε
861 1469 941 1510 μέγα

270 1523 403 1570 δένδρεον
416 1547 424 1561 ,
445 1522 541 1568 αἰθέρι
558 1527 658 1569 κῡρρν,
676 1517 711 1552 id
729 1525 799 1561 est,
819 1517 941 1551 caelum

267 1581 411 1618 tangens
424 1598 433 1615 ,
451 1571 543 1616 quod
555 1571 643 1605 bene
655 1569 873 1604 altitudinem
885 1568 941 1602 de-

267 1626 382 1661 clarat.
400 1624 470 1660 Sed
488 1624 635 1659 Ovidius
655 1636 725 1658 non
745 1623 860 1657 minus
876 1622 941 1656 ele-

267 1684 388 1723 ganter
399 1675 663 1721 amplitudinem
672 1675 849 1721 exprimit:
864 1675 941 1708 Una

266 1741 398 1769 nemus,
415 1735 510 1762 tanta
523 1734 596 1762 erat
608 1753 617 1770 ,
635 1734 674 1761 ut
691 1739 815 1761 nemus
830 1726 940 1760 videri

268 1788 303 1815 et
316 1780 381 1815 dici
395 1779 575 1826 possit.Sic
586 1779 691 1813 etiam
701 1778 937 1820 Heroid.XV‚

270 1835 351 1880 159;
370 1831 523 1874 Plinius,
543 1831 633 1865 Hist.
651 1831 729 1865 Nat.
744 1831 833 1864 XVI
846 1855 855 1872 ,
874 1831 915 1873 44
931 1842 938 1863 :

272 1887 394 1920 Vicina
414 1886 489 1918 luco
512 1888 564 1917 est
579 1886 648 1916 ilex
665 1888 698 1916 el
718 1886 794 1927 §osa
817 1885 940 1916 nobilis

268 1937 401 1970 XXXI
403 1937 440 1970 V
440 1938 562 1979 pedum
576 1937 702 1969 ambitu
718 1936 885 1969 condicit.
897 1959 918 1968 ..
931 1961 937 1967 .

263 1990 444 2031 silvamque
456 1989 531 2020 sola
537 1986 641 2030 facit.
657 1986 772 2021 Etiam
792 1986 940 2020 Martia-

263 2038 304 2072 lis
314 2065 323 2082 ,
338 2039 390 2072 IX
400 2065 409 2082 ,
421 2039 474 2081 61,
486 2051 599 2072 nemus
610 2045 708 2072 vocat
721 2051 828 2071 unam
837 2037 939 2083 plata-

265 2090 549 2124 num.·-Annoso
556 2089 820 2134 roboreplenius,
833 2101 937 2133 quam

266 2145 449 2175 annosa.—
457 2142 554 2174 Villa·
561 2143 712 2175 mediam.
722 2141 874 2174 Arbores
883 2148 937 2174 tae-

264 2191 331 2226 niis
342 2217 351 2235 ,
364 2194 458 2225 villis
468 2198 532 2225 etc.
541 2197 672 2224 ornatae
682 2190 838 2235 religiose
847 2190 938 2224 cole-

262 2243 391 2278 bantur
402 2255 421 2277 a
431 2242 738 2287 praetereuntibus3
754 2254 860 2286 quem
869 2241 937 2276 cul·

263 2303 340 2330 tum
354 2294 471 2329 rident
482 2294 664 2340 scriptores
673 2302 807 2328 veteres
821 2293 937 2328 Chris-

263 2348 349 2383 tiani
362 2374 371 2392 ‚
386 2347 518 2382 Arnob.
533 2348 569 2396 Ι,
586 2361 618 2393 p.
631 2361 671 2381 22
686 2361 694 2388 3
713 2346 882 2381 Prudent.
898 2347 935 2380 in

264 2400 361 2447 Sym.
378 2399 437 2443 II,
468 2411 573 2446 1009,
599 2399 658 2433 ubi
681 2401 782 2432 arbor
802 2402 935 2432 v1‘ttala.

265 2451 399 2486 Confer
409 2464 510 2497 supra
525 2464 571 2486 vs.
588 2465 648 2497 722
662 2464 733 2496 sqq.
744 2451 936 2484 —Tabclloe

261 2504 384 2537 votivae
401 2503 564 2537 dicuntur
582 2515 752 2542 memores,
778 2502 856 2546 quia
873 2502 935 2535 in-

261 2554 400 2599 scriptio
424 2567 544 2588 earum
568 2553 737 2589 beneficia
762 2566 780 2587 a
804 2552 933 2587 Cerere

260 2606 445 2652 impetrata
462 2606 931 2651 celebrabat—Argumenta,

260 2657 358 2702 signa
373 2657 447 2701 ejus
457 2683 466 2701 ,
478 2658 535 2702 qui
546 2659 615 2692 voti
621 2664 757 2702 polens,
770 2671 911 2703 compos
922 2684 932 2702 ,

262 2708 371 2742 sactus
382 2715 464 2742 erat.
477 2708 544 2743 Alii
555 2715 662 2744 votum
665 2715 786 2754 potens
796 2737 805 2754 ,
826 2722 934 2755 quum

1007 1209 1060 1251 fit,
1071 1208 1163 1254 quod
1171 1216 1384 1254 optamus.·-
1391 1211 1427 1244 V
1420 1213 1674 1254 otiargumeuta,

1008 1262 1188 1304 ἀναθήματα
1202 1260 1372 1303 ,donaria
1387 1261 1427 1295 ab
1444 1261 1483 1295 iis
1498 1274 1659 1307 suspensa
1670 1287 1679 1304 ,

1009 1312 1066 1356 qui
1086 1311 1226 1347 Cereris
1243 1324 1308 1357 ope
1324 1319 1486 1346 votorum
1505 1320 1682 1357 compotes

1006 1363 1151 1396 suerunt
1164 1377 1172 1405 3
1191 1363 1238 1397 sic
1253 1375 1356 1408 supra
1367 1375 1452 1397 vers.
1464 1363 1506 1397 56
1516 1370 1551 1398 et
1561 1364 1613 1398 80.
1625 1363 1681 1397 De

1007 1414 1147 1459 platano
1158 1428 1176 1449 a
1184 1415 1298 1449 Xerxe
1310 1415 1489 1460 torquibus
1497 1423 1531 1450 et
1542 1416 1682 1450 armillis

1008 1473 1129 1500 ornata
1141 1492 1150 1509 ,
1166 1466 1325 1501 AElianus
1338 1493 1348 1511 ,
1364 1467 1500 1502 Variar.
1517 1468 1607 1503 Hist.
1623 1468 1659 1502 II
1669 1494 1679 1511 ,

1010 1518 1059 1560 14.
1070 1517 1252 1551 Eae—Pro
1258 1520 1407 1560 potentis
1418 1518 1584 1553 Heinsius
1596 1519 1680 1554 mal-

1006 1569 1054 1604 let
1063 1575 1247 1614 potentum.

1050 1621 1122 1668 746.
1147 1623 1238 1665 Saepe
1260 1623 1321 1655 sub
1345 1623 1411 1655 bac
1434 1623 1591 1668 Dtyades
1615 1627 1679 1655 etc.

1009 1673 1240 1709 Callimachus
1252 1700 1261 1717 ,
1275 1686 1375 1708 versu
1388 1673 1431 1720 39
1443 1686 1451 1707 ε
1463 1679 1515 1710 T&
1532 1673 1561 1708 δ”
1571 1677 1619 1709 ’ἔτι
1629 1679 1682 1708 ταὶ

1007 1729 1120 1772 νύμφαι
1134 1732 1202 1762 ποτὶ
1215 1730 1340 1762 τῶνδιον
1357 1728 1516 1770 ἑψιόωντο,
1532 1725 1596 1759 sub
1610 1737 1680 1769 quo

1007 1779 1171 1827 nymphae
1188 1778 1230 1814 ad
1247 1778 1431 1813 meridiem
1448 1777 1624 1812 ludebant.
1638 1795 1681 1803 -

1006 1831 1060 1865 De
1074 1830 1179 1874 fesuli·
1198 1833 1325 1864 choreis·
1347 1829 1582 1877 nympharum
1602 1828 1679 1863 vide

1006 1881 1048 1916 ad
1062 1894 1199 1916 versum
1212 1882 1464 1921 581.—Modus‚
1478 1878 1679 1925 amplitudo.

1009 1933 1193 1968 Cornelius
1207 1934 1323 1977 Nepos
1337 1959 1346 1976 ,
1359 1933 1411 1967 XI
1423 1959 1432 1975 ‚
1450 1946 1478 1975 1,
1494 1934 1598 1966 bastae
1607 1944 1680 1965 mo·-

1005 1988 1081 2019 dum
1089 2012 1096 2025 ‚
1109 1984 1364 2029 longitudinem
1374 2009 1383 2026 ‚
1394 1985 1586 2027 duplicavit,
1600 1984 1680 2026 gla-

1005 2038 1079 2069 dios
1094 2038 1257 2079 longiores
1265 2035 1364 2078 fecit.
1381 2034 1460 2068 Hoc
1473 2033 1549 2071 loco
1562 2035 1678 2067 modus

1002 2089 1128 2126 trunci,
1161 2086 1232 2130 ipse
1250 2093 1404 2120 truncus.
1423 2104 1466 2110 —
1487 2085 1678 2119 Mensarum

1004 2150 1078 2172 non
1090 2138 1159 2182 ipse
1174 2137 1297 2171 definit
1308 2144 1409 2182 poeta
1420 2163 1429 2180 ,
1446 2136 1506 2171 sed
1523 2149 1542 2171 a
1557 2137 1677 2184 Nym-

1003 2189 1079 2234 phis
1093 2188 1273 2222 inventam
1290 2201 1361 2223 esse
1379 2188 1434 2222 ait.
1467 2209 1470 2211 Δ

1048 2243 1121 2286 750.
1134 2242 1236 2274 Jacel
1244 2240 1390 2274 inseruit
1399 2239 1571 2274 altitudini
1581 2239 1676 2274 istius

1004 2306 1151 2338 quercus
1161 2292 1376 2327 declarandae
1386 2306 1394 2333 ς
1410 2292 1571 2337 exprimit
1579 2292 1675 2326 enim

1004 2344 1132 2389 aliquid
1159 2344 1257 2378 valde
1287 2344 1425 2378 remoti.
1449 2343 1484 2378 11
1500 2369 1509 2386 ,
1540 2356 1610 2389 ¹79·
1632 2361 1675 2368 -

1009 2398 1293 2440 Tanto....quanto
1305 2423 1313 2436 ‚
1331 2395 1458 2430 scilicet
1472 2393 1591 2440 spatio.

1048 2453 1120 2494 751.
1142 2451 1332 2493 Tnbpeius;
1349 2446 1456 2482 MSS.
1473 2459 1595 2481 omnes
1612 2449 1626 2491 (
1635 2454 1674 2482 ut

1002 2508 1038 2535 et
1053 2501 1154 2547 Regii
1171 2497 1303 2544 nostri)
1319 2498 1449 2532 habent
1464 2498 1673 2543 Dryopeiuu

1001 2552 1163 2599 Dryopes
1180 2565 1263 2598 gens
1276 2549 1469 2585 Thessaliae.
1489 2551 1670 2594 Triopeius,

1002 2605 1092 2640 filius
1100 2606 1257 2650 Triopae,
1272 2603 1520 2646 Callimachus,
1537 2606 1671 2652 sze'mw

1001 2659 1455 2703 y;»0;.—Famulos‚qu0rum
1467 2668 1669 2697 numerum,

1002 2711 1152 2744 formam
1177 2716 1212 2746 et
1235 2720 1329 2743 arma
1355 2714 1513 2743 recenset
1534 2706 1670 2742 Gallim.
