1820 3106
325 215 1023 262 METAMORPHOSEON
1055 217 1187 261 LIB.
1223 219 1384 262 VIII.
1515 221 1570 263 53

141 313 245 361 Non
262 311 424 370 habet,
448 323 493 359 et
515 310 728 377 quicquid
751 309 911 377 Superi
932 308 1134 369 voluere,
1161 323 1390 378 peractum
1414 324 1506 370 est;

144 391 337 456 Quoque
359 388 507 436 minus
532 387 713 436 dubites
729 425 741 445 ‚
768 387 873 437 tiliae
898 388 1172 438 contermina
1198 409 1386 456 quercus

1507 405 1575 439 620

146 466 350 516 Collibus
370 477 437 515 est
457 465 665 532 Phrygiis
679 503 692 523 ‚
716 466 892 515 modico
917 467 1185 516 circumdata
1208 488 1353 518 muro.

143 545 245 610 Ipse
267 542 416 593 locum
440 542 532 591 vidi
553 563 563 590 :
584 562 686 591 nam
709 562 777 591 me
798 544 1012 611 Pelopeia
1031 545 1237 595 Pittheus

143 620 272 669 Misit
297 621 344 669 in
367 640 490 679 arva,
516 639 599 669 suo
625 621 851 687 quondam
874 633 1056 684 regnata
1080 622 1267 688 parenti.

144 698 278 746 Haud
301 697 460 764 procul
484 698 590 747 binc
613 710 847 761 stagnum3
875 698 1006 748 tellus
1030 700 1291 750 habitabilis
1316 701 1448 761 olim;

142 777 275 826 Nunc
299 775 494 825 celebres
516 777 678 841 mergis
703 776 940 844 fulicisque
967 777 1245 844 palustribus
1273 780 1415 829 undae.
1512 795 1580 829 625

142 855 322 921 Jupiter
344 854 432 903 huc
448 891 460 912 ‚
487 854 634 921 specie
657 854 861 913 mortali,
887 874 1077 922 cumque
1102 868 1283 923 parente

142 931 282 980 Venit
302 930 581 981 Atlantiades
606 932 769 998 positis
793 931 1011 981 caducifer
1035 933 1129 982 alis.

144 1009 274 1059 Mille
300 1010 458 1059 domos
480 1011 625 1060 adiere
641 1048 652 1069 ‚
681 1010 831 1059 locum
854 1011 1141 1078 requiemque
1164 1025 1364 1079 petentes
1385 1034 1395 1073 ;

144 1088 274 1140 Mille
298 1089 456 1138 domos
478 1088 671 1138 clausere
696 1107 803 1137 serae
821 1108 830 1135 :
852 1100 998 1137 tamen
1020 1108 1108 1138 una
1131 1091 1326 1157 recepit,

145 1167 285 1216 Parva
308 1167 513 1234 quidem,
539 1166 717 1233 stipulis
739 1177 783 1214 et
806 1185 944 1214 canna
971 1178 1084 1214 tecta
1104 1166 1320 1233 palustri:
1336 1182 1354 1200 ·‘

1509 1187 1574 1220 630

147 1245 235 1295 Sed
256 1245 332 1312 pia
353 1244 514 1293 Baucis
539 1263 674 1302 anus,
698 1241 916 1310 parilique
940 1254 1063 1292 aetate
1088 1243 1324 1293 Philemon

147 1387 258 1420 quum
269 1375 342 1412 sere
352 1376 525 1411 sermonis
534 1376 684 1411 clausula
695 1375 738 1410 sit
747 1401 757 1419 ‚
769 1375 825 1410 hic

146 1427 184 1470 in
200 1426 373 1474 principio
390 1427 556 1469 orationis
570 1426 719 1462 offendit
733 1427 825 1461 Bur-

146 1492 321 1516 mannum
331 1479 392 1526 qui
407 1479 524 1523 malit,
548 1482 625 1520 Vis,
642 1482 713 1523 a1't;
727 1491 825 1513 nam-

145 1545 215 1578 que
235 1537 304 1568 vim
328 1540 365 1568 et
378 1541 577 1578 potestatem
597 1533 759 1568 Deorum
777 1533 825 1567 sic

144 1585 296 1631 junxisse
311 1586 418 1622 etiam
435 1585 564 1622 Cicero
579 1586 728 1621 videtur.
751 1585 823 1621 Sed

144 1637 272 1674 sinistra
286 1637 361 1675 haec
370 1639 512 1674 monuit
527 1640 604 1674 :Sic
614 1639 711 1674 aitin
725 1639 826 1683 prin-

144 1690 236 1737 cipio
251 1691 422 1735 etiamx,
444 1706 502 1738 ¹73
521 1692 632 1735 XIII,
652 1691 737 1739 539:
755 1692 825 1726 At-

144 1755 207 1788 que
217 1746 288 1785 ait,
305 1744 359 1788 V,
375 1746 452 1792 489.

188 1795 266 1832 (iao.
285 1797 381 1831 Tillo
393 1800 595 1832 contermina
605 1809 744 1842 quercus
760 1803 824 1831 etc.

147 1847 429 1884 Monumentum
444 1850 524 1884 sacti
538 1875 547 1893 ,
572 1862 643 1894 quo
658 1862 825 1883 comme-

146 1906 285 1934 morato
299 1899 387 1936 fides
402 1900 444 1936 fit
459 1901 594 1936 sabulae.
607 1920 651 1928 —
668 1903 825 1936 Circum-

145 1954 323 1989 darimuro
331 1954 488 1990 solebant
498 1955 571 1990 loca
580 1961 698 1990 sancta
710 1962 745 1989 et
754 1967 826 1990 me·

146 2005 339 2041 morabilia.
353 2024 399 2032 -—
413 2008 492 2052 Ipse
512 2015 577 2042 etc.
598 2008 728 2045 confer,
743 2007 796 2042 VI
813 2033 823 2051 ,

147 2057 214 2092 320
235 2071 311 2104 sqq.
327 2077 373 2085 -—·
390 2061 531 2103 Pelops,
555 2059 686 2095 Pitthei
702 2067 800 2105 pater
813 2086 822 2104 ‚

147 2108 239 2144 filius
248 2110 315 2145 suit
329 2117 364 2146 et
375 2123 550 2147 successor
560 2112 700 2147 Tantali
712 2138 722 2155 ,
735 2111 825 2158 regis

148 2161 311 2209 Phrygiae
320 2189 330 2206 ,
341 2176 418 2208 quae
428 2163 512 2199 inde
519 2166 679 2209 Pelopeia
686 2177 779 2199 arva.
791 2165 825 2199 Is

147 2227 259 2260 regno
267 2221 415 2260 paterno
423 2215 540 2260 pulsus
548 2217 590 2250 ab
599 2217 665 2260 Ilo,
677 2217 714 2251 in
727 2217 824 2252 Grae-

146 2267 237 2301 ciam
251 2267 347 2301 venit
365 2274 522 2312 tempore
538 2268 681 2312 Acrisii,
700 2276 735 2304 et
751 2281 825 2303 no-

147 2331 232 2353 men
246 2318 344 2354 dedit
355 2319 611 2365 Peloponneso.
622 2320 712 2356 Vide
723 2322 826 2356 Mar-

143 2371 258 2414 bsham.
273 2370 408 2406 Chron.
424 2385 456 2417 p.
474 2372 593 2407 286.-
601 2373 666 2407 Suo
669 2377 818 2416 parenti,

149 2424 272 2470 Pelopi
280 2439 289 2466 ς
297 2436 381 2460 nam
390 2424 550 2460 Pittheus
557 2451 567 2468 ‚
580 2432 750 2460 utnotum
759 2433 824 2469 est,

148 2484 184 2513 et
196 2477 344 2513 Troezen
360 2478 499 2524 Pelopis
517 2478 579 2512 filii
592 2479 700 2517 suere.
715 2480 782 2514 Ed.

193 2531 270 2566 625.
291 2532 527 2572 Palustn·bus;
558 2531 680 2565 confer
700 2530 826 2576 Virgi-

148 2581 236 2617 lium
249 2608 258 2625 ‚
276 2581 407 2630 Geor-g.
422 2584 439 2618 1
449 2610 458 2618 .
473 2583 534 2617 351
553 2596 627 2628 sqq.
640 2610 649 2624 ‚
670 2582 728 2617 ubi
744 2596 826 2617 ma-

149 2633 381 2678 n‘naesulc'cae5
406 2648 476 2680 quo
498 2636 573 2670 loco
591 2642 626 2669 et
645 2635 725 2680 ipsae
743 2647 827 2670 cum

149 2690 270 2731 mergae
278 2688 555 2733 conjunguntur,
569 2687 611 2722 de
623 2688 747 2733 quibus
759 2688 826 2731 xl,

143 2738 215 2785 ‚793
230 2751 303 2784 sqq.
318 2757 363 2766 —
381 2740 516 2784 Jupiter
527 2740 564 2774 in
579 2740 679 2774 terris
695 2740 827 2774 ambu-

890 1375 965 1410 lans
980 1376 1182 1413 Mbrcurt'um
1198 1389 1317 1411 secum
1332 1377 1461 1414 ducere
1477 1381 1575 1416 sole—-

890 1427 959 1462 bat.
978 1428 1111 1462 Ambos
1129 1428 1176 1463 sic
1193 1436 1227 1463 et
1248 1430 1403 1476 Hyrieus
1424 1431 1574 1478 hospitio

890 1483 1032 1528 excepit.
1052 1483 1080 1516 F
1082 1489 1142 1517 ast.
1160 1482 1253 1518 dicto
1268 1483 1343 1518 loco
1358 1499 1365 1526 ;
1387 1486 1550 1532 Hyginus
1562 1514 1571 1530 ,

891 1535 932 1568 P.
950 1534 992 1568 A.
1009 1534 1046 1569 11
1058 1561 1067 1578 ,
1083 1535 1136 1578 34.
1155 1535 1243 1570 Inde
1261 1536 1357 1570 intel.
1373 1537 1449 1572 Act.
1469 1539 1570 1582 XIV,

895 1587 1082 1627 12.-Sera‚
1095 1587 1182 1621 obex
1191 1614 1198 1625 .
1215 1590 1329 1633 μοχλὲς
1339 1615 1347 1631 ,
1361 1589 1492 1634 lignum
1503 1592 1573 1625 scr-

890 1646 1005 1673 ratum
1018 1646 1053 1673 et
1063 1639 1151 1674 vecti
1164 1639 1275 1675 simile
1287 1666 1296 1683 ,
1315 1642 1408 1685 quod
1422 1644 1570 1688 opposi-

891 1697 967 1725 tum
984 1691 1115 1726 foribus
1131 1705 1204 1726 non
1217 1692 1353 1728 sinebat
1364 1707 1420 1729 eas
1434 1696 1572 1740 aperiri.

933 1742 1009 1778 630.
1020 1745 1133 1778 Parva
1145 1747 1294 1788 quidem,
1321 1753 1386 1780 etc.
1403 1746 1572 1791 Sequitur

890 1793 985 1829 locus
997 1796 1299 1840 praestantissimus
1309 1823 1318 1840 ,
1332 1810 1402 1842 quo
1412 1811 1486 1832 casa
1497 1825 1506 1842 ,
1518 1812 1573 1833 su—

890 1846 1021 1891 pellex,
1038 1848 1179 1892 epulum
1195 1849 1488 1893 pauperculorum
1504 1851 1572 1885 ho·-

890 1899 1030 1934 minum
1044 1926 1054 1944 ,
1073 1913 1267 1946 eorumque
1279 1902 1403 1936 eximia
1419 1902 1573 1949 hospita-

890 1951 966 1986 litas
983 1952 1030 1986 ita
1046 1952 1272 1998 describitur,
1291 1961 1400 1990 utres
1413 1956 1571 1992 sensibus

889 2004 1044 2048 subjecta
1068 2005 1227 2040 videatur
1245 2032 1255 2049 ,
1279 2013 1315 2041 et
1340 2007 1450 2042 lector
1473 2009 1572 2044 facile

890 2063 1074 2090 moveatur
1090 2057 1217 2102 pietate
1234 2057 1423 2104 hospitum.
1439 2078 1482 2085 —-
1494 2062 1571 2094 Sti—

884 2111 1001 2152 pul1155
1020 2109 1111 2144 Fast.
1131 2110 1179 2144 Vl
1192 2137 1202 2154 ‚
1221 2111 1282 2146 261
1297 2124 1304 2145 :
1321 2113 1402 2155 Qua·
1411 2126 1499 2148 nunc
1510 2128 1572 2148 oere

889 2164 999 2203 vides,
1016 2161 1145 2207 'stipula
1155 2171 1235 2198 tunc
1249 2171 1340 2199 tecta
1352 2168 1488 2201 videres.
1502 2168 1572 2202 Sti—

884 2217 974 2258 puloe
983 2223 1101 2250 autem
1113 2223 1194 2251 sunt
1202 2217 1386 2261 stramina,
1396 2231 1484 2253 vers.
1498 2231 1555 2263 7⁰¹
1564 2246 1571 2253 .

892 2268 1040 2304 Veteres
1056 2270 1152 2304 enim
1166 2283 1335 2306 messores
1351 2271 1470 2306 aristas
1485 2279 1571 2306 tan—

891 2326 967 2354 tum
979 2334 1060 2357 cum
1071 2322 1192 2369 exigua
1204 2323 1324 2358 calami
1336 2331 1433 2369 parte
1448 2323 1574 2358 deme-

890 2372 996 2418 bant,
1014 2375 1200 2420 etstipulas
1211 2375 1277 2410 alio
1290 2383 1448 2420 tempore
1464 2383 1573 2410 mete-

890 2425 985 2460 bant.
1006 2427 1104 2472 Virg.
1118 2427 1247 2472 Georg.
1260 2428 1295 2470 1,
1316 2429 1569 2473 289.—chta;

891 2478 1034 2514 Priceus
1046 2486 1081 2514 et
1090 2479 1256 2513 Heinsius
1265 2479 1458 2523 conjiciunt
1465 2486 1570 2521 texta,

890 2536 929 2564 ut
940 2537 1011 2565 tota
1018 2531 1130 2565 casula
1137 2530 1218 2564 inde
1226 2535 1571 2567 constructa—Bau-

890 2586 979 2618 cidis
994 2597 1125 2619 nornen
1137 2611 1145 2618 ,
1158 2600 1173 2618 1
1186 2585 1410 2630 proverbium
1423 2587 1505 2621 abiit
1514 2613 1522 2626 ‚
1536 2595 1572 2621 et

892 2650 955 2682 pro
969 2638 1088 2682 quavis
1097 2651 1167 2672 anu
1182 2640 1388 2685 paupercula
1399 2667 1407 2683 ,
1426 2640 1571 2675 eadem-

893 2702 959 2734 que
978 2689 1032 2735 pia
1045 2715 1055 2733 ,
1070 2697 1121 2724 est
1134 2691 1295 2735 positum.
1320 2692 1459 2726 Persius
1470 2718 1479 2736 ‚
1500 2692 1573 2726 Sat.

894 2740 947 2775 IV
961 2767 970 2784 ,
999 2755 1050 2776 21.
1064 2760 1106 2768 —
1123 2743 1191 2776 Illa
1211 2749 1291 2777 sunt
1313 2750 1378 2779 etc.
1401 2742 1574 2778 Claudia-
