1820 3106
278 265 366 311 366

636 268 688 311 Ρ.
730 268 974 314 OVIDII
1013 269 1322 316 NASONIS

277 360 382 424 Quo
406 371 550 409 tamen
571 360 662 409 haec
686 361 838 410 Ithaco
853 400 864 420 ‚
890 362 967 428 qui
989 361 1123 421 clam,
1151 364 1225 430 qui
1250 383 1420 431 semper
1443 366 1622 416 inermis

275 438 389 485 Rem
413 437 547 499 gerit3
573 450 615 486 et
636 437 768 486 furtis
791 438 1011 487 incautum
1038 440 1199 507 decipit
1221 441 1427 491 hostem?

273 516 374 581 Ipse
398 515 518 562 nitor
539 513 695 577 galeae,
721 514 837 563 claro
861 516 1071 565 radiantis
1089 517 1144 566 ab
1170 537 1302 577 auro,
1323 517 1331 523 ⁶

1628 534 1692 569 105

272 591 460 640 Insidias
483 591 642 658 prodet
656 629 668 649 ‚
691 592 1074 660 manifestabitque
1096 593 1314 644 latentem.

264 671 356 719 *Sed
380 689 520 736 neque
542 669 777 719 Dulichius
801 671 885 719 sub
909 670 1096 721 Achillis
1119 672 1284 721 casside
1304 685 1452 723 vertex

271 750 472 799 Pondera
497 761 618 798 tanta
637 749 747 798 feret
770 770 780 797 :
800 768 879 797 nec
900 768 992 796 non
1016 743 1201 798 onerosa
1221 751 1448 817 gravisque

272 827 414 875 Pelias
437 846 530 876 esse
555 838 704 893 potest
726 826 980 875 imbellibus
1004 826 1131 875 hasta
1154 826 1340 875 lacertis.

269 907 360 953 Nec
385 904 586 971 clypeus,
612 905 723 954 vasti
747 903 921 953 caelatus
947 903 1133 967 imagine
1155 903 1333 962 mundi,

259 1015 346 1061 jor‚·
363 1027 452 1049 unus
466 1013 601 1049 Heinsii
618 1020 653 1048 et
664 1013 771 1048 codex
783 1014 811 1048 B
824 1016 870 1047 sit
879 1027 947 1048 me-

268 1068 344 1106 lior,
365 1073 401 1100 ut
413 1079 500 1110 saepe
511 1078 595 1109 pars
611 1067 794 1099 bonae—In
805 1067 890 1106 illis,
909 1065 945 1099 il-

268 1116 383 1152 lorum
394 1143 403 1160 ,
423 1123 462 1151 ut
478 1130 523 1151 vs.
540 1117 599 1150 311
616 1143 625 1160 ,
641 1120 677 1151 in
692 1119 767 1153 illo,
789 1116 888 1151 illius.

315 1170 386 1203 103.
402 1171 473 1212 Quo
484 1176 594 1202 tamen
605 1175 669 1203 etc.
679 1167 801 1203 Codex
814 1168 942 1214 Regius

267 1220 314 1263 A,
328 1222 401 1263 Quo
414 1227 524 1254 lamen
536 1222 605 1254 hoec
614 1222 731 1254 Ithaco
739 1223 878 1264 prosint,
887 1224 947 1264 qui

265 1285 395 1316 semper
407 1275 562 1313 laet-mim
582 1271 689 1306 codex
706 1272 735 1306 B
749 1298 757 1315 ,
781 1274 875 1315 Quz'd
885 1278 943 1306 la·—

265 1337 338 1358 men
354 1326 439 1358 ἧσε.
452 1350 460 1358 .
472 1349 480 1356 .
491 1327 552 1368 qui
560 1326 648 1358 clam
657 1350 665 1364 ‚
682 1330 747 1358 etc.
758 1323 855 1358 valde
869 1324 940 1369 pla-

263 1382 318 1409 cet
330 1375 415 1409 mihi
432 1375 533 1410 lectio
545 1374 671 1409 codicis
683 1375 724 1409 A.
739 1376 938 1410 Ed.—-lnu-

263 1427 335 1461 tilia
346 1452 354 1469 ,
367 1428 451 1471 quin
463 1426 550 1461 adeo
561 1427 750 1472 perniciosa
761 1427 832 1462 haec
843 1440 939 1462 arma

264 1478 391 1525 Ulyssi.
424 1480 503 1513 Hoc
528 1479 715 1512 maximam
745 1479 782 1512 in
805 1479 938 1526 Ulyssis

260 1530 491 1576 ignominiam
509 1532 831 1570 tractat.—Furtis‚
852 1531 938 1564 insi-

261 1583 324 1618 diis
341 1591 376 1617 et
391 1582 780 1626 dolis.-N1'torgalcae‚·
797 1582 936 1617 Achillis

261 1635 355 1669 enim
367 1635 460 1679 galea
472 1661 480 1677 ,
493 1635 588 1683 ἀστὴρ
600 1636 639 1672 ὡς
651 1635 832 1678 ἀπέλαμπεν,
844 1634 883 1668 Il.
894 1640 933 1676 T,

259 1687 320 1721 381
337 1700 345 1727 3
366 1686 492 1731 Quint.
511 1685 678 1729 Calaber,
696 1685 742 1729 V,
760 1698 831 1720 102.
846 1684 936 1719 Ovi-

260 1738 336 1773 dius
352 1738 409 1774 hic
425 1738 614 1773 cumulavit
629 1739 752 1781 verba,
775 1737 936 1782 quando-

258 1790 402 1836 quidem
421 1793 526 1831 nitor,
544 1793 657 1824 clarus
667 1796 701 1824 et
718 1792 850 1823 radiare
868 1802 935 1823 eo—

259 1842 520 1878 dem'redeunt.
539 1842 649 1886 Quod
677 1850 795 1877 tamen
823 1855 933 1888 quum

257 1895 380 1940 saepius
395 1894 518 1930 fecerit
535 1894 684 1929 Ovidius
698 1921 707 1938 ,
728 1907 842 1940 neque
861 1895 894 1930 h.
912 1895 932 1929 l.

257 1946 377 1981 vitiose
390 1973 399 1990 ,
421 1959 493 1980 non
511 1953 585 1981 erat
597 1971 607 1988 ‚
625 1959 690 1980 cur
708 1947 933 1981 Burmannus

256 1999 462 2034 emendaret
475 2025 484 2042 ,
493 1999 588 2043 firm
600 2001 766 2033 radiantis
783 2006 818 2033 et
829 2012 926 2040 auro,

255 2064 337 2100 cum
344 2051 567 2097 explicatione
577 2050 714 2086 :serreae
726 2051 822 2086 enim
833 2058 933 2086 erant

257 2113 293 2140 et
315 2118 400 2140 auro
426 2105 598 2147 inductae,
626 2104 761 2139 serrum
784 2118 868 2139 vero
893 2106 931 2139 in

255 2158 478 2204 splendorem
491 2164 565 2192 erat
576 2157 707 2191 datum.
724 2158 792 2192 Sed
806 2159 832 2192 si
847 2171 931 2192 auro

255 2210 407 2245 inductae
425 2235 435 2252 ,
466 2222 539 2243 non
565 2215 703 2253 poterat
730 2210 825 2243 nitor
847 2208 931 2243 ferri

258 2263 271 2305 (
285 2265 394 2296 lumen
402 2260 590 2305 serridixit
607 2260 722 2295 Valer.
742 2261 833 2296 Flac.
853 2262 907 2296 III
918 2288 928 2305 ,

259 2316 351 2358 100)
373 2314 479 2350 cerni.
501 2314 633 2359 Tanaq.
658 2314 771 2348 Faber
790 2314 931 2358 corrigit

254 2381 338 2402 cono
350 2369 517 2401 radiantis
532 2369 576 2401 ab
590 2380 743 2401 aureo.—
750 2366 850 2411 Regii
870 2379 931 2401 co-

255 2419 346 2454 dices
365 2419 455 2454 bene
475 2425 615 2453 servant
637 2418 822 2453 lectionem
844 2418 924 2452 vul-

255 2480 378 2519 gatam.
391 2472 446 2507 De
458 2473 565 2507 verbo
579 2473 712 2506 radiare
722 2471 799 2506 vide
812 2471 853 2506 ad
871 2472 906 2507 Π
917 2498 926 2514 ,

256 2524 588 2569 4.—Man1'sae:stare,
607 2523 717 2558 facere
730 2549 739 2567 ,
762 2530 802 2557 ut
819 2522 928 2558 latens

254 2576 290 2610 in
308 2576 424 2611 oculos
445 2576 621 2616 incurrat;
644 2574 723 2609 vide
744 2575 928 2609 Burman-

253 2640 341 2661 num
365 2627 424 2676 qui
450 2633 573 2662 monet
585 2653 595 2670 ,
622 2633 827 2672 usurpatum
854 2638 926 2660 esse

253 2678 344 2724 apud
369 2678 474 2714 ovid.
498 2678 541 2713 ad
562 2678 794 2713 imitationem
822 2678 925 2724 graeci

256 2736 382 2774 θηλοῦν,
407 2745 473 2767 nec
497 2732 607 2777 aptius
627 2731 708 2766 huic
729 2731 780 2766 rei
804 2731 925 2776 expri-

252 2783 390 2820 mendae
403 2797 578 2829 superesse
587 2783 860 2819 verbum—Pro
871 2785 927 2818 la·-

1626 930 1685 954 no

1010 1019 1132 1048 tentem
1148 1012 1358 1048 oxoniensis
1373 1019 1409 1048 et
1423 1012 1494 1048 duo
1512 1013 1565 1048 ah'i
1586 1014 1683 1051 MSS

1002 1072 1178 1108 paventem
1190 1092 1198 1106 ‚
1221 1064 1313 1110 quod
1332 1064 1430 1100 valde
1446 1064 1682 1111 adblanditur,

1009 1123 1044 1151 et
1069 1117 1149 1152 satis
1175 1116 1351 1162 poeticum
1373 1115 1512 1152 videtur
1536 1117 1685 1154 Schira-

1006 1171 1085 1207 chio
1102 1185 1111 1206 t
1131 1186 1148 1201 «
1169 1184 1296 1217 nempe
1308 1198 1317 1216 ,
1335 1168 1448 1217 inquit
1459 1197 1469 1215 ,
1485 1171 1544 1217 qui
1560 1180 1683 1218 pavet,

1007 1222 1082 1266 ejus
1109 1222 1204 1267 galea
1228 1223 1323 1268 quasi
1348 1222 1488 1267 tremit,
1515 1230 1551 1258 et
1572 1224 1683 1260 radiat

1006 1287 1131 1310 aurum
1143 1276 1249 1321 magis
1257 1302 1266 1320 ‚
1278 1288 1385 1321 quum
1402 1275 1561 1321 trepidat.
1573 1291 1589 1307 »ι
1601 1277 1682 1312 Hoc

1004 1341 1088 1363 vero
1107 1336 1158 1363 est
1175 1329 1326 1374 argutari
1343 1329 1350 1363 !
1372 1329 1410 1364 si
1428 1329 1495 1364 hoc
1518 1329 1683 1366 voluisset

1005 1379 1153 1415 Ovidius
1169 1407 1178 1424 ‚
1207 1381 1386 1416 notatione
1418 1381 1542 1428 dignus
1569 1389 1679 1426 esset,

1004 1432 1062 1477 qui
1082 1433 1170 1467 irato
1189 1440 1224 1467 et
1241 1433 1446 1468 convicianti
1466 1434 1560 1479 Aiaci
1574 1433 1679 1469 talem

1002 1483 1133 1529 ingenii
1151 1485 1266 1519 lusum
1283 1485 1468 1521 tribuisset.
1485 1486 1608 1532 Neque
1623 1485 1680 1522 hic

1002 1535 1044 1569 de
1058 1549 1185 1580 pavore
1198 1537 1332 1583 Ulyssis
1346 1550 1462 1572 sermo
1476 1544 1527 1572 est
1539 1564 1548 1581 ,
1563 1537 1622 1572 sed
1633 1537 1677 1572 de

999 1589 1140 1623 insidiis.
1162 1590 1273 1624 Aliter
1289 1590 1379 1635 apud
1399 1590 1550 1625 Antisth.
1568 1603 1600 1635 p.
1616 1589 1673 1625 53:

1002 1644 1095 1680 δειλὲς
1112 1644 1207 1680 οὐθεὶς
1226 1642 1262 1677 ἂν
1288 1645 1447 1687 ἐπισήμοις
1463 1645 1569 1682 ’ὅπλοις
1588 1647 1676 1692 χρή-

999 1710 1085 1729 σαιτο
1101 1721 1110 1737 ,
1138 1698 1227 1733 εἶδ’ὼς
1243 1720 1252 1737 ,
1283 1697 1328 1730 ἔτι
1355 1701 1409 1736 τὴν
1442 1700 1555 1731 δειλίαν
1585 1698 1677 1732 αὐτοῦ

1001 1749 1132 1794 ἓκγαίνει
1149 1749 1187 1782 τὰ
1205 1749 1287 1782 ὅπλα.

1045 1811 1115 1843 ¹07·
1132 1799 1200 1832 Sed
1216 1811 1320 1842 neque
1340 1804 1404 1833 etc.
1427 1799 1530 1833 Hanc
1551 1811 1674 1833 mem-

997 1849 1143 1884 brorum
1161 1849 1377 1884 debilitatem
1399 1849 1487 1894 Aiax
1504 1850 1535 1885 ei
1556 1851 1674 1897 objicit

997 1901 1102 1935 etiam
1119 1900 1208 1946 apud
1229 1900 1354 1945 Quint.
1371 1899 1560 1937 Calabrum
1573 1929 1582 1946 ,
1601 1904 1673 1947 ²²4·

995 1971 1039 1978 -—
1056 1954 1252 1992 Dulichium
1268 1978 1276 1991 ‚
1300 1952 1411 1987 insula
1438 1965 1545 1998 prope
1571 1953 1674 1988 Itba-

996 2017 1071 2039 cam
1091 2031 1100 2048 ,
1127 2017 1204 2049 quae
1230 2011 1347 2038 tamen
1372 2004 1566 2039 secundum
1585 2005 1672 2040 Ho-

996 2071 1134 2092 merum
1148 2084 1156 2100 ‚
1177 2057 1231 2091 alii
1248 2057 1320 2102 regi
1332 2057 1673 2092 serviebat.—Pel1·as

994 2123 1067 2145 esse
1074 2116 1187 2154 potest
1197 2116 1259 2145 etc.
1274 2110 1343 2144 Hic
1352 2123 1470 2144 versus
1481 2110 1580 2144 aliter
1592 2109 1672 2156 legi-

994 2169 1052 2196 tur
1063 2162 1098 2195 in
1112 2161 1229 2206 Regiis
1240 2160 1414 2196 codicibus
1426 2174 1433 2195 :
1446 2163 1562 2196 Pelias
1572 2163 1671 2195 basta

991 2219 1106 2257 polest
1134 2215 1322 2247 imbellibus
1347 2225 1421 2247 esse
1443 2215 1580 2247 lacertis
1595 2225 1610 2251 .’,
1625 2212 1668 2247 de

994 2265 1091 2300 hasta
1109 2265 1251 2301 Peliade
1275 2265 1353 2300 vide
1377 2265 1418 2301 ad
1445 2266 1540 2309 XII,
1565 2266 1669 2312 73.—

993 2318 1136 2353 Achillis
1153 2321 1287 2364 clypeus
1297 2346 1305 2357 ,
1316 2318 1466 2353 Vulcani
1481 2331 1566 2364 opus
1576 2345 1586 2362 ‚
1604 2318 1667 2352 in-

991 2370 1112 2415 primis
1120 2370 1320 2405 nobilitatus
1333 2377 1383 2405 est
1395 2370 1562 2412 Homeri,
1577 2369 1616 2404 Il.
1626 2375 1645 2403 Σ
1654 2395 1664 2411 ,

992 2422 1160 2468 MSS-607,
1174 2421 1403 2467 descriptione
1417 2448 1425 2464 ‚
1445 2423 1606 2466 (quacum
1623 2420 1665 2455 cf.

979 2473 1118 2517 *Quint
1139 2472 1257 2508 Calab.
1271 2473 1320 2515 V,
1338 2474 1445 2507 5—101
1460 2472 1472 2514 )
1494 2479 1529 2506 et
1542 2484 1665 2505 recen-

990 2525 1120 2559 tiorum
1130 2524 1425 2570 disputationibus.
1437 2525 1664 2558 Caelalusima·

987 2579 1065 2621 gine
1076 2580 1170 2611 vasti
1176 2579 1306 2616 mundi,
1323 2575 1359 2609 in
1372 2587 1441 2620 quo
1452 2575 1573 2610 caelum
1583 2586 1664 2609 cum

990 2627 1178 2670 sideribus,
1197 2635 1288 2662 terra
1304 2640 1373 2661 non
1389 2626 1495 2660 modo
1506 2639 1586 2660 cum
1597 2625 1663 2660 ssu-

989 2679 1050 2714 viis
1061 2705 1070 2723 ,
1080 2679 1169 2713 mari
1180 2686 1215 2713 et
1227 2679 1388 2723 urbibus,
1400 2677 1458 2712 sed
1467 2678 1571 2712 etiam
1583 2689 1664 2711 cum

988 2732 1150 2766 omnihus
1169 2731 1209 2766 iis
1227 2757 1236 2772 ‚
1264 2744 1339 2776 quae
1356 2730 1484 2765 cadunt
1500 2730 1536 2764 in
1556 2730 1661 2763 vitam

987 2782 1179 2819 humanam
1191 2808 1201 2827 ‚
1218 2782 1339 2828 figuris
1356 2781 1589 2816 eminentibus
1603 2793 1662 2815 ex-
