1820 3106
286 286 341 348 76

668 289 720 331 P.
763 287 996 333 OVIDII
1030 285 1323 332 NASONIS

287 381 459 447 Coepit,
483 381 711 429 inornatos
733 381 965 430 redimitus
991 383 1203 432 arundine
1227 383 1367 431 crines
1389 403 1399 430 :

290 481 313 501 «
337 459 482 507 Triste
505 459 619 525 petis
642 478 806 507 munus
827 479 836 507 :
866 459 1099 529 quislenim
1118 479 1195 508 sua
1219 459 1366 526 praelia
1387 460 1528 508 victus

288 536 640 602 Commemorare
662 536 796 584 velit?
813 537 995 585 referam
1017 549 1158 585 tamen
1184 537 1335 585 ordine
1356 557 1366 585 ε
1389 556 1468 586 nec
1494 543 1600 596 tam'
1679 549 1700 582 5

286 613 436 678 Turpe
458 613 543 661 fuit
564 614 679 662 vinci
694 651 706 670 ‚
734 633 863 679 quam
887 613 1164 663 contendisse
1185 614 1392 662 decorum
1414 625 1504 671 est3

286 689 536 755 Magnaque
562 690 636 738 dat
657 690 790 738 nobis
812 702 959 737 tantus
985 689 1137 738 solatia
1160 691 1312 738 victor.

286 766 476 814 Nomine
499 767 537 814 si
562 787 647 833 qua
671 787 751 815 suo
775 768 948 815 tandem
972 767 1171 832 pervenit
1192 767 1247 814 ad
1271 786 1396 815 aures

286 842 493 906 Dejanira
513 854 609 891 tuas
629 862 638 900 ;
666 843 887 909 quondam
911 842 1202 909 pulcherrima
1223 843 1371 905 virgo,

268 918 626 985 -Multorumque
649 919 734 967 fuit
757 939 857 985 spes
879 920 1095 968 invidiosa
1118 939 1368 986 procorum.
1662 945 1701 966 m

288 995 401 1043 Cum
425 996 589 1061 quibus
611 1007 662 1043 ut
685 996 822 1044 soceri
843 997 998 1044 domus
1023 1009 1089 1044 est
1111 997 1271 1044 intrata
1289 996 1442 1063 petiti;

295 1094 317 1114 «
341 1072 505 1137 Accipe
528 1091 596 1119 me
622 1091 854 1134 generum,
882 1073 997 1131 dixi,
1023 1074 1270 1122 Parthaone
1294 1086 1406 1123 nate.
1433 1096 1456 1117 >›

287 1191 354 1226 vid.
369 1191 614 1236 Spanhemius,
625 1191 667 1226 de
679 1205 744 1227 usu
759 1199 794 1227 et
803 1199 964 1238 praestan-

286 1244 332 1277 tia
343 1243 602 1278 Numismatum
615 1270 623 1286 ,
636 1243 712 1278 diss.
726 1244 797 1279 VII
810 1271 819 1287 ,
828 1258 860 1290 p.
873 1246 937 1292 490
954 1258 962 1279 :

287 1295 418 1329 confer.
432 1294 515 1328 Jani
531 1294 574 1328 ad
588 1295 777 1329 Horatium
788 1296 875 1339 ,1V,
891 1295 960 1330 Od.

288 1358 352 1382 nv
363 1373 372 1390 ,
390 1349 441 1381 25.
457 1366 501 1373 —-
514 1349 691 1382 Inomatos
707 1360 718 1390 ‚·
740 1348 861 1382 tertius
879 1349 961 1383 Me-

286 1398 403 1433 diceus
418 1399 535 1444 inepte
551 1402 734 1433 inauratos.
761 1399 908 1433 Horridi
924 1406 959 1433 et

286 1450 406 1485 inculti
422 1451 656 1496 pingebantur
673 1451 795 1485 Fluvii.
823 1450 914 1485 Vide
932 1464 962 1485 v.
982 1495 986 1498 ι

286 1517 315 1538 c.
329 1504 446 1538 Rheni
459 1503 729 1549 descriptionem
745 1503 837 1549 apud
856 1503 963 1538 Clau-

290 1556 434 1591 dianum
460 1555 567 1591 Cous.
595 1555 699 1603 Olyb.
726 1569 792 1590 210
823 1569 897 1601 sqq.
921 1573 965 1583 —-·

287 1608 429 1642 Arundo
440 1608 574 1654 insigne
587 1609 791 1643 Fluviorum
805 1634 813 1651 ,
826 1609 896 1652 quo
906 1621 964 1642 co-

288 1661 408 1695 ronari
432 1660 598 1696 solebant.
617 1661 783 1706 Virgilius
795 1687 805 1704 ,
822 1661 963 1695 AEneid.

290 1713 382 1747 ‘VIII
395 1739 404 1756 ,
420 1713 462 1747 33
475 1726 482 1747 :
496 1725 569 1746 eum
583 1716 692 1747 lenm&
701 1715 821 1756 glauco
830 1714 968 1747 velabat

289 1767 414 1799 amictu
431 1766 602 1799 Carbasus
612 1791 620 1804 ‚
640 1771 675 1799 ct
692 1767 800 1799 crines
812 1767 965 1800 umbrosa

287 1818 420 1859 tegebat
429 1819 566 1850 arundo.
586 1815 719 1850 Conser
732 1816 837 1851 etiam
848 1816 964 1851 locum

294 1866 415 1901 Vellei.
432 1868 566 1902 Patere.
584 1867 640 1910 ΙΙ,
665 1867 717 1901 83.

334 1922 365 1963 4.
395 1922 503 1954 Triste
519 1924 610 1964 petis
626 1932 766 1954 munus:
783 1927 847 1955 etc.
868 1920 965 1955 Talia

292 1973 429 2017 praefari
444 1973 556 2007 solent
570 1999 579 2016 ,
602 1986 679 2007 rem
692 1973 864 2018 ingratam
881 1985 965 2006 nar-

291 2038 368 2060 rare
382 2026 474 2070 jussi.
489 2028 668 2061 -Praelta
693 2026 829 2071 dignius
859 2038 964 2070 quam

289 2076 484 2111 colluctatio
499 2104 508 2120 ,
528 2077 899 2121 certamem—Referre
909 2090 966 2110 or-

276 2131 368 2163 'dine
392 2129 542 2163 formula
567 2129 753 2172 solemnis,
781 2135 892 2163 totam
913 2129 965 2162 rei

290 2181 416 2215 seriem
432 2193 574 2215 narrare
587 2207 596 2225 ,
611 2194 685 2215 non
701 2179 963 2223 summatim.V,

290 2232 366 2267 335.
381 2250 425 2259 -·
445 2234 517 2268 Nec
532 2237 600 2267 tam
623 2234 730 2276 Turpe
745 2240 809 2267 etc.
833 2232 927 2265 Vere
945 2243 964 2264 e

290 2297 394 2319 sensu
405 2283 610 2319 Groecorum
622 2283 720 2318 :vide
732 2284 769 2318 in
781 2284 872 2318 XIII
884 2309 893 2326 ‚
914 2296 978 2330 19·.

291 2336 392 2371 Mors
407 2336 512 2371 etiam
528 2349 547 2370 a
567 2336 642 2370 viro
657 2336 738 2370 forti
757 2343 792 2370 et
818 2348 836 2369 a
857 2335 966 2369 bestia

289 2388 426 2433 majore
442 2388 534 2423 illata
548 2388 665 2422 minus
677 2387 798 2422 acerba
809 2386 966 2420 habeba—

291 2446 370 2482 tur;
390 2440 437 2483 V,
453 2454 510 2487 191
526 2455 535 2482 3
549 2440 717 2482 AElianus,
728 2438 965 2472 Variar.His—

292 2497 358 2524 tor.
382 2491 485 2534 XIV,
507 2493 548 2535 43
574 2504 680 2536 quem
701 2502 843 2531 sensum
871 2489 966 2523 leoni

291 2541 398 2575 etiam
414 2542 534 2576 tribuit
557 2542 744 2585 Phaedrus,
772 2541 810 2585 I,
829 2540 896 2575 sab.
913 2553 966 2574 21.

290 2611 335 2618 -·
355 2594 520 2628 Decorum
537 2621 545 2634 ,
572 2594 759 2639 gloriosum
777 2607 785 2635 ;
813 2591 938 2627 Cicero
953 2618 963 2635 ,

292 2644 394 2678 Brut.
419 2645 436 2678 I
448 2670 458 2686 ,
484 2644 527 2678 de
554 2645 745 2679 Hortensio
764 2658 772 2679 :
804 2642 878 2679 ciam
903 2657 966 2689 quo

291 2699 417 2729 certare
431 2700 504 2728 erat
510 2698 689 2739 gloriosius
700 2723 708 2736 ,
728 2708 825 2741 quam
835 2698 966 2729 omnino

295 2748 518 2781 adoersan‘um
533 2760 599 2781 non
614 2750 743 2782 habere.
766 2748 887 2782 Victus
905 2754 965 2781 ta-

296 2810 378 2832 men
389 2798 560 2834 Achelous
572 2806 645 2834 erat
654 2825 663 2843 ‚
676 2812 785 2843 quum
796 2799 965 2834 Hercules

1029 1193 1192 1228 nondum
1205 1193 1301 1228 Deus
1312 1200 1400 1229 esset
1410 1220 1419 1238 ,
1432 1192 1588 1238 adeoque
1599 1199 1702 1239 turpe

1029 1245 1173 1280 duxerat
1193 1246 1225 1280 ei
1246 1245 1369 1280 cedere
1383 1259 1392 1287 3
1409 1258 1496 1280 vers.
1515 1245 1566 1280 16.
1579 1264 1623 1271 -—
1636 1247 1704 1280 Est

1028 1304 1105 1342 post
1125 1300 1275 1331 decorum
1303 1297 1471 1332 omittunt
1495 1297 1642 1332 Palatin.
1666 1305 1702 1332 et

1026 1355 1096 1383 tres
1118 1349 1183 1383 alii.
1211 1367 1254 1375 —-
1273 1349 1374 1395 Regii
1394 1349 1505 1383 nostri
1522 1348 1590 1384 hoc
1606 1349 1701 1383 verb.

1024 1410 1173 1438 servant.
1189 1423 1232 1429 —
1251 1405 1379 1438 Tantus
1400 1407 1526 1443 victor,
1553 1409 1703 1448 quantus

1026 1455 1196 1489 Hercules
1213 1455 1288 1488 suit.
1311 1454 1402 1489 vid-e
1427 1467 1504 1499 quae
1518 1454 1623 1488 {uerit
1636 1453 1701 1487 in—

1025 1506 1227 1550 terpretatio
1238 1518 1325 1539 vers.
1342 1519 1399 1552 ¹9¹
1414 1531 1423 1548 ‚
1435 1505 1490 1540 lib.
1501 1505 1534 1538 V
1548 1517 1557 1539 ε
1571 1505 1702 1549 Magna

1015 1557 1111 1602 feres
1126 1560 1253 1591 tacitas
1274 1559 1402 1591 solatia
1416 1559 1532 1591 mortis
1555 1558 1606 1590 ad
1622 1569 1702 1590 um-

1026 1613 1121 1650 bras,
1144 1610 1180 1644 A
1196 1616 1291 1644 tanto
1305 1612 1468 1644 cecidisrse
1482 1612 1563 1644 viro.
1586 1608 1653 1644 Ed·

1069 1666 1099 1699 8.
1124 1666 1270 1698 Tandem
1286 1663 1416 1708 Regius
1430 1662 1682 1708 interpretatur
1692 1687 1702 1703 ,

1027 1715 1212 1761 aliquando
1226 1730 1233 1757 3
1244 1715 1439 1749 Burmann.
1449 1714 1516 1748 hoc
1525 1726 1599 1748 non
1609 1725 1703 1747 con-

1025 1767 1143 1812 coquit
1155 1793 1164 1810 ,
1191 1766 1250 1801 sed
1265 1773 1471 1811 corruptum
1487 1777 1559 1800 voc.
1575 1771 1675 1810 putat
1692 1789 1702 1806 ,

1027 1817 1121 1863 quod
1135 1824 1170 1851 et
1183 1817 1330 1852 Heinsio
1344 1817 1454 1851 visum
1465 1816 1520 1858 sit,
1535 1815 1595 1860 qui
1607 1826 1705 1848 mar-

1028 1869 1098 1914 gini
1113 1868 1328 1913 adscripserit
1344 1881 1351 1902 :
1366 1869 1455 1902 sorte
1465 1893 1474 1910 ,
1477 1867 1614 1911 forsan.
1625 1865 1703 1911 Ipse

1027 1920 1144 1963 malit,
1155 1919 1284 1963 fando,
1307 1927 1346 1953 ut
1363 1920 1445 1963 XV,
1465 1920 1526 1966 497
1543 1932 1552 1960 ;
1579 1917 1701 1963 Virgil.

1029 1970 1169 2004 AEneid.
1183 1971 1237 2011 11,
1257 1972 1308 2005 81.
1321 1969 1411 2004 Mihi
1426 1976 1543 2003 tamen
1558 1968 1624 2002 hoc
1639 1979 1702 2012 pa—

1027 2034 1108 2056 rum
1127 2022 1238 2067 placet
1261 2028 1403 2066 propter
1428 2021 1606 2065 ingratum
1635 2031 1714 2060 so-·.,

1027 2086 1137 2116 num,
1163 2086 1225 2107 suo
1235 2073 1359 2117 fando.
1385 2071 1553 2106 Usitatius
1576 2077 1648 2113 est,
1670 2073 1707 2103 si

1018 2126 1129 2171 forte,
1147 2133 1186 2160 ut
1197 2126 1269 2160 VII
1281 2151 1290 2168 ,
1304 2125 1388 2172 694,
1411 2131 1447 2159 et
1456 2123 1703 2170 saepe.—Regii

1027 2178 1138 2213 nostri
1153 2178 1283 2212 habent
1304 2179 1446 2211 tandem.
1471 2195 1514 2204 -—
1535 2176 1703 2220 Dejanira

1027 2234 1158 2266 nomine
1170 2243 1231 2264 suo
1240 2242 1304 2275 pro
1319 2229 1472 2274 vulgari,
1490 2239 1623 2262 nomen
1632 2226 1703 2260 De-

1028 2281 1157 2327 janirae.
1185 2282 1310 2326 Quum
1333 2279 1428 2314 addit
1448 2291 1533 2324 qua,
1550 2277 1700 2319 indicat,

1028 2347 1101 2368 non
1109 2334 1188 2369 satis
1197 2334 1370 2368 celebrem
1379 2332 1481 2367 fuisse
1495 2330 1680 2364 mulierem
1696 2340 1704 2363 z

1030 2386 1123 2431 quod
1140 2393 1258 2420 tamen
1275 2384 1399 2419 melius
1415 2385 1506 2417 sorte
1524 2381 1704 2415 omisisset.

1028 2439 1316 2482 —Multorumque
1329 2442 1393 2470 etc.
1404 2433 1504 2468 Idem
1519 2444 1636 2467 versus
1650 2432 1704 2467 le-

1029 2491 1122 2536 gitur
1139 2490 1214 2532 IV,
1241 2490 1303 2535 794
1327 2486 1416 2531 (ubi
1437 2485 1515 2520 vide
1541 2497 1618 2530 quae
1650 2483 1704 2519 Cl.

1033 2544 1152 2586 Gierig
1171 2539 1294 2574 dixerit
1311 2565 1320 2583 ‚
1350 2545 1385 2573 et
1399 2549 1476 2582 quae
1492 2535 1647 2582 exempla
1664 2548 1705 2570 ex

1031 2593 1213 2639 Propertio
1228 2589 1415 2632 attulerit).

1078 2659 1091 2679 1
1101 2659 1127 2678 1.
1149 2646 1263 2678 Petere
1273 2668 1282 2682 ,
1306 2648 1346 2675 ut
1363 2645 1460 2676 αἰτεῖν
1472 2666 1481 2683 ,
1508 2637 1646 2685 proprie
1662 2637 1706 2672 de

1030 2696 1141 2742 procis
1167 2693 1318 2740 puellam
1346 2691 1580 2726 ambientibus
1598 2703 1606 2730 ;
1634 2687 1704 2722 vid.

1034 2747 1151 2783 Cerda
1166 2746 1209 2780 ad
1226 2744 1425 2789 Virgilium,
1443 2742 1527 2776 AEn.
1541 2740 1634 2784 VII,
1651 2740 1703 2782 54.

1078 2812 1126 2832 12.
1138 2797 1267 2840 Accipe
1275 2807 1325 2829 mc·
1332 2806 1494 2839 generum.
1505 2791 1620 2827 Missis
1630 2802 1703 2825 mo-
