1820 3106
656 207 707 249 Ρ.
754 207 990 252 OVIDII
1033 206 1334 252 NASONIS

289 300 392 347 Non
414 297 677 347 intellectam
700 318 849 348 vocem
875 298 1121 357 collaudat3
1142 311 1209 358 et,
1239 322 1261 343 «
1285 311 1378 348 esto

292 378 451 444 »Tam
476 376 547 443 pia
568 395 760 442 semper,
789 398 810 418 »
838 377 900 424 ait
920 396 930 424 ε
950 376 1124 443 pietatis
1147 377 1323 425 nomine
1350 377 1466 425 dicto
1483 414 1495 435 ‚

289 453 477 501 Demisit
500 453 646 501 vultus
670 452 842 501 sceleris
860 453 946 501 sibi
962 453 1134 502 conscia
1156 453 1294 516 virg0.

287 531 442 579 Noctis
466 542 558 579 erat
579 527 795 587 medium;
820 550 1031 597 curasque
1056 543 1099 579 et
1122 551 1304 599 corpora
1329 552 1508 581 somnus

289 608 487 658 Solverat
507 629 516 657 :
543 620 588 656 at
605 609 728 671 virgo
752 609 953 675 Cinyreia
975 609 1155 675 pervigil
1179 610 1271 670 igni

292 687 499 752 Carpitur
521 686 738 734 indomito
753 724 764 743 ‚
789 686 1040 752 furiosaque
1062 698 1160 734 vota
1184 698 1400 735 retractat.

289 764 349 810 Et
372 762 506 809 modo
532 762 756 828 desperat;
781 762 916 810 modo
942 762 1036 810 vult
1059 774 1225 812 tentare
1246 784 1255 811 :
1276 764 1498 830 pudetque
1513 801 1525 820 ‚

288 841 348 887 Et
370 840 520 905 cupit;
547 851 613 896 et,
636 840 755 905 quod
777 852 900 903 agat,
923 859 1015 887 non
1036 841 1204 888 invenit
1224 861 1233 888 :
1254 853 1391 906 utque
1415 841 1554 889 securi

290 917 443 964 Saucia
468 917 588 964 trabs
611 917 767 979 ingens
783 954 794 973 ‚
820 918 897 964 ubi
921 917 1048 983 plaga
1072 918 1313 966 novissima
1329 927 1488 976 restat,
1522 937 1524 940 ·

290 994 394 1055 Quo
416 994 563 1051 cadat,
589 994 634 1040 in
658 994 795 1041 dubio
818 1006 906 1051 est,
933 995 1139 1060 omnique
1162 1015 1184 1042 a
1208 1007 1330 1062 parte
1353 995 1561 1052 timetur;

288 1071 359 1118 Sic
384 1072 553 1119 animus
576 1071 695 1119 vario
722 1070 960 1120 labefactus
982 1071 1159 1121 vulnere
1181 1084 1309 1121 nutat
1631 1086 1695 1132 375

288 1150 388 1196 Huc
411 1147 541 1206 levis,
567 1160 696 1214 atque
719 1148 849 1206 illuc;
875 1162 1181 1217 momentaque
1206 1151 1339 1199 sumit
1365 1163 1566 1216 utroque.
1627 1191 1632 1196 .
1675 1158 1691 1172 ·

299 220 379 266 190

1635 316 1699 353 365

1634 703 1699 749 370

330 1267 403 1301 368.
424 1267 563 1300 Somnus
576 1268 694 1306 solvit,
717 1265 866 1308 relaxat,
885 1279 960 1300 cor-

281 1333 382 1363 pora.
397 1319 554 1353 membra
566 1318 718 1363 corporis
732 1326 832 1353 antea
845 1318 959 1351 inten-

286 1378 320 1405 ta
335 1397 343 1413 ,
367 1370 471 1416 (vide
489 1370 530 1403 ad
549 1371 621 1404 VII
635 1396 644 1412 ,
667 1370 775 1412 185),
794 1369 956 1413 idemque

222 1425 227 1433 “
285 1425 386 1456 solvit
395 1435 492 1456 curas
504 1449 511 1460 .
532 1421 611 1455 facit
622 1448 629 1459 ,
649 1428 686 1455 ut
702 1420 861 1455 homines
872 1421 958 1455 libe-

283 1482 408 1509 rentur
422 1473 521 1507 curis.
538 1473 669 1507 Passim
680 1472 829 1507 occurrit
841 1498 850 1514 ,
869 1475 957 1506 curis

283 1528 411 1560 solutus
431 1532 465 1559 et
483 1526 663 1559 exsolutus.
690 1523 770 1558 Vid.
788 1523 956 1558 Schwar-

285 1579 356 1613 zius
367 1577 408 1612 ad
421 1577 573 1612 Plinium
584 1603 593 1619 ,
611 1577 741 1621 Paneg.
761 1589 801 1623 79
813 1589 821 1609 :
833 1578 957 1610 solem·

284 1630 391 1675 igitur
405 1641 501 1663 nunc
517 1629 552 1662 in
572 1627 697 1673 dilogia
713 1628 874 1673 positum.
891 1626 955 1660 Si-

284 1680 414 1714 militer
423 1679 592 1721 Tibullus,
602 1680 657 1714 III
667 1705 676 1721 ‚
692 1689 736 1712 111
749 1705 757 1721 ,
769 1693 785 1712 2
794 1692 822 1722 1,
834 1685 956 1712 mentes

284 1734 449 1766 hominum
472 1744 618 1776 curoeqae
635 1734 793 1766 levantur.
813 1750 856 1757 —
870 1733 955 1775 Igni.

284 1783 401 1830 Vulgo
418 1785 467 1827 (et
483 1784 518 1817 in
534 1783 660 1818 nostris
678 1781 811 1827 Regiis)
826 1787 955 1827 [jane.—

285 1838 469 1874 Indomdo,
489 1835 658 1882 ἀδαμάσ-τῳ
672 1861 680 1876 ,
704 1834 955 1869 ardentissimo.

284 1892 470 1924 Indomltus
484 1902 591 1928 amor,
611 1889 646 1923 Il
667 1888 769 1922 Trist.
789 1887 850 1922 585
867 1901 875 1928 ;
893 1891 954 1921 1‘11-

283 1944 415 1976 damitoe
429 1944 486 1974 irae
496 1968 503 1981 ,
519 1953 621 1985 supra
637 1940 683 1982 V,
703 1941 955 1982 41.—Relrac—

284 1999 353 2033 tal,
375 1993 499 2039 repetit
513 2005 631 2027 secum
642 2018 651 2036 ,
671 1999 709 2026 ut
725 1991 791 2034 IV,
809 1991 881 2037 558.

328 2046 402 2091 371.
440 2047 518 2079 Vult
546 2051 680 2079 tentare.
713 2043 892 2078 Mediceus
919 2049 954 2077 et

286 2096 369 2131 alius
378 2099 452 2131 vult
458 2104 592 2140 captare
600 2108 610 2138 ‚·
624 2096 732 2130 nostri
747 2096 847 2140 Regii
857 2102 953 2138 temp-

283 2156 374 2188 tare,
396 2148 486 2193 quod
504 2155 596 2182 certe
612 2155 772 2193 corrupte
795 2159 857 2193 pro
879 2154 954 2181 ten-

283 2208 356 2234 tare
370 2199 467 2234 fluxit
485 2213 493 2234 ι
510 2199 602 2234 sicin
615 2199 834 2244 Quintiliano
846 2224 855 2240 ,
868 2198 952 2232 Inst.

286 2252 385 2288 Orat.
403 2253 477 2295 IV,
497 2263 529 2294 1,
553 2251 594 2285 58
608 2277 617 2295 ,
650 2257 776 2285 nostrae
793 2249 952 2284 editionis

284 2312 368 2339 tom.
385 2304 439 2347 ΙΙ,
455 2317 529 2349 pag.
541 2305 579 2347 41
595 2330 603 2346 ,
619 2302 738 2337 Codex
755 2302 952 2336 Turicensis

282 2356 387 2390 habet
401 2359 560 2399 temptari,
573 2367 636 2400 pro
649 2357 776 2389 tentari
786 2354 879 2399 quod
895 2353 953 2388 dat

283 2408 388 2443 editio
407 2407 576 2452 Campani
589 2420 596 2447 ;
611 2406 713 2452 vulgo
726 2406 953 2454 temperart'le-

285 2461 386 2507 gitur.
400 2462 465 2494 Ed.
476 2478 519 2484 -—
533 2461 583 2493 Et
594 2460 773 2503 quodagat
784 2485 793 2499 ‚
819 2471 884 2493 non
897 2461 952 2491 1'r1-

283 2515 388 2552 venit,
413 2523 477 2557 pro
499 2512 582 2555 quid
594 2518 678 2554 agat
692 2537 700 2551 ,
729 2523 770 2544 ex
794 2509 950 2544 Juniano

282 2564 378 2598 dedit
397 2564 625 2598 Heinsius.-
644 2562 764 2596 Codex
776 2562 905 2608 Regius
921 2562 950 2596 B

281 2616 385 2650 habet
401 2617 483 2660 quid
493 2621 598 2658 agat5
617 2613 738 2648 Codex
751 2614 780 2648 Α
792 2626 875 2648 vero
888 2613 952 2647 ha-

278 2669 338 2703 bet
348 2668 596 2713 compendium
615 2681 684 2713 quo
699 2668 735 2701 in
752 2666 848 2701 MSS
866 2667 957 2711 quod

278 2730 314 2756 et
330 2720 670 2767 quitlsignisicantur,
684 2733 730 2754 un
738 2720 780 2755 de
798 2720 863 2754 hoc
878 2716 952 2755 loco

1024 1266 1155 1300 incerta
1171 1266 1214 1300 sit
1232 1266 1353 1307 lectio;
1372 1272 1525 1300 attamen
1542 1266 1633 1310 quod
1642 1277 1693 1299 re-

1022 1317 1088 1362 cipi
1108 1317 1231 1361 debet,
1253 1331 1359 1363 quum
1386 1317 1458 1363 jam
1485 1316 1560 1351 Art.
1579 1317 1694 1351 Amat.

1024 1369 1080 1412 ΙΙ,
1103 1382 1164 1415 707
1178 1395 1187 1413 ,
1212 1370 1377 1415 scriptum
1398 1369 1504 1403 suerit
1527 1370 1698 1403 Inveniat

1022 1423 1135 1464 dffti,
1160 1423 1251 1465 quod
1260 1427 1372 1465 agant.
1389 1419 1454 1455 Ed.

1065 1473 1139 1517 373.
1158 1473 1282 1507 Saucia
1303 1475 1395 1507 trabs
1409 1475 1536 1516 ingens.
1555 1470 1694 1506 Simili-

1021 1523 1180 1557 tudinem
1197 1537 1389 1570 expressam
1405 1537 1476 1559 esse
1494 1537 1511 1558 e
1525 1523 1671 1569 Virgilio
1683 1549 1692 1566 ‚

1021 1575 1161 1609 AEneid.
1176 1575 1211 1610 ΙΙ
1221 1602 1230 1618 ,
1246 1575 1311 1609 626
1323 1601 1332 1619 ‚
1350 1583 1448 1620 putat
1458 1576 1694 1610 Burmannus.

1023 1628 1076 1664 Cf.
1093 1642 1195 1674 supra
1209 1630 1322 1672 VIII,
1338 1632 1398 1675 472
1414 1656 1423 1673 ‚
1439 1630 1498 1664 ubi
1514 1629 1693 1678 fluctuatio

1021 1681 1126 1714 animi
1153 1681 1216 1715 alia
1234 1707 1243 1724 ,
1274 1680 1465 1726 eademque
1496 1680 1691 1716 suavissima

1020 1733 1168 1778 imagine
1194 1732 1406 1768 illustratur:
1422 1735 1533 1772 trabs,
1559 1733 1663 1767 arbor
1682 1746 1690 1774 3

1021 1785 1162 1828 Statius,
1176 1785 1229 1819 VI
1239 1812 1247 1828 ,
1258 1799 1295 1832 9¹
1311 1812 1320 1828 ,
1332 1788 1436 1819 ilt‘ccw
1450 1787 1576 1824 trabes,
1590 1784 1691 1819 ilices.

1019 1855 1063 1862 -·-
1084 1839 1238 1871 Timetar.
1259 1837 1362 1871 Unus
1379 1837 1511 1871 Moreti
1527 1839 1689 1877 minatur,

1020 1887 1111 1933 quod
1125 1887 1222 1923 valde
1235 1888 1344 1934 placet
1356 1887 1690 1922 Burmanno.—Re-

1020 1939 1063 1983 gii
1077 1940 1186 1974 nostri
1203 1943 1344 1974 timetur.
1358 1959 1402 1965 —
1423 1941 1524 1974 Vario
1534 1942 1666 1974 valam
1676 1966 1684 1979 ‚

1018 1991 1113 2024 vario
1131 1992 1255 2025 affectu
1279 1997 1313 2024 et
1331 1998 1440 2026 motu.
1458 1992 1555 2026 Bene
1573 1997 1690 2025 autem

1019 2050 1134 2077 motus
1149 2042 1223 2076 illos
1245 2050 1343 2077 vocat
1367 2043 1531 2087 vulnera,
1556 2043 1635 2088 quia
1652 2043 1688 2077 in

1017 2092 1240 2128 similitudine
1265 2093 1356 2128 trabs
1379 2098 1553 2129 sauciatur
1565 2094 1688 2139 p'lagtsst.

1019 2147 1134 2181 Etiam
1157 2147 1344 2191 labefaclus
1363 2147 1410 2182 sic
1427 2144 1515 2182 bene
1534 2147 1686 2182 transla-

1017 2197 1149 2232 tum-ad
1168 2198 1336 2232 animum.
1356 2218 1399 2224 —
1421 2200 1536 2239 leuis,
1564 2211 1688 2244 parum

1015 2248 1077 2283 sibi
1094 2256 1270 2293 constans,
1287 2255 1384 2284 natat
1400 2252 1465 2284 huc
1476 2258 1575 2295 alque
1589 2253 1684 2291 illuc,

1016 2315 1096 2336 mox
1111 2302 1219 2336 furori
1234 2315 1296 2336 suo
1306 2302 1463 2348 indulget
1475 2328 1484 2345 ,
1503 2315 1581 2336 mox
1596 2314 1687 2336 sanae

1015 2353 1142 2387 rationi
1156 2354 1396 2398 obtemperare
1414 2353 1485 2387 vult
1503 2366 1511 2387 :
1530 2354 1636 2396 Quum
1652 2355 1687 2386 in

1015 2410 1114 2442 dubio
1123 2415 1176 2442 est
1183 2411 1312 2442 animus
1323 2434 1332 2451 ,
1340 2420 1444 2451 parvo
1453 2413 1612 2441 mamenlo
1624 2408 1688 2441 huc

1014 2463 1095 2495 illuc
1110 2462 1296 2504 impellitur.
1307 2478 1350 2485 —-
1362 2460 1533 2494 Momenta
1545 2487 1551 2493 .
1563 2487 1570 2493 .
1580 2485 1587 2492 .
1599 2466 1686 2494 utro-

1015 2525 1085 2557 que.
1098 2512 1262 2557 Quatuor
1277 2511 1588 2557 atrl‘rnque.--Regii
1604 2524 1687 2546 nos·

1015 2564 1059 2597 tri
1071 2564 1488 2608 utroque.-Momentaque
1495 2566 1597 2597 sumi!
1603 2571 1685 2597 utro-

1015 2628 1084 2660 que.
1098 2616 1199 2650 Nunc
1215 2615 1250 2648 in
1268 2614 1355 2648 hanc
1371 2621 1504 2659 partem
1521 2615 1681 2658 inclinat,

1015 2667 1154 2702 nuncin
1164 2667 1256 2701 illam
1267 2693 1275 2709 ,
1285 2666 1379 2700 librae
1392 2667 1498 2701 instar
1509 2667 1662 2712 ancipitis
1671 2693 1681 2710 ,

1015 2719 1108 2754 unde
1124 2719 1225 2754 ducta
1242 2717 1442 2764 metaphora
1455 2718 1582 2758 Tibulli
1591 2745 1601 2763 ,
1615 2718 1680 2762 IV,
