1820 3106
286 279 377 326 566
657 281 1352 332 METAMORPHOSEON

286 374 531 424 Undecima
557 375 786 443 Orpheam
807 376 961 440 lugere
984 377 1209 428 volumina
1230 392 1416 431 mortem

351 447 630 497 Instituunt:
654 449 826 498 asinum
846 449 977 513 fingit
999 449 1166 516 Apollo
1190 451 1383 511 Midam,

283 515 401 567 Ilion
424 531 468 567 et
489 519 654 568 condit.
677 518 907 569 Telamoni
932 520 1122 570 traditur
1143 540 1257 570 uxor

354 590 552 640 Hesiona
566 629 577 650 ,
603 590 794 640 AEacidae
814 592 887 640 vix
910 604 1115 659 superata
1137 593 1307 642 Thetis.

283 661 412 712 Tunc
435 661 491 710 ad
515 663 700 729 Ceycem
724 663 995 712 convertitur
1019 664 1383 731 Halcyonemque

350 733 537 782 Carmen
552 772 564 791 ,
588 735 637 783 et
657 734 712 783 ad
734 735 944 802 Morphei
966 736 1136 785 somnia
1157 755 1259 785 vera
1277 737 1422 792 nimis.

284 802 357 852 Illi
379 823 484 852 mox
507 804 612 865 alis,
634 805 756 854 velut
778 806 964 855 AEsacus
981 844 993 863 ‚
1015 825 1113 855 aera
1136 806 1341 874 pulsant,

351 875 616 935 Priamides,
640 896 767 926 verso
791 897 976 945 corpore
1000 877 1142 927 factus
1170 878 1274 927 avis.

286 1006 446 1067 Troia,
472 1007 549 1074 qui
574 1007 787 1074 sequitur,
810 1007 927 1057 bella
948 1008 1152 1068 exhibet,
1179 1009 1502 1077 Iphianassam,

350 1079 411 1126 Et
437 1079 760 1128 Centaurorum
781 1078 931 1147 praelia
954 1099 1064 1129 saeva
1086 1080 1224 1140 liber,

288 1150 485 1217 Cycnum
501 1188 515 1209 ,
538 1170 587 1200 ac
610 1151 757 1210 Nelei,
783 1152 994 1200 mutantis
1015 1152 1063 1200 in
1089 1153 1238 1201 omnia
1260 1153 1394 1211 mire,

351 1223 457 1271 Fata
479 1222 796 1290 Periclymeni;
821 1242 927 1271 mox
950 1234 1053 1282 tua,
1077 1236 1179 1272 nate
1203 1225 1326 1283 Dea,

288 1293 462 1342 Funera
477 1331 488 1351 ,
517 1294 717 1360 nolentes
743 1312 873 1361 quem
896 1293 1054 1342 Peleus
1078 1294 1276 1360 almaque
1299 1306 1438 1343 mater

353 1365 591 1414 Armarant
605 1403 617 1424 ,
642 1378 799 1415 notum
821 1384 1002 1414 munere
1025 1365 1268 1414 Lartiadae:

286 1437 401 1486 Nam
424 1438 548 1486 Paris
571 1439 756 1501 ignavus
781 1438 938 1486 fortem
958 1438 1179 1504 percussit
1199 1436 1445 1496 Achillem,

353 1510 627 1559 Obvertente
652 1511 752 1576 ipso
775 1509 945 1576 spicula
967 1520 1083 1557 certa
1106 1510 1217 1557 Deo.

293 1637 457 1687 Pelidae
480 1638 715 1688 ambierint
737 1650 789 1688 ut
811 1637 992 1706 Ulysses
1017 1638 1137 1687 mitis
1160 1650 1205 1687 et
1226 1638 1340 1703 Ajax

354 1709 518 1767 Arma,
546 1709 660 1759 liber
684 1710 839 1778 pandit
865 1711 1023 1758 tertius
1049 1729 1073 1758 a
1098 1709 1280 1757 decimo.

290 1782 503 1844 Pergama
527 1782 824 1846 conflagrant3
851 1782 1035 1830 Hecube
1060 1780 1180 1829 canis
1204 1780 1351 1828 induit
1374 1798 1474 1839 ora,

356 1853 541 1901 Aurorae
563 1852 757 1901 volucris
782 1864 941 1915 gnatus
958 1890 970 1910 ,
995 1864 1047 1901 ut
1070 1850 1264 1908 interiit;

290 1925 393 1990 Ipse
416 1924 569 1973 relicto
593 1923 711 1972 Anio
735 1923 897 1973 Scillan
919 1923 1037 1987 fugit
1059 1934 1192 1989 atque
1217 1921 1476 1988 Charybdin

358 1997 549 2054 AEneas3
577 1996 778 2062 sequitur
800 2014 912 2062 quos
936 1994 1237 2062 Polyphemus
1261 2012 1440 2051 amans,

297 2066 450 2116 Acidis
476 2068 719 2116 exstinctor
744 2067 909 2125 teneri,
936 2066 1167 2132 dictusque
1191 2085 1274 2132 per
1297 2065 1457 2114 herbas

358 2138 560 2186 Piscator
581 2138 729 2204 pelagi
753 2137 947 2186 Glaucus
972 2137 1115 2187 adisse
1135 2138 1268 2185 Deos.
1298 2186 1301 2189 ,

296 2269 433 2318 Simia
452 2270 539 2335 jam
566 2270 761 2336 Cercops
784 2269 926 2317 factus
947 2268 1198 2335 legiturque
1221 2267 1389 2335 Sibylla
1403 2305 1416 2325 ,

361 2343 504 2407 Inque
527 2341 618 2388 sera
638 2341 734 2406 ripa
758 2338 879 2387 solus
900 2339 1230 2387 Achaemenides
1245 2376 1258 2396 ,

302 2411 489 2479 Cyclopi
512 2411 698 2478 elapsus.
723 2410 995 2473 Laestrigona
1017 2410 1186 2458 viderat
1208 2409 1344 2468 alter,

363 2485 472 2532 Mox
497 2484 668 2532 Circen.
687 2482 783 2530 Pici
808 2494 901 2530 tum
926 2482 1047 2531 subit
1067 2481 1254 2530 historia
1269 2519 1281 2539 ,

296 2557 358 2605 Et
380 2555 611 2604 Diomedei
634 2553 819 2603 numeri.
848 2553 1107 2620 Cythereius
1130 2553 1262 2601 heros

364 2627 478 2674 Cum
501 2626 673 2675 ratibus
698 2625 830 2673 vertit
851 2645 861 2673 ε
882 2624 976 2673 calx
999 2624 1135 2672 habet
1156 2623 1291 2690 Iphin
1306 2660 1318 2680 ,
1343 2620 1479 2670 habet

297 2699 387 2755 Te,
416 2699 679 2756 Vertumne3
706 2697 846 2745 Deam
867 2696 1062 2762 junctam
1087 2694 1199 2752 tibi3
1226 2693 1415 2761 denique
1435 2710 1613 2757 regem,

366 2768 529 2834 Cujus,
553 2769 647 2830 avi,
674 2768 791 2836 cepit
815 2766 1036 2818 Romulus
1058 2765 1305 2834 imperium.

1669 676 1715 716 85

1665 1105 1712 1144 90
1790 1120 1806 1129 x

1663 1873 1674 1897 I
1682 1872 1724 1895 00

1662 2281 1724 2316 105

1660 2645 1722 2668 110
