1820 3106
330 188 1053 250 'META‘MORP-HOSEON
1083 207 1210 253 LIB.
1250 210 1344 255 lx.

1460 227 1541 274 129

129 314 154 337 »
178 294 239 343 Et
259 293 406 354 crebri
416 295 648 363 *amplexus
662 334 674 353 ,
697 308 742 346 et
766 297 884 364 quae,
910 299 1078 349 si'forte
1100 303 1286 360 notasti,

129 391 153 414 u
181 371 346 420 Oscula
367 372 520 421 sentiri
540 392 636 421 non
657 392 751 422 esse
774 376 943 425 sororia
968 390 1178 443 possent:

127 469 152 490 ²»
178 449 280 516 Ipsa
301 460 467 508 tamen,
493 451 689 516 quamvis
714 452 859 500 animo
879 472 1006 515 grave
1030 454 1190 505 vulnus
1212 456 1429 507 habebam
1443 497 1456 520 ,

126 546 151 568 »
176 525 388 589 Quamvis
409 526 530 576 intus
555 540 646 576 erat
667 528 793 577 furor
811 530 992 592 igneus,
1019 534 1163 583 omnia
1187 534 1292 592 feci,

1476 552 1541 598 540

126 624 150 646 ι)
175 602 290 652 Sunt
300 603 417 653 ‘mihi
442 604 503 653 Di
516 617 655 655 atestes
671 643 682 664 ,
708 618 760 655 ut
783 608 957 657 tandem
980 610 1128 660 sanior
1152 631 1314 662 essem:
1335 637 1342 644 »

124 703 148 724 »
174 681 461 749 Pugnavique
485 682 562 731 diu
582 683 774 733 violenta
799 686 1034 753 Cupidinis
1057 707 1174 738 arma

120 780 146 802 »
171 757 379 822 Effiigere
402 759 582 819 infelix;
609 773 652 809 et
673 762 800 828 plus,
827 783 958 830 quam
980 765 1092 815 ferre
1115 766 1308 833 puellam

121 857 145 878 ι)
169 835 308 885 Posse
329 849 481 903 putes,
510 857 591 901 ego
616 839 725 888 dura
746 839 827 888 tuli
848 862 857 888 ε
880 855 1083 908 superata
1105 843 1231 893 fateri

117 935 142 959 »
171 915 347 979 Cogor,
373 935 591 983 opemque
613 930 732 967 tuam
756 919 922 968 timidis
943 940 1177 988 exposcere
1202 923 1330 971 votis.

1476 939 1541 984 54⁵

119 1013 144 1035 »
167 993 238 1041 Tu
263 1012 432 1042 servare
453 1006 603 1061 potes,
631 1007 679 1044 tu
701 996 883 1062 perdere
903 996 1027 1047 solus
1048 1011 1278 1048 amantem.

115 1091 142 1113 »
166 1070 294 1134 Elige
308 1109 320 1129 ,
343 1084 493 1120 utrum
517 1072 646 1121 facias
665 1092 675 1121 ε
695 1092 787 1121 non
807 1075 893 1122 hoc
917 1075 1094 1124 inimica
1116 1089 1345 1142 precatur:

116 1169 141 1191 »
176 1148 266 1197 Sed
287 1169 409 1216 quae,
435 1170 571 1217 quum
598 1150 679 1199 tibi
703 1152 761 1199 sit
781 1151 1078 1218 junctissima,
1101 1154 1296 1218 junctior
1319 1173 1413 1203 esse

119 1249 144 1271 »
173 1227 382 1294 Expetit,
407 1239 451 1277 et
474 1227 617 1276 Vinclo
642 1240 783 1277 tecum
805 1230 1016 1296 propiore
1037 1230 1177 1293 ligari.

114 1326 139 1348 »
164 1306 275 1354 Jura
297 1324 422 1354 senes
445 1306 622 1368 norint3
645 1318 688 1355 et
712 1307 821 1373 quid
850 1306 1091 1374 liceatque,
1117 1308 1351 1375 nefasque,

1474 1324 1539 1357 550

114 1403 139 1426 »
163 1383 334 1449 Fasque
359 1382 438 1441 sit,
462 1382 713 1448 inquirant,
739 1382 974 1451 legumque
999 1386 1195 1434 examina
1217 1397 1416 1435 servent:

106 1509 159 1547 sio
173 1509 327 1556 placebat
342 1522 350 1544 :
364 1509 425 1545 sed
442 1515 533 1544 mota
544 1522 618 1545 non
636 1523 789 1546 moven-
855 1513 978 1558 quibus
991 1525 1099 1550 nemo
1115 1513 1273 1549 resistere
1291 1515 1538 1559 potest.-—Ha-

106 1563 195 1598 dum
211 1575 220 1599 ε
238 1563 286 1598 ita
298 1569 390 1598 mota
403 1567 457 1598 ira
468 1591 477 1604 ,
495 1564 638 1600 excitata
648 1591 658 1609 ,
673 1565 785 1609 VIII,

106 1616 195 1658 3553
220 1623 257 1652 et
279 1616 402 1662 saepius
411 1641 422 1659 ‚
447 1620 532 1651 moti
548 1618 678 1651 dolores
687 1643 696 1658 ,
725 1618 762 1652 Π
774 1643 785 1660 ,

106 1669 192 1715 778;
211 1675 302 1705 mota
317 1671 474 1709 insania,
496 1668 574 1713 III,
595 1669 786 1705 536.—Nec

104 1732 211 1755 causa
218 1723 370 1766 patenti,
395 1733 505 1766 quum
522 1721 623 1756 tacita
638 1721 780 1763 sedens,

103 1778 165 1807 aut
179 1771 273 1807 inter
286 1784 468 1808 sermones
482 1785 557 1808 non
573 1773 687 1809 tristes
701 1787 784 1809 sus-

102 1827 311 1875 pirarexm—
318 1827 452 1861 Soron'a
465 1829 584 1862 oscula
598 1826 704 1861 etiam
722 1840 783 1862 su-

102 1893 165 1926 pra
176 1906 186 1922 ,
208 1879 275 1923 IV,
291 1880 366 1926 334.
383 1878 518 1914 Confer
529 1906 539 1923 ,
559 1880 594 1915 ΙΙ
608 1905 617 1923 ,
634 1880 710 1924 431.

147 1933 222 1981 539.
235 1934 318 1977 Ipsa
326 1940 438 1969 tamen
447 1960 456 1974 ,
474 1937 625 1979 quamve&
635 1941 700 1969 etc.
712 1934 782 1969 Ar-

102 1984 278 2031 gumentis
291 2010 301 2028 ,
328 1984 453 2030 quibus
472 1991 630 2031 poterat,
651 1987 781 2032 gravis-

102 2037 198 2072 simis
223 2037 334 2073 utitur
357 2036 402 2072 ad
435 2037 778 2073 commiserationem

101 2088 296 2124 taciendam
305 2115 316 2132 ,
324 2089 510 2135 fratrisque
525 2090 684 2124 animum
696 2090 779 2126 flec-

102 2138 371 2175 tendum.«Vim
378 2140 465 2175 mihi
474 2141 552 2185 seci,
567 2148 604 2175 ut
615 2141 778 2176 insanum

101 2204 261 2226 amorem
271 2192 535 2238 restinguerem.
549 2193 580 2227 A
593 2200 626 2228 te
639 2206 711 2228 uno
720 2207 778 2229 so-

100 2243 190 2278 roris
213 2243 303 2278 salus
328 2242 458 2288 pendet
476 2269 486 2286 ,
513 2256 589 2288 quae
615 2250 648 2278 te
674 2245 776 2280 unice

101 2301 204 2330 amat.
215 2293 324 2340 Quod
334 2301 416 2340 peto
426 2294 518 2329 haud
528 2294 777 2332 inconveniens

99 2353 152 2382 est
167 2347 268 2382 annis
281 2346 406 2382 nostris
417 2373 426 2390 ‚
439 2353 474 2381 et
483 2346 569 2381 clam
582 2348 698 2393 peragi
715 2361 777 2393 po-

38 2420 41 2423 <
101 2405 178 2434 test.
189 2399 360 2435 Miserere
370 2413 454 2446 ergo
466 2400 546 2434 mei.
559 2415 576 2430 ιι
589 2399 658 2434 Sed
676 2400 753 2436 vide
765 2428 775 2446 ,

101 2463 208 2496 quam
233 2451 383 2498 graviter
407 2451 541 2497 singula
570 2458 604 2485 et
630 2459 707 2497 apte
733 2452 776 2486 ad

99 2503 238 2538 veniam
265 2503 522 2550 impetrandam
549 2504 775 2539 exornaverit.

101 2555 220 2591 Veluti
236 2557 279 2592 ab
296 2557 395 2591 initio
412 2569 569 2591 amorem
589 2569 690 2591 suum
710 2567 773 2590 vo-

97 2615 154 2645 cat
165 2622 266 2654 grave
285 2612 405 2644 vulnus
419 2617 453 2644 et
460 2609 609 2652 sutorem
625 2613 753 2653 tgmeum
763 2635 772 2649 ‚

98 2673 172 2695 non
189 2674 207 2695 a
220 2674 256 2695 se
274 2661 343 2706 ipsa
360 2661 544 2696 excitatum
559 2688 568 2705 ,
592 2661 651 2696 sed
674 2663 776 2705 Cupi-

76 2734 79 2738 s
96 2715 190 2748 dinis
205 2714 310 2748 armis
328 2739 338 2756 ,
362 2712 398 2747 id
417 2720 490 2757 est,
508 2713 582 2748 telis
600 2715 771 2755 violentis,

275 2780 368 2826 IV.

852 1568 969 1601 bebam
988 1577 1000 1607 ,⁶
1028 1566 1256 1601 Burmannus
1288 1566 1429 1611 conjicit
1454 1569 1533 1600 ale-

853 1621 945 1659 bam,
962 1631 1175 1664 quamquam
1189 1631 1255 1652 nec
1267 1618 1416 1652 alterum
1430 1618 1533 1652 dam-

851 1678 913 1705 nat
932 1671 1070 1715 :immo
1092 1684 1110 1706 e
1133 1671 1247 1716 phrasi
1270 1673 1391 1705 habere
1412 1675 1533 1706 vulnus

851 1717 1091 1768 explieandam
1110 1730 1233 1757 monet
1254 1723 1441 1757 formulam
1461 1726 1533 1758 ha·—

849 1774 924 1810 bet!
935 1777 1080 1810 —Deos
1094 1775 1183 1821 ipsos
1195 1782 1353 1819 testatur,
1371 1789 1406 1810 se
1419 1780 1532 1810 omnia

849 1827 966 1862 secisse
978 1853 988 1871 ‚
1007 1834 1043 1861 et
1058 1830 1117 1862 diu
1127 1841 1314 1871 pugnasse,
1332 1835 1371 1862 ut
1387 1828 1531 1863 tandem

847 1880 965 1915 sanior·
978 1887 1086 1923 esset,
1104 1893 1211 1926 seque
1227 1880 1315 1916 adeo
1330 1883 1450 1916 duram
1467 1885 1480 1926 (
1495 1883 1532 1917 id

846 1939 899 1967 est
916 1958 926 1975 ,
947 1932 1158 1967 confirmato
1175 1933 1294 1967 animo
1310 1940 1346 1968 et
1362 1933 1528 1980 sortiter)

838 1988 918 2029 plus
933 1984 1049 2030 tulisse
1061 2010 1070 2027 ,
1090 1997 1195 2029 quam
1205 1987 1328 2028 puello.-
1344 1985 1528 2020 infirmio-

843 2049 918 2070 rem
927 2042 1065 2071 aetatem
1073 2043 1107 2071 et
1114 2049 1234 2071 sexum
1243 2038 1334 2071 serre
1344 2045 1456 2082 putes,
1464 2038 1526 2073 sed

842 2101 877 2122 se
896 2095 973 2133 post
993 2087 1083 2122 hanc
1106 2094 1240 2122 tantam
1265 2095 1301 2122 et
1320 2087 1526 2123 diuturnam

843 2153 998 2186 pugnam
1016 2139 1157 2178 tandem
1174 2147 1364 2184 superatam
1381 2154 1463 2175 esse.

886 2193 959 2239 549.
989 2193 1147 2236 Propiore
1173 2195 1295 2236 ligata}
1332 2193 1522 2227 Vossianus

835 2247 987 2288 propiore
1001 2247 1129 2279 teneri:
1144 2243 1210 2279 hoc
1225 2245 1371 2279 verbum
1387 2258 1470 2279 sane
1489 2252 1524 2280 et

841 2297 884 2331 de
903 2298 1040 2333 vinculo
1053 2304 1088 2332 et
1104 2297 1147 2333 de
1159 2298 1355 2333 amantibus
1372 2298 1518 2340 dicitur;

840 2348 901 2384 sed
918 2350 1085 2395 quoniam
1105 2357 1212 2384 tecum
1236 2349 1375 2384 additur
1388 2376 1397 2393 ,
1419 2353 1526 2395 lzgrari

840 2412 963 2436 verum
980 2409 1042 2436 est.
1052 2421 1096 2427 —
1108 2402 1209 2447 Regii
1223 2401 1332 2435 nostri
1348 2401 1438 2435 bene
1454 2401 1520 2436 ha-

839 2453 924 2488 bent
939 2457 1048 2499 ligari.

884 2507 959 2539 550.
986 2507 1108 2540 Liceat
1125 2517 1187 2550 per
1209 2504 1319 2550 leges,
1342 2504 1440 2548 nefas
1455 2518 1519 2550 per

839 2564 1022 2592 naturam:
1037 2556 1110 2591 Cic.
1124 2568 1188 2601 pro
1199 2556 1276 2590 Mil.
1290 2556 1329 2591 16
1341 2582 1350 2600 ,
1361 2559 1521 2602 quodaut

833 2621 895 2652 per
909 2615 1062 2642 naturam
1068 2607 1138 2651 sas
1153 2614 1258 2648 esset,
1282 2613 1343 2642 aut
1352 2621 1416 2653 per
1427 2610 1518 2653 leges

836 2663 957 2694 liceret
973 2678 1017 2685 -
1028 2661 1200 2693 Examina
1214 2667 1342 2694 seruent
1351 2685 1360 2701 ,
1378 2660 1516 2694 exami—

839 2719 925 2747 nent
939 2739 948 2758 ,
966 2719 1122 2758 perstent
1137 2713 1332 2748 examinare
1348 2713 1439 2760 leges
1451 2740 1460 2757 ‚
1476 2720 1514 2748 ut

1258 2799 1286 2841 9
