1820 3106
314 199 405 256 446

698 202 750 246 Ρ.
791 203 1028 249 OVIDII
1055 203 1360 250 NASONIS

312 296 450 344 Fatur
473 295 804 345 Achaemenides
824 317 834 344 :
863 319 884 339 «
911 298 1077 346 Iterum
1100 298 1433 366 Polyphemon,
1458 311 1504 349 et
1523 299 1624 350 illos

312 372 569 438 Adspiciam
593 371 753 420 fluidos
772 372 968 421 humano
995 375 1207 437 sanguine
1229 375 1393 433 rictus3

312 451 410 499 Hac
433 450 542 498 mihi
566 450 602 499 si
628 452 779 518 potior
802 452 958 500 domus
982 465 1049 501 est
1069 453 1306 520 Ithaceque
1330 454 1504 504 carina:

315 527 361 575 Si
385 527 532 576 minus
556 530 728 577 AEnean
752 548 935 578 veneror
959 530 1182 593 genitore,
1205 550 1285 579 nec
1305 551 1500 599 unquam

1684 558 1745 594 170

310 606 420 652 Esse
445 606 551 654 satis
571 619 726 672 potero
742 644 754 664 ‚
779 619 980 672 praestem
1003 606 1107 656 licet
1126 609 1272 657 omnia
1287 645 1299 666 ‚
1324 621 1488 672 gratus.

313 681 454 745 Quod
480 681 668 748 loquor‚'
695 694 739 731 et
761 683 882 749 spiro
897 720 908 741 ‚
935 682 1176 750 caelumque
1191 722 1203 743 ‚
1230 697 1274 733 et
1297 684 1463 733 lumina
1487 684 1594 735 solis

309 758 524 825 Adspicio
546 761 801 826 (possimne
823 761 1021 823 ingratus
1036 798 1047 819 ,
1074 773 1119 810 et
1138 762 1370 811 immemor
1389 781 1482 812 esse
1498 764 1554 827 ?)

309 834 389 884 Ille
415 836 538 885 dedit
558 858 567 885 :
592 838 712 904 quod
735 857 829 886 non
847 838 990 886 anima
1012 839 1103 888 haec
1129 839 1336 906 Cyclopis
1357 840 1405 889 in
1428 859 1504 889 ora

310 913 469 971 Venit;
497 926 540 962 et
568 926 619 963 ut
640 914 788 963 lumen
809 915 898 980 jam
922 935 1040 963 nunc
1063 915 1194 964 vitale
1220 915 1466 982 relinquam
1482 953 1495 974 ‚

1682 931 1742 978 ¹75

310 990 406 1038 Aut
429 990 600 1039 tumulo
614 1029 626 1049 ‚
653 1004 731 1040 aut
755 1003 871 1040 certe
894 1012 986 1040 non
1007 992 1084 1040 illa
1107 992 1272 1041 condar
1294 993 1341 1041 in
1364 992 1476 1042 alvo.

311 1066 436 1130 Quid
459 1068 569 1115 mihi
596 1080 702 1117 tunc
724 1069 861 1117 animi
884 1069 1006 1132 (nisi
1030 1069 1067 1118 si
1088 1070 1222 1118 timor
1245 1069 1432 1118 abstulit
1451 1088 1627 1119 omnem

313 1147 501 1196 Sensum
524 1147 806 1214 animumque
820 1149 864 1209 ‚)
888 1147 998 1205 fuit,
1027 1167 1163 1214 quum
1185 1167 1263 1196 vos
1288 1160 1436 1214 petere
1459 1147 1545 1196 alta
1561 1147 1741 1197 relictus

311 1225 511 1290 AEquora
534 1225 781 1291 prospexi?
805 1224 927 1273 volui
950 1224 1214 1283 inclamare3
1241 1226 1317 1273 sed
1342 1226 1465 1274 hosti

307 1302 501 1352 Prodere
524 1323 593 1352 me
619 1304 748 1353 timui
771 1323 780 1351 :
802 1316 952 1353 vestrae
983 1323 1163 1370 quoque
1186 1303 1352 1353 clamor
1373 1303 1514 1353 Ulixis

352 1414 423 1459 157.
449 1416 554 1448 Fatar
567 1414 832 1448 Achoemem'des.
855 1414 989 1459 Sequi-

304 1472 363 1500 tur
380 1465 491 1498 oratio
504 1465 612 1499 animi
626 1465 888 1499 commotissimi
900 1491 908 1507 ‚
924 1478 988 1499 nec

302 1517 376 1551 sine
398 1516 546 1550 horrore
576 1516 830 1550 reminiscentis
851 1516 988 1560 gravis-

303 1569 382 1603 simi
406 1568 572 1613 periculi,
600 1581 640 1602 ex
663 1580 732 1613 quo
753 1568 987 1613 inexspectato

302 1629 458 1656 servatus
475 1628 535 1655 est.
555 1620 671 1655 Etiam
688 1620 798 1666 gravis
813 1620 869 1655 illa
884 1621 985 1654 obte-

301 1673 403 1708 statio
415 1699 424 1716 ,
451 1676 567 1706 iterum
583 1675 807 1718 Polyphemon
824 1679 887 1707 etc.
904 1685 985 1717 per-

305 1739 412 1772 quam
439 1726 698 1761 accommodata
728 1726 986 1761 Achaemenidis

302 1778 586 1812 sorti.—Flu1'dos
596 1781 776 1822 sanguine,
794 1777 889 1812 unde
902 1777 986 1812 ssue-

304 1830 363 1865 bat
381 1831 541 1875 sanguis;
564 1825 669 1864 etiam
686 1830 784 1875 Virg.
804 1829 888 1872 626,
913 1835 987 1864 atro

304 1886 449 1917 membra
446 1884 594 1927 fluentia
605 1884 820 1916 laba—Hac
831 1884 985 1916 mihietc.

303 1946 445 1967 versum
455 1933 502 1967 sic
514 1940 607 1967 recte
624 1933 790 1967 Heinsius
802 1946 820 1967 e
834 1934 984 1978 Nauger.

301 1992 338 2019 et
363 1985 519 2019 Gronov.
546 1985 696 2019 restituit
715 2012 724 2029 ‚
753 1999 863 2030 quum
883 1993 984 2020 antea

302 2037 478 2080 legeretur
493 2063 502 2079 ,
531 2038 613 2070 Hoec
632 2038 721 2070 miln'
735 2040 775 2070 nl
784 2039 898 2080 potior
918 2043 983 2070 etc.

302 2087 397 2122 idem
421 2088 588 2121 Heinsius
610 2088 733 2122 suadet
753 2088 858 2121 etiam
879 2090 984 2121 Itha—

302 2152 372 2174 cea.
385 2159 427 2165 —
440 2140 570 2185 Regius
587 2140 696 2174 codex
713 2140 816 2173 habet
836 2140 983 2184 priscam

303 2193 511 2238 scripturam
525 2206 533 2233 3
554 2192 662 2227 codex
677 2193 707 2226 B
725 2199 843 2225 autem
859 2205 985 2226 recen·

301 2247 441 2287 tiorem,
451 2245 586 2279 etbona
597 2252 648 2279 est
659 2259 666 2286 ;
677 2245 783 2279 altera
795 2244 891 2277 enim
902 2257 983 2278 cum

304 2312 406 2334 versu
421 2298 583 2344 sequenti
600 2299 688 2332 male
703 2298 877 2332 convenit.
896 2300 961 2332 Ed.

352 2364 424 2397 172.
440 2352 586 2384 Lumina
599 2353 682 2384 solis
695 2362 760 2394 ego
771 2349 805 2382 in
818 2356 983 2384 contextu

302 2401 468 2436 audacter
483 2402 618 2436 restitui
636 2401 744 2436 ductu
759 2401 887 2435 codicis
905 2401 984 2435 Re-

305 2454 350 2500 gii
365 2454 397 2488 A
411 2480 419 2497 ,
438 2467 502 2499 pro
515 2457 628 2488 sidera
641 2457 724 2488 solis
733 2480 742 2494 ,
762 2452 856 2497 quod
868 2453 982 2497 reperi

303 2508 340 2541 in
364 2506 481 2541 codice
504 2507 534 2540 Β
549 2532 558 2549 ,
581 2506 744 2551 quodque
769 2505 857 2539 male
880 2518 983 2540 rece·—

303 2566 428 2604 perant
448 2560 674 2593 Burmannus
693 2565 728 2592 et
749 2557 922 2602 Gierigius
942 2569 982 2593 ex

306 2611 552 2645 emendatione
567 2610 703 2645 Heinsii
715 2612 830 2644 :sidus
840 2609 982 2654 quidem

303 2675 368 2707 pro
381 2663 451 2697 sole
466 2663 517 2697 IX
530 2689 539 2706 ‚
562 2663 624 2696 286
636 2688 645 2705 ‚
664 2662 790 2696 dicitur
802 2688 810 2704 ‚
826 2661 887 2696 sed
897 2674 983 2695 nus-

306 2726 412 2758 quam
441 2713 607 2752 Heinsius
634 2714 715 2758 legit
742 2716 854 2748 sidera
879 2716 979 2755 solis,

1679 1320 1741 1353 180

1053 1415 1118 1449 nisi
1132 1415 1167 1449 in
1184 1414 1363 1449 nonnullis
1378 1413 1553 1449 codicibus
1567 1439 1577 1457 ,
1599 1413 1636 1447 in
1649 1426 1736 1459 quos

1057 1468 1211 1512 irrepere
1228 1480 1268 1500 ea
1285 1466 1387 1500 lectio
1404 1465 1539 1511 potuit,
1568 1478 1608 1500 ex
1631 1466 1739 1500 altera

1053 1530 1127 1551 non
1138 1518 1368 1562 improbanda
1381 1517 1508 1552 codicis
1520 1517 1738 1552 Bononiens.

1051 1573 1231 1613 solemque,
1253 1577 1287 1603 et
1302 1571 1415 1603 sidera
1430 1572 1512 1604 coeli.
1525 1569 1591 1604 Ed.
1606 1588 1651 1595 —-
1666 1570 1738 1604 Pro

1054 1624 1237 1666 Adspicia,
1268 1623 1496 1656 Burmannus
1518 1621 1637 1656 mallet
1654 1622 1737 1655 Sus-

1046 1677 1155 1718 picio,
1178 1674 1205 1708 si
1221 1673 1300 1707 libri
1318 1672 1545 1712 addicerent;
1570 1673 1737 1708 Heinsius
1760 1714 1768 1726 x

1051 1741 1070 1762 e
1093 1727 1298 1762 Florentino
1313 1753 1322 1769 ,
1353 1725 1499 1771 Neapol.
1523 1726 1736 1771 Bernegger.

1051 1787 1087 1814 et
1108 1780 1180 1814 aliis
1194 1806 1204 1823 ,
1225 1783 1365 1824 respicio
1384 1778 1492 1814 dedit.
1506 1778 1664 1824 —Regii
1674 1792 1737 1814 co-

1051 1831 1143 1866 dices
1153 1858 1162 1876 ,
1174 1833 1327 1875 adspicio
1338 1844 1350 1875 ‚-
1361 1833 1512 1874 suspicio
1525 1843 1599 1876 11011
1610 1831 1734 1875 placet,

1050 1891 1195 1929 propter
1213 1883 1323 1918 literae
1344 1895 1363 1917 s
1380 1882 1528 1917 nimiam
1555 1882 1737 1928 repetitio—

1049 1948 1147 1970 nem.
1166 1937 1232 1970 Ed.
1245 1935 1424 1969 —Anima
1435 1947 1499 1980 pro
1514 1946 1660 1980 corpore
1677 1941 1737 1969 aut

1052 1986 1199 2020 homine
1224 1985 1404 2020 interdum
1420 1985 1573 2031 ponitur.

1104 2041 1175 2083 175.
1202 2038 1252 2071 Et
1275 2045 1315 2072 u!
1335 2041 1443 2071 lumen
1470 2045 1534 2072 etc.
1557 2044 1591 2072 et
1616 2036 1731 2082 quod,

1050 2089 1183 2123 etiamsi
1200 2102 1297 2123 nunc
1312 2089 1419 2123 vitam
1439 2089 1635 2134 relinquam
1649 2115 1658 2133 ,
1679 2097 1733 2124 ta-

1049 2153 1133 2175 men
1146 2141 1283 2175 tumulo
1294 2140 1409 2186 aliquo
1421 2140 1566 2184 condar,
1583 2149 1642 2176 aut
1655 2154 1733 2176 cer-

1050 2199 1082 2226 te
1103 2199 1166 2226 etc.
1181 2211 1226 2217 —-
1245 2193 1401 2234 Condat-‚¹
1422 2193 1502 2235 VI,
1520 2193 1596 2228 665.
1614 2193 1732 2227 Hein-

1047 2244 1115 2278 sius
1131 2244 1282 2278 malebat
1297 2246 1392 2277 illam
1406 2246 1536 2279 condar
1548 2248 1584 2278 e'n
1599 2247 1709 2279 alvum
1721 2272 1729 2285 ‚

1047 2296 1129 2341 quia
1153 2296 1231 2330 alibi
1257 2296 1385 2330 Noster
1407 2296 1456 2330 sic
1483 2296 1639 2341 loquitur
1657 2322 1667 2340 ,
1691 2303 1731 2330 ut

1047 2361 1135 2382 vers.
1157 2361 1243 2396 2093
1261 2348 1488 2382 Burmannus
1505 2361 1588 2382 vero
1603 2360 1729 2383 exem·-

1048 2400 1111 2445 plis
1126 2399 1230 2434 docet
1248 2407 1437 2444 utrumque
1453 2407 1546 2434 recte
1565 2399 1643 2434 dici.

1096 2465 1167 2497 177.
1182 2453 1490 2495 Quidam'mt'bona
1506 2460 1540 2486 et
1554 2452 1728 2488 sollemnis

1048 2504 1179 2539 Nostro
1190 2504 1321 2539 locutio
1335 2531 1345 2547 ,
1374 2505 1417 2539 de
1436 2517 1503 2549 qua
1517 2504 1595 2539 vide
1612 2506 1728 2540 Hein-

1047 2558 1137 2592 sium
1151 2558 1193 2592 ad
1210 2559 1227 2592 I
1243 2585 1252 2602 ,
1272 2559 1347 2595 358.
1364 2557 1465 2592 Idem
1482 2565 1575 2592 amat
1589 2562 1662 2593 nisi
1673 2562 1719 2600 si,

1048 2622 1155 2655 quem
1169 2610 1247 2644 vide
1263 2609 1306 2644 acl
1324 2609 1471 2644 Heroid.
1489 2610 1555 2653 IV,
1576 2623 1588 2643 1
1599 2623 1646 2644 11.

1094 2663 1165 2697 180.
1182 2664 1328 2702 Clamor,
1351 2674 1420 2706 quo
1433 2688 1442 2704 ‚
1457 2674 1643 2697 conscensa
1655 2664 1725 2708 jam

1046 2725 1134 2748 nave
1148 2739 1156 2757 ‚
1173 2713 1338 2748 irridebat
1355 2713 1611 2759 Polyphemum
1628 2727 1635 2754 ;
1656 2713 1727 2747 Ho-
