1820 3106
262 232 350 289 246

633 237 683 280 P.
721 237 951 282 OVIDII
984 239 1285 285 NASONIS

262 327 448 375 Dextera
475 326 602 390 Sigaei
614 365 627 386 ‚
649 329 823 377 Rhoetei
846 326 949 378 laeva
969 331 1176 397 profundi

1333 371 1347 393 Ι

260 405 351 452 Ara
374 404 663 471 Panomphaeo
687 418 810 455 vetus
833 419 899 455 est
922 420 1086 456 saerata
1108 410 1313 457 Tonanti.

262 479 369 527 Inde
394 499 514 528 novae
537 482 726 547 primum
748 482 888 532 moliri
910 485 1067 533 moenia
1092 485 1234 550 Trojae

260 556 553 607 Laomedonta
579 560 720 618 videt,
747 573 1032 627 susceptaque
1053 580 1208 624 magna
1231 561 1380 610 labore

1601 587 1663 610 200

261 635 465 684 Crescere
485 636 650 684 difficili
665 674 676 693 ‚
701 654 781 685 nec
804 656 908 704 opes
932 656 1161 704 exposcere
1182 656 1358 704 parvas:

263 712 462 776 Cumque
485 712 765 776 tridentigero
788 714 1161 776 tumidisgenitore
1183 713 1390 780 profundi

260 787 491 838 Mortalem
514 789 710 838 induitur
729 790 939 848 formam3
964 790 1244 856 Phrygioque
1267 802 1450 855 tyranno

257 924 326 953 tum
333 920 459 960 Helles,
469 920 750 965 Hellespontum,
762 921 928 955 cuiTroas

257 968 432 1013 adjacebat
441 996 450 1013 ,
461 971 625 1005 consistit.
632 973 730 1006 Helle
739 971 928 1006 Athaman-

258 1020 300 1054 tis
321 1027 355 1054 et
374 1023 530 1064 Nepheles
549 1022 617 1056 filia
636 1048 645 1063 ,
672 1022 787 1056 Phrixi
805 1035 905 1058 soror
917 1049 926 1066 ,

258 1084 335 1115 quae
345 1071 380 1105 in
391 1079 530 1116 angusto
539 1072 596 1106 illo
605 1072 693 1106 sreto
702 1074 814 1118 periit,
828 1075 928 1120 eique

259 1134 391 1156 nomen
408 1122 523 1164 dedin
543 1124 773 1169 Apollodorus
785 1151 794 1168 ,
811 1125 866 1161 lib.
886 1126 902 1160 I
917 1152 927 1169 ,

259 1186 292 1218 p.
304 1173 366 1220 393
385 1174 598 1220 Palaephatus
612 1202 622 1219 ,
637 1176 690 1211 31.

305 1237 375 1271 ¹97·
393 1227 542 1259 Dextera
552 1228 658 1271 St'gaei.
675 1227 753 1261 Non
771 1227 871 1272 longe
888 1227 929 1261 ab

258 1274 323 1310 llio
338 1276 432 1310 sinus
451 1277 591 1322 quidam
612 1279 828 1324 Hellesponti
852 1280 930 1314 litus

258 1328 469 1363 incurvabat.
481 1330 532 1365 Ibi
541 1332 679 1374 Sigaeum
690 1338 725 1365 et
735 1334 908 1366 Bhaeteum
916 1358 924 1372 ‚

259 1379 329 1413 duo
347 1382 584 1424 promontoria
600 1395 681 1416 cum
698 1382 830 1428 oppidis
849 1396 932 1429 cog-

259 1433 478 1476 nominibus,
499 1446 648 1478 quorum
665 1435 749 1469 illud
768 1435 908 1470 Achillis
921 1461 931 1479 ,

257 1484 325 1519 hoc
345 1486 459 1531 Ajacis
482 1488 639 1532 sepulcro
660 1495 776 1533 postea
798 1488 931 1522 nobili—

259 1544 370 1571 tatum
391 1545 463 1579 est;
482 1539 577 1573 Mela
595 1541 629 1582 Ι,
650 1540 697 1575 18.
716 1539 787 1574 Sed
805 1540 931 1574 Noster

259 1588 334 1622 loco
341 1591 586 1634 promontorii,
595 1590 805 1635 profundum,
818 1604 914 1626 mare
921 1617 930 1634 ,

259 1640 448 1684 appellavit.
459 1660 502 1667 —
511 1643 739 1685 Pmomphaeo.
752 1642 847 1678 Olim
860 1645 932 1677 Pa-

258 1694 391 1735 nophaeo
401 1721 409 1734 ‚
428 1694 521 1738 quod
531 1695 661 1740 Regius
670 1702 762 1730 recte
774 1695 931 1730 correxit.

257 1762 300 1769 --
309 1744 349 1778 In
363 1745 487 1779 nostris
499 1745 614 1790 Regiis
625 1748 787 1788 Panopeo.
800 1764 843 1772 —
854 1748 932 1780 Pa-

258 1799 415 1840 nompheo
430 1798 509 1831 Jovi
523 1798 629 1832 etiam
641 1798 753 1833 Graeci
767 1811 860 1833 sacra
873 1798 934 1833 feu-⁴

259 1849 355 1883 ciunt
373 1849 462 1894 apud
482 1850 703 1893 Homerum,
732 1850 769 1885 Il.
790 1858 815 1886 Θ
833 1876 841 1893 ,
865 1853 929 1894 48,

261 1901 319 1935 ubi
336 1901 492 1936 Eustath.
515 1904 527 1937 ὃ
542 1902 641 1942 πάσης
656 1908 800 1946 μαντείας
813 1907 909 1941 αἴτιος
921 1929 930 1945 ,

257 1965 318 1986 seu
327 1953 449 1987 melius
461 1979 470 1996 ,
494 1960 532 1988 ut
541 1954 637 1999 origo
650 1954 739 1988 vocis
752 1961 929 1999 appareat,

262 2006 275 2039 ὁ
290 2011 392 2039 πασῶν
407 2006 506 2051 σ’μφῶν
517 2009 630 2048 uti-cog,
649 2005 762 2039 omnis
778 2006 858 2039 artis
872 2018 933 2039 va·-

259 2056 425 2090 ticinandi
451 2064 571 2091 auctor
591 2071 600 2098 ;
627 2057 704 2092 vide
732 2059 861 2097 Potter.
888 2057 931 2091 ad

260 2108 431 2154 Lycophr.
445 2108 608 2144 Cassand.
620 2123 705 2144 vers.
717 2110 747 2143 6.
761 2109 862 2144 Ordo
873 2122 930 2143 au-

259 2167 332 2195 tem
349 2161 534 2195 verborum
546 2168 596 2195 est
609 2161 665 2195 hic
676 2174 684 2196 ι
696 2163 843 2195 Dextera
854 2174 931 2206 pars

260 2214 362 2256 Sigei
370 2211 439 2246 sive
454 2214 536 2247 lava
547 2214 686 2247 Rha-tei
693 2220 746 2247 est
754 2226 816 2247 aro
826 2240 834 2251 ‚
853 2213 885 2247 h.
901 2227 931 2248 e.

259 2262 297 2296 in
307 2262 425 2298 dextra
436 2270 531 2308 parte
543 2263 643 2308 Sigaei
654 2270 704 2298 est
714 2277 780 2298 ara.
792 2265 932 2299 Utrius-

261 2326 327 2358 que
341 2314 571 2359 promontorii
582 2315 798 2349 mentionem
814 2315 869 2349 hic
878 2315 930 2349 sa-

260 2379 338 2400 cere
356 2366 472 2401 voluit.
820 2387 823 2390 ·

306 2432 378 2466 ¹99-
386 2418 648 2464 Inde..Quidam
659 2418 717 2465 (et
729 2426 846 2454 noster
858 2420 932 2454 Re-

258 2470 332 2515 gius
346 2469 405 2515 A)
426 2472 668 2505 Unda—Nova
688 2473 722 2504 T
715 2471 790 2514 toja
800 2497 809 2510 ,
828 2471 931 2505 Ilium

258 2535 370 2567 nuper
380 2522 563 2557 conditum
574 2523 615 2557 ab
625 2523 676 2557 llo
688 2549 699 2565 ,
712 2522 932 2557 Laomedon-

255 2575 296 2608 tis
313 2581 421 2618 patre.
438 2574 539 2619 Apud
554 2575 806 2620 Apollodorum
823 2575 930 2610 muris

255 2626 398 2671 cingunt
416 2627 638 2673 Pergamum.
650 2629 837 2667 -Mollrt'‚
860 2641 930 2673 po·-

256 2690 339 2712 nere
353 2704 362 2721 ,
381 2686 564 2713 exstruere.
583 2679 766 2723 Virgilius,
789 2678 872 2713 AEn.
891 2679 928 2721 I,

256 2731 318 2773 423
331 2756 341 2774 ,
361 2744 444 2774 pars
465 2734 580 2766 ducere
602 2745 728 2773 muros,
755 2733 932 2776 Mole'rique

993 933 1109 954 arcem.
1125 937 1168 945 —-
1183 920 1372 962 susceptum
1388 931 1483 953 nunc
1499 918 1664 956 substan-

993 971 1061 1005 tive
1075 997 1084 1014 ,
1102 976 1264 1016 coeptum.
1279 987 1323 997 —-
1336 971 1499 1009 Crescere,
1516 983 1665 1016 promo—

993 1022 1125 1057 veri.-
1136 1024 1203 1058 Nec
1216 1034 1304 1065 opes.
1319 1020 1523 1056 Basileensis
1531 1031 1593 1057 nec
1603 1034 1664 1058 res.

993 1073 1143 1118 —Regii
1163 1073 1272 1107 nostri
1288 1086 1350 1107 nec
1364 1085 1450 1117 opes.

1039 1138 1112 1159 202.
1129 1127 1292 1160 Genitore.
1306 1124 1462 1169 Quidam
1474 1131 1597 1160 actore
1606 1133 1666 1160 aut

994 1179 1215 1211 domitore.——
1226 1177 1324 1222 Regii
1341 1177 1450 1211 nostri
1462 1178 1613 1222 genitore.
1622 1195 1667 1203 —

996 1229 1112 1264 Etiam
1123 1229 1214 1274 apud
1227 1229 1405 1263 Valerium
1413 1229 1587 1271 Flaccum,
1598 1228 1664 1272 lv,

996 1283 1055 1327 571
1073 1308 1082 1326 ,
1100 1282 1284 1327 Neptunus
1294 1288 1395 1326 pater
1403 1286 1527 1324 mat-1255
1543 1288 1579 1317 et
1588 1281 1667 1316 Sta-

995 1334 1062 1368 tius
1082 1333 1165 1368 Ach.
1183 1334 1221 1376 Ι,
1241 1334 1281 1367 6ι
1295 1360 1304 1377 ,
1322 1337 1438 1378 magni
1453 1339 1560 1368 rector
1571 1335 1668 1377 geni-

995 1393 1107 1430 torque
1116 1385 1284 1429 profundi.
1301 1385 1370 1420 Sed
1388 1385 1554 1431 quaritur
1565 1411 1576 1429 ,
1597 1396 1667 1431 qno

995 1449 1098 1471 sensu
1124 1437 1171 1471 ita
1201 1436 1344 1472 dicatur.
1373 1437 1599 1471 Burmannus
1623 1435 1666 1469 ad

996 1488 1181 1532 Virgilium
1194 1513 1203 1531 ,
1221 1488 1303 1522 AEn.
1316 1490 1332 1523 Ι
1343 1514 1352 1531 ,
1374 1491 1434 1522 155
1446 1514 1456 1531 ,
1468 1488 1561 1530 vult,
1572 1487 1667 1522 Deos

995 1539 1061 1574 dici
1075 1552 1196 1574 earum
1212 1553 1331 1574 rerum
1344 1545 1508 1584 genitores
1518 1567 1526 1580 ‚
1544 1539 1668 1584 quibus

994 1598 1155 1635 praesunt.
1183 1591 1360 1636 Improbat
1387 1603 1464 1626 eam
1492 1591 1665 1625 rationem

995 1642 1155 1688 Heynius
1169 1649 1357 1688 monetque
1368 1669 1378 1686 ‚
1389 1646 1545 1687 genitoris
1557 1649 1592 1677 et
1605 1654 1668 1687 pa-

993 1698 1054 1729 tris
1067 1695 1211 1729 nomine
1222 1696 1378 1741 insigniri
1389 1696 1484 1730 Deos
1493 1695 1647 1730 seniores
1656 1720 1666 1737 ,

995 1759 1075 1780 mox
1089 1754 1125 1781 et
1140 1759 1374 1792 quoscumque
1395 1747 1476 1782 alios
1486 1773 1495 1790 ,
1511 1747 1666 1792 nihilque

995 1798 1087 1833 aliud
1114 1799 1298 1844 significari
1326 1799 1393 1834 nisi
1424 1798 1637 1834 venerabiles
1654 1824 1664 1842 ,

995 1858 1191 1885 sanctos.-
1205 1853 1409 1895 Trcdenttgrer
1416 1862 1429 1893 ,”
1450 1850 1541 1885 Vlll
1553 1876 1563 1894 ,
1585 1850 1648 1897 595
1657 1875 1666 1893 ,

993 1903 1190 1947 tridentiser.

1039 1954 1112 1987 203.
1122 1955 1328 1999 Pbryffl'oque
1341 1959 1481 1999 tyranno
1494 1960 1557 1987 etc.
1570 1951 1667 1987 Olim

995 2002 1162 2037 edebatur
1175 2006 1386 2050 Phrygiaeque
1396 2011 1538 2050 tyranno
1549 2005 1671 2048 AEdffi'*

993 2062 1052 2090 cat
1063 2069 1171 2090 muros
1183 2082 1190 2093 ‚
1204 2057 1346 2099 paetum
1367 2055 1507 2100 quidam
1518 2058 1669 2099 pacet:-

995 2108 1124 2153 Regius
1138 2107 1257 2147 Codex
1270 2109 1301 2141 A
1313 2133 1322 2150 ,
1333 2109 1544 2153 Phrygiaque
1552 2112 1668 2152 tyran-—

992 2173 1037 2193 no
1051 2162 1219 2205 oedIstcont
1229 2171 1339 2193 muros
1348 2184 1356 2198 ‚
1369 2161 1486 2203 pocti‚'
1506 2156 1665 2191 CodexB

993 2210 1098 2245 habet
1114 2211 1301 2245 lectionem
1322 2210 1447 2244 datam.
1464 2226 1508 2235 -
1524 2208 1666 2244 secun-

994 2263 1078 2297 dum
1097 2264 1297 2298 Homerum
1310 2262 1441 2298 servire
1442 2274 1519 2317 per
1532 2272 1665 2294 annum

993 2315 1223 2350 Laomedonti
1242 2315 1348 2349 coacti
1363 2319 1445 2348 sunt
1459 2339 1468 2356 ,
1486 2311 1579 2358 quod
1592 2311 1666 2345 Jo—

992 2381 1071 2402 vem
1084 2368 1213 2402 vincire
1227 2366 1408 2400 voluerant
1420 2375 1428 2398 :
1440 2375 1552 2408 eoque
1566 2370 1664 2398 tem—

991 2432 1075 2464 pore
1086 2420 1268 2464 Neptunus
1280 2418 1403 2451 urbem
1415 2422 1450 2450 et
1459 2427 1579 2449 muros
1587 2427 1666 2450 con-

993 2471 1080 2505 didit
1101 2496 1110 2513 ,
1142 2470 1266 2515 Apollo
1295 2469 1398 2502 boves
1425 2467 1528 2512 pavit.
1561 2465 1666 2511 Apud

992 2522 1246 2568 Apollodorum
1258 2520 1358 2555 ambo
1370 2545 1380 2563 ,
1394 2525 1448 2560 τὴν
1459 2520 1667 2562 Λαομέδοντος

993 2579 1074 2624 HGs-‹n›
1100 2575 1241 2624 πειράσαι
1261 2575 1395 2610 θέλοντες
1411 2597 1420 2614 ,
1456 2569 1667 2615 promittunt

993 2628 1041 2661 ε’πί
1055 2632 1154 2673 μισθῷ
1166 2632 1292 2668 τειχιεῖν
1307 2625 1340 2659 τέ
1352 2625 1514 2672 Πέργαμον.
1532 2619 1667 2655 Confer

992 2684 1027 2712 et
1037 2676 1231 2711 Hesiodum
1243 2670 1334 2720 apud
1346 2673 1459 2710 Schol.
1473 2670 1667 2719 Lycophro-

992 2730 1046 2765 nis
1057 2756 1067 2774 ,
1085 2730 1160 2777 393.
1179 2747 1223 2757 ·-—
1235 2730 1344 2763 Pacta
1366 2740 1457 2762 auro.
1482 2724 1643 2772 Hyginus
1655 2748 1666 2765 ,
