1820 3106
338 204 1080 270 METAMORPHOSEON
1112 221 1243 264 LIB.
1278 221 1370 264 x1.

1499 235 1589 280 22'9

165 312 403 364 Increvisse
426 311 545 370 suis;
571 310 850 377 obscuraque
874 309 1052 359 carbasa
1073 306 1199 375 pullo

163 393 325 444 Naides
349 403 392 441 et
413 388 638 457 Dryades,
660 407 905 456 passosque
927 387 1123 436 habuere
1145 384 1343 452 capillos.

162 466 396 521 Membra
380 478 527 533 jacent
547 466 717 515 diversa
739 465 882 514 locis:
891 475 1066 530 caput,
1092 463 1270 520 Hebre3
1293 461 1521 528 lyramque
1547 473 1590 509 50

163 545 369 612 Excipis,
395 555 464 603 et,
483 543 674 602 mirum,
695 542 842 592 medio
866 542 971 590 dum
993 541 1160 590 labitur
1176 559 1301 590 amne
1314 576 1327 598 ‚

165 620 334 673 Flebile
356 620 506 670 nescio
528 619 637 707 quid
661 619 862 686 queritur
883 619 1003 686 lyra3
1027 618 1174 668 flebile
1196 604 1348 681 lingua

162 699 416 749 Murmurat
439 696 674 746 exanimis·
666 735 676 755 ‚
696 695 975 763 respondent
997 694 1143 744 flebile
1164 695 1284 761 ripae.

161 777 349 843 Jamque
371 794 491 824 mare
511 774 693 824 invectae
714 774 877 825 flumen
894 771 1110 841 populare
1133 771 1394 838 relinquunt
1414 809 1425 829 ‚

162 854 224 902 Et
246 853 552 922 Methymnaeae
574 852 809 920 potiuntur
828 851 959 901 litore
980 850 1132 900 Lesbi.
1550 862 1595 896 55

165 969 233 1005 mis
252 995 263 1014 ,
293 968 390 1015 quod
415 975 467 1004 est
494 967 712 1003 intolerabile
737 967 847 1003 luxu-

161 1022 286 1058 riantis
300 1021 434 1068 ingenii
449 1021 600 1067 signum.

216 1076 269 1119 48.
304 1075 487 1114 Carbasus‚
520 1073 609 1119 palla
638 1071 816 1108 carbasina
837 1097 847 1115 ‚

165 1138 272 1172 quam
288 1125 445 1160 humeris
458 1124 532 1159 sere
550 1124 717 1169 injectam
734 1123 849 1158 Fluvii

163 1181 203 1215 in
219 1178 463 1214 monumentis
474 1178 617 1213 habent.
633 1178 720 1212 Erat
731 1184 851 1212 autem

165 1234 328 1267 carbasus
347 1243 457 1278 genus
475 1230 574 1265 lintei
598 1229 792 1264 tenuissimi
814 1235 850 1263 et

165 1282 515 1331 pretiosissimi.Virg.
526 1281 669 1318 AEneid.
678 1281 730 1316 XI
740 1307 750 1325 ‚
766 1282 827 1326 775
839 1294 849 1322 ;

170 1335 333 1380 Curtius,
343 1334 454 1378 VIII,
464 1344 502 1368 tx
512 1359 523 1378 ,
535 1346 573 1368 21
587 1359 596 1377 ‚
606 1332 723 1377 ibique
741 1331 849 1366 inter-

167 1394 284 1434 pretes
299 1385 389 1422 vide.
402 1386 535 1421 Luctus
549 1397 650 1420 causa
662 1396 758 1419 nunc
774 1388 850 1418 erat

167 1443 327 1482 obscura,
343 1439 460 1475 colore
469 1441 621 1480 obscuro,
640 1437 675 1471 id
686 1444 757 1481 est,
770 1449 850 1471 aus-

166 1498 245 1527 tero
256 1505 266 1535 ς
278 1504 407 1538 nempe
411 1493 526 1536 pullo,
543 1489 579 1524 id
589 1494 657 1530 est,
672 1488 849 1534 subnigro,

168 1542 376 1588 Sedpullm
387 1541 455 1578 hoc
467 1542 545 1576 loco
556 1540 768 1576 substantive
782 1566 792 1583 ,
810 1545 853 1573 ut

166 1595 242 1631 Liv.
259 1595 333 1640 lv,
351 1597 412 1639 25,
430 1594 490 1630 ubi
507 1593 708 1629 Gronovius
724 1593 851 1627 obser-

165 1654 241 1693 vat,
257 1647 306 1684 sic
317 1647 477 1694 usurpari
493 1647 601 1682 etiam
617 1648 730 1680 album
747 1651 783 1680 et
796 1647 846 1679 ni-

161 1714 268 1747 pum.
287 1701 412 1736 Vestes
429 1699 594 1746 lugubres
609 1699 715 1734 etiam
736 1697 853 1745 Drya-

166 1753 242 1798 des,
251 1752 345 1788 VIII
358 1779 368 1797 ,
387 1753 450 1799 778
461 1778 470 1796 ,
483 1752 851 1787 sumunt.-Habuere.

168 1804 273 1840 Unus
291 1804 424 1839 Mureti
440 1805 619 1845 babuisse;
636 1802 718 1837 hinc
736 1801 853 1836 Hein—

164 1856 237 1892 sius
247 1855 370 1891 suadet
381 1857 516 1890 Naidas
527 1862 563 1890 et
573 1856 737 1901 Dryadas
745 1864 757 1895 ;
765 1865 853 1897 pas-

170 1921 290 1954 sosque
309 1910 486 1950 babuisse,
512 1914 553 1942 ut
569 1907 743 1942 referatur
760 1905 804 1940 ad
821 1908 854 1941 τὸ

170 1963 296 1995 dli-unt.
304 1978 349 1987 —
360 1959 461 2007 Regii
476 1959 587 1995 nostri
597 1961 750 1994 habuere.

215 2016 269 2049 50.
280 2015 434 2049 Membra
438 2013 564 2058 jacent
575 2020 640 2048 etc.
651 2012 854 2057 Discerptus

172 2073 223 2102 est
234 2092 243 2111 ,
254 2073 294 2102 ut
302 2066 496 2110 Pentheus,
509 2066 567 2102 lib.
582 2066 652 2110 III,
663 2079 695 2100 v.
707 2066 770 2111 708
780 2077 854 2110 sqq.

173 2118 291 2154 Etiam
300 2117 392 2165 apud
400 2117 588 2164 Virgilium
604 2119 737 2152 Hebrus
751 2122 856 2162 caput

175 2169 312 2217 Orphei
323 2169 446 2216 excipit
453 2196 464 2214 ‚
477 2176 512 2205 et
521 2173 651 2215 gurgite
660 2170 768 2203 medio
773 2181 857 2213 por-

174 2229 235 2257 tat.
244 2220 451 2257 Secundum
458 2221 672 2256 Phanoclem
682 2246 692 2264 ,
701 2233 787 2254 vers.
802 2233 814 2254 1
824 2234 836 2254 1
844 2245 854 2264 ,

175 2275 320 2312 Bacchae
330 2281 432 2321 caput
440 2281 476 2310 et
484 2274 596 2323 lyram
608 2274 703 2309 clavo
714 2274 856 2319 compe-

175 2335 322 2375 gerunt,
340 2334 379 2363 ut
397 2330 584 2378 ἔμγσρέαιντο
597 2327 741 2374 θαλάσσῃ
765 2329 857 2372 ἅμᾳω

176 2382 252 2426 ἅμα.
269 2379 370 2415 Idem
385 2379 493 2414 etiam
508 2379 546 2414 in
562 2391 647 2424 seqq
662 2380 856 2425 expressus:

176 2435 366 2480 Eurydicen
378 2446 444 2468 vox
456 2437 533 2478 dosa
546 2439 580 2467 et
582 2432 718 2477 frigida
728 2434 856 2477 lingua,

176 2485 258 2521 Ah!
280 2489 436 2520 miseram
452 2485 643 2532 Eurydicen
664 2487 778 2519 anima
786 2483 859 2528 fu·-

174 2542 286 2584 giente
300 2542 446 2574 vocabat
458 2552 468 2574 .·
483 2540 674 2585 Eurydicen
688 2544 758 2572 toto
771 2538 861 2583 rese-

178 2594 298 2627 rebant
316 2594 458 2637 flumine
491 2594 580 2637 ripoe.
609 2590 680 2627 Sed
710 2591 837 2626 Noster
850 2617 861 2634 ,

179 2648 292 2679 nescio
312 2647 396 2690 quid
397 2647 515 2690 flebile
536 2648 689 2690 queritur.
706 2642 765 2678 Sic
776 2643 861 2678 He-

179 2696 268 2733 roid.
292 2697 423 2733 XVIII
436 2724 446 2741 ‚
464 2698 504 2732 82
519 2723 528 2740 ‚
557 2696 731 2743 Alcyones
749 2698 862 2730 nescio

183 2753 266 2796 quid
273 2754 354 2786 visa
364 2758 444 2786 sunt
457 2751 545 2785 milei
556 2752 652 2785 dulce
663 2752 772 2795 queri,·
789 2749 864 2784 Re-

913 966 1007 1002 med.
1025 966 1089 1012 766
1102 993 1112 1011 ,
1131 967 1181 1000 Et
1196 978 1271 1000 mea
1287 968 1402 999 nescio
1416 965 1501 1010 quid
1512 977 1598 999 car—

913 1023 1007 1055 mina
1018 1022 1116 1055 dulce
1127 1018 1599 1063 sonant.-Quer1·eleganter

916 1072 960 1107 de
974 1071 1081 1107 flebili
1097 1078 1133 1106 et
1144 1071 1240 1105 molli
1253 1083 1341 1106 sono
1352 1070 1436 1118 lyrae
1447 1077 1483 1105 et
1496 1070 1598 1104 tibiae.

914 1124 1083 1159 Horatius
1095 1150 1104 1167 ,
1122 1124 1158 1159 II
1169 1149 1179 1167 ‚
1200 1122 1271 1158 Od.
1284 1134 1356 1157 xnl
1368 1149 1378 1166 ‚
1398 1124 1458 1167 24,
1475 1124 1599 1157 AEolnk

900 1178 1034 1222 fidibus
1043 1188 1180 1221 querens
1189 1175 1303 1220 Sapbo
1306 1176 1434 1219 puellis
1443 1175 1486 1208 de
1489 1186 1602 1218 popu-

913 1231 1059 1271 laribus‚·
1079 1228 1261 1262 Lucretius
1274 1253 1284 1271 ,
1302 1227 1370 1271 IV,
1389 1227 1452 1262 588
1463 1252 1473 1270 ,
1484 1228 1601 1261 dulces

913 1283 1075 1327 querelas,
1094 1281 1195 1314 Tibia
1209 1291 1295 1324 quus
1298 1278 1430 1322 fundit.
1445 1297 1490 1304 --
1503 1279 1604 1313 Mur-

914 1339 1032 1368 murat.
1052 1331 1186 1367 Confer
1202 1333 1249 1375 V,
1272 1333 1333 1366 105
1346 1357 1355 1375 ‚
1375 1338 1411 1366 et
1423 1331 1477 1365 VI
1491 1357 1500 1374 ,
1515 1331 1578 1366 558
1590 1358 1600 1375 ,

913 1384 973 1420 ubi
985 1383 1073 1419 adeo
1083 1410 1093 1428 ,
1108 1382 1201 1429 quod
1214 1383 1295 1428 jure'
1303 1382 1441 1418 mireris
1453 1408 1463 1426 ,
1481 1382 1601 1428 lingua

913 1436 986 1482 iam
1003 1443 1136 1471 resecta
1149 1462 1158 1478 ‚
1181 1442 1274 1470 tcrrae
1293 1442 1436 1470 tremens
1459 1438 1604 1470 immur—
1642 1432 1644 1434 ¹

912 1495 969 1523 rat
990 1495 1081 1522 atroe.
1098 1505 1142 1515 ·-
1161 1489 1379 1532 Respondent
1394 1514 1403 1527 ,
1431 1493 1602 1522 resonant

914 1554 979 1587 per
992 1540 1089 1576 echo.
1102 1541 1269 1587 Virgilius
1282 1567 1292 1585 ,
1310 1540 1384 1576 Ecl.
1396 1541 1430 1575 X
1442 1567 1452 1584 ,
1471 1543 1492 1576 8
1504 1566 1513 1584 ‚
1530 1553 1604 1575 res-

909 1595 1061 1638 pondent
1073 1597 1187 1628 onmia
1201 1596 1318 1635 silooe5
1349 1593 1536 1632 Horatius,
1563 1592 1579 1626 I
1593 1618 1603 1637 ,

916 1644 987 1680 Od.
1003 1656 1058 1680 ΧΠ
1072 1671 1082 1689 ,
1102 1646 1123 1679 3
1135 1672 1144 1689 ,
1162 1648 1306 1681 recinere
1325 1644 1373 1679 sic
1392 1644 1490 1679 dixit.
1508 1644 1606 1679 Pha-

915 1698 1033 1734 nocles
1047 1725 1057 1742 ,
1078 1711 1165 1734 vers.
1193 1699 1253 1742 16,
1282 1700 1345 1742 ἠχὴ
1374 1696 1456 1737 δ’ὡς
1482 1702 1605 1747 λιγυρἰς

869 1791 874 1796 ⁴
916 1754 1019 1787 πόντον
1041 1755 1148 1796 ἴκεσχε
1165 1755 1264 1801 λύρης·

961 1807 1014 1849 54.
1030 1807 1134 1840 Mare.
1152 1805 1323 1850 Quinque
1341 1806 1491 1838 mari.—-
1502 1802 1607 1848 Regii

918 1857 1029 1892 nostri
1057 1869 1157 1891 mare.
1179 1875 1223 1883 —
1247 1858 1434 1900 Pvpulare,
1468 1853 1605 1889 flumen

919 1908 1078 1954 ejusdem
1096 1909 1215 1954 populi
1232 1935 1242 1953 ,
1261 1907 1355 1943 unde
1373 1914 1410 1942 et
1427 1906 1605 1952 Orpheus.

920 1961 1038 1996 Etiam
1054 1961 1090 2005 I,
1111 1964 1171 2007 5¹7
1185 1986 1196 2005 ,
1205 1963 1386 2006 popularia
1390 1962 1555 2005 flumina,
1571 1966 1608 1994 et

922 2014 974 2049 IX
986 2040 996 2057 ‚
1017 2028 1070 2049 ao.
1084 2032 1130 2039 -
1145 2014 1388 2059 ltkffiymnaea,
1418 2011 1498 2057 quia
1515 2011 1606 2046 Me-

921 2066 1070 2114 thymna
1079 2066 1161 2101 urbs
1169 2065 1398 2102 celeberrima
1407 2065 1520 2100 Lesbi.
1533 2065 1605 2099 Pro

921 2122 1140 2165 Bletbymneoe
1165 2118 1220 2153 alii
1245 2119 1481 2164 Ilsethymnaess·
1505 2114 1607 2152 Can-

921 2171 990 2206 tab.
1001 2172 1185 2206 lm'telenei.
1198 2169 1350 2216 —Regii
1366 2169 1476 2204 nostri
1493 2171 1610 2216 Mity-

921 2226 1176 2260 lenei.—Potiri
1187 2224 1234 2259 ita
1251 2230 1303 2259 est
1317 2223 1425 2258 etiam
1437 2223 1530 2266 XII,
1541 2223 1585 2256 38
1599 2236 1608 2263 ;

924 2278 1016 2313 XIII
1032 2303 1041 2320 ,
1061 2290 1134 2324 729.
1157 2275 1274 2322 Caput
1292 2275 1429 2322 Orphei
1447 2274 1610 2309 fluctibus

923 2330 962 2365 in
988 2329 1138 2365 insulam
1164 2329 1303 2364 Lesbon
1328 2341 1401 2362 esse
1425 2325 1579 2361 delatum
1598 2352 1609 2370 ,

923 2382 1040 2427 ibique
1057 2381 1244 2426 sepulturae
1264 2379 1472 2414 mandatum
1493 2379 1610 2424 plures

924 2433 1153 2469 tradiderant.
1166 2433 1238 2467 Pro
1254 2444 1324 2477 quo
1336 2430 1509 2466 beneficio
1523 2431 1611 2466 Les-

925 2485 972 2521 bii
983 2484 1027 2519 ad
1036 2484 1205 2519 musicam
1215 2490 1328 2518 artem
1340 2482 1611 2528 ingeniosissimi

926 2550 998 2573 esse
1014 2535 1321 2577 existimabantur;
1337 2534 1499 2582 Hyginus
1511 2535 1552 2570 P.
1564 2535 1609 2570 A.

927 2590 965 2625 11
975 2615 984 2632 ,
999 2603 1015 2634 7
1028 2603 1037 2630 3
1054 2588 1166 2623 Arion
1179 2587 1274 2622 enim
1285 2587 1297 2630 ,'
1307 2586 1443 2623 Alcaeus
1453 2613 1462 2630 ‚
1475 2586 1609 2633 Sapho,

928 2640 1065 2675 Erinna
1083 2639 1208 2674 Lesbii.
1232 2638 1386 2674 Thraces
1407 2637 1610 2674 contende-

927 2692 1032 2735 bant,
1052 2689 1235 2733 luscinias,
1260 2702 1337 2735 quae
1360 2689 1450 2725 circa
1474 2687 1612 2734 Orphei

929 2743 1127 2791 sepulcrum
1150 2742 1251 2779 nidos
1273 2743 1425 2779 habeant
1443 2769 1453 2788 ‚
1479 2741 1617 2778 suavius
