1820 3106
281 272 367 330 298

654 273 704 316 P.
745 274 915 318 OVID
931 275 984 318 11
1018 275 1318 321 NASONIS

281 363 450 412 Oderat
471 364 543 412 hic
567 365 723 424 urbes3
745 366 972 433 nitidaque
993 379 1188 416 remotus
1209 368 1265 415 ab
1287 365 1386 415 aula

280 442 480 492 Secretos
503 456 696 502 montes,
721 456 765 493 et
784 445 1065 495 inambitiosa
1088 443 1260 494 colebat

1601 444 1688 508 ,765

278 521 425 579 Rura3
446 540 524 570 nec
549 522 706 571 Iliacos
729 535 891 582 emtus,
911 523 996 573 nisi
1018 543 1164 582 rarus,
1189 524 1351 572 adibat.

276 640 457 686 epitheton
471 667 480 684 ,
503 647 586 692 οὔρεα
603 646 738 679 σκιόεντα
756 657 843 689 saepe
861 643 950 689 apud

281 692 493 727 Homerum.
509 693 653 728 Accedit
664 719 673 737 ‚
693 693 784 739 quod
799 694 861 729 Ida
875 707 953 729 rna—

276 757 359 789 gnas
381 744 478 779 silvas
505 745 662 780 habuisse
686 745 834 781 traditur
850 760 856 781 :
872 747 950 781 vide

273 794 538 838 Burmannum,
554 803 589 830 et
598 795 687 831 conf.
698 804 770 832 not.
782 797 825 831 ad
837 798 928 832 XIII
940 824 949 841 ,

276 846 484 888 324.—·Mox
498 847 680 892 negotium
692 848 866 884 facessunt
876 862 951 883 ver-

272 897 317 931 ba
331 900 480 942 Granico
490 905 575 934 nata
585 903 720 935 bicorni.
734 902 831 936 MSS
845 901 951 947 pleri-

273 962 340 993 que
353 976 362 992 ,
388 951 525 986 Gracili
538 958 661 986 conata
679 955 814 988 bicorni.
838 953 950 998 Raph.

274 1001 403 1046 Regius
416 1010 560 1047 monet,
578 1006 711 1039 bicorne
729 1018 801 1040 esse
819 1005 951 1040 instru-

274 1061 436 1089 mentum
464 1056 642 1091 rusticum.
678 1057 796 1095 Audio
820 1073 829 1099 ;
861 1071 950 1104 saepe

272 1105 369 1140 enim
378 1106 491 1151 furca·
513 1110 663 1142 bicornes
684 1109 722 1142 in
742 1109 950 1155 supellectile

272 1158 399 1193 rustica
415 1168 740 1196 commemorantur
752 1188 761 1204 ,
783 1168 822 1195 ut
839 1161 948 1205 VIII,

273 1209 349 1244 650.
362 1211 459 1246 Hinc
470 1212 585 1257 potuit
595 1213 722 1248 Noster
732 1216 863 1248 bicorne
871 1214 952 1249 sub-

272 1263 419 1298 stantive
445 1264 558 1300 dicere
573 1292 582 1308 ,
606 1273 646 1300 ut
668 1268 795 1301 crinale
820 1268 853 1301 V
867 1294 876 1312 ,
898 1268 951 1302 53.

274 1314 384 1349 Addit
404 1315 598 1352 Glareanus
614 1318 847 1363 parturientes
860 1319 952 1354 sole-

272 1379 310 1400 re
323 1393 332 1410 ‚
345 1367 373 1401 si
389 1380 495 1402 nemo
509 1368 549 1403 iis
561 1369 669 1414 adsit,
686 1369 727 1404 ad
744 1370 871 1416 aliquid
882 1370 952 1406 sul-

269 1418 333 1452 ciri
346 1419 400 1453 :id
418 1433 557 1466 quoque
573 1429 689 1467 potest
704 1422 809 1457 credi.
824 1423 869 1457 Et
870 1423 954 1467 sur-

268 1470 380 1511 lim‚in
391 1471 950 1518 solitudine‚pariebatAlexirhoe,

271 1528 311 1556 ut
323 1521 408 1556 olim
420 1524 551 1558 Latona
560 1550 570 1568 ,
582 1525 619 1559 in
630 1525 729 1569 cujus
741 1533 842 1571 partu
852 1533 952 1563 trun-

271 1587 330 1608 cus
346 1575 468 1620 palmae
483 1576 574 1611 vices
596 1577 686 1612 sellae
707 1578 952 1614 obstetricariae

270 1630 471 1674 praestabat;
490 1629 723 1666 Callimachus
735 1657 745 1675 ‚
763 1631 796 1666 h.
813 1631 890 1667 Del.
903 1645 951 1666 vs.

272 1694 289 1714 2
299 1693 348 1714 ιο.
362 1681 416 1715 Ita
426 1680 683 1717 describeretur
697 1683 753 1718 hic
767 1691 861 1718 actus
877 1697 952 1718 mu-

269 1731 361 1766 lieris
377 1732 543 1777 parientis
556 1759 565 1776 ,
588 1746 665 1779 quae
679 1730 785 1769 surcae
801 1733 952 1769 bicornis

272 1786 467 1821 ministerio
484 1787 594 1821 levata
608 1787 672 1822 sit:
687 1794 788 1832 atque
801 1787 868 1836 hoe
879 1788 952 1822 vult

273 1840 379 1874 etiam
392 1839 613 1876 Schirachius
626 1854 634 1875 :
651 1841 710 1876 sed
725 1841 768 1876 de
779 1842 886 1876 verbo
897 1854 953 1875 co·-

272 1898 356 1926 nata
375 1891 478 1927 silent
500 1905 633 1927 omnes.
659 1893 757 1938 Quid
775 1894 870 1927 enim
887 1893 953 1927 hoc

271 1950 344 1987 est,
363 1944 490 1978 mulier
512 1945 650 1989 pariens
674 1950 815 1979 conatur
830 1947 957 1989 gracili

270 1998 402 2030 bicorni
409 1997 430 2030 ?
441 1997 589 2031 Facilius
602 1996 691 2031 sorte
708 1996 858 2042 expediri
870 2010 950 2042 pos-

270 2055 342 2091 set,
361 2052 507 2083 connixa
528 2053 664 2084 bicorni.
690 2050 760 2085 Sed
789 2050 952 2096 praecedit

268 2104 388 2143 enixa‚·
407 2107 443 2135 et
464 2104 592 2141 lerata,
621 2102 716 2146 quod
744 2102 882 2147 proprie
904 2102 947 2135 de

272 2153 484 2197 parientibus
505 2160 692 2199 usurpatur
705 2180 714 2197 ‚
734 2162 851 2188 versus
872 2167 952 2188 res—

272 2206 359 2252 puit.
377 2207 544 2242 Heinsius
561 2202 665 2252 igitui-
684 2207 814 2252 recepit
827 2234 836 2251 ,
857 2207 951 2252 quod

273 2266 308 2293 et
329 2259 466 2294 Pierius
490 2258 605 2294 Valer.
633 2259 690 2293 lib.
714 2260 770 2294 Ill
793 2259 951 2305 Hierogl.

272 2322 345 2355 cap.
358 2323 399 2357 9,
418 2315 591 2354 suaserat,
620 2311 766 2345 Granico
789 2316 871 2345 nata
891 2313 951 2345 bi—

272 2365 375 2396 corni.
389 2361 496 2406 Quod
509 2374 572 2396 cur
582 2369 720 2397 merum
733 2375 850 2397 versus
859 2376 951 2397 com-

271 2412 494 2459 plementum
518 2426 537 2447 a
562 2412 762 2448 Schirachio
790 2413 923 2448 dicatur
938 2440 948 2457 ,

272 2478 346 2500 non
363 2465 466 2501 video
483 2478 490 2500 :
509 2479 597 2512 saepe
620 2467 715 2502 enim
741 2466 787 2501 ita
811 2466 950 2501 additur

273 2530 406 2552 nomen
417 2518 538 2563 patris:
550 2530 665 2563 neque
681 2518 799 2564 negari
815 2524 929 2563 potest
939 2544 948 2560 ‚

276 2572 460 2604 Granicum
477 2597 485 2611 ,
512 2570 666 2605 nobilem
694 2570 853 2618 Phrygiae
876 2570 950 2604 flu-

274 2622 369 2656 vium
383 2649 392 2665 ,
414 2620 519 2656 etiam
535 2623 571 2656 in
592 2622 804 2669 mythologie
820 2635 949 2658 occur-

271 2685 362 2706 rere.
380 2674 512 2707 Cornua
531 2687 614 2708 vero
631 2673 744 2709 fluviis
765 2674 868 2708 tribui
887 2674 950 2719 ipsi

273 2723 454 2759 docuimus
479 2725 522 2759 ad
545 2727 598 2760 IX
613 2751 622 2769 ,
654 2739 680 2760 1.
706 2725 778 2760 Sed
801 2725 868 2760 hoc
891 2738 948 2760 me

273 2776 419 2812 offendit
434 2804 443 2820 ‚
467 2779 559 2822 quod
584 2792 647 2824 pro
665 2778 828 2822 arbitrio,
854 2778 949 2813 nulla

1015 644 1181 690 probabili
1195 658 1295 679 causa
1311 644 1408 680 allata
1420 670 1430 688 ,
1444 643 1538 679 locus
1548 644 1595 679 ita
1607 657 1688 680 mu-

1017 702 1106 730 tatus
1134 703 1195 730 est.
1219 695 1354 730 Eodem
1382 695 1478 730 enim
1501 695 1579 740 iure
1604 695 1688 731 alius

1016 746 1107 780 aliud
1120 746 1213 781 fluvii
1223 759 1354 782 nomen
1360 746 1415 781 hic
1424 746 1605 782 intrudere
1614 759 1687 793 pos-

1015 798 1066 833 sit.
1087 797 1194 833 Certe
1216 800 1441 834 Burmannus
1461 798 1605 842 suadet,
1623 800 1689 833 Sa-

1011 854 1092 894 gare·
1108 856 1251 895 cognata
1272 853 1403 885 bicomi
1411 861 1423 892 ‚·
1439 851 1611 896 Sagarium
1631 858 1691 885 aut

1014 903 1168 946 Sagarim
1184 902 1331 937 fluvium
1348 901 1477 938 dictum
1494 912 1568 938 'esse
1586 915 1607 938 a
1623 902 1689 937 Sa·-

1016 955 1106 1000 gari,
1126 955 1320 1002 Myndonis
1335 962 1370 990 et
1384 954 1584 996 Alexirhoes
1594 954 1666 990 filio
1676 981 1687 998 ‚

1017 1007 1075 1052 qui
1092 1008 1243 1053 potuerit
1259 1006 1366 1043 filiam
1382 1005 1538 1042 habuisse
1555 1018 1596 1042 ex
1613 1018 1690 1042 ma-

1016 1059 1076 1094 tris
1089 1072 1159 1094 suae
1171 1059 1316 1094 nomine
1330 1057 1540 1095 Alexirhoen
1552 1056 1690 1094 dictam.

1003 1112 1174 1159 ⁸Sagarim
1192 1124 1296 1158 porro
1315 1111 1381 1146 dici
1401 1113 1579 1149 bicornem,
1600 1109 1690 1144 sorte

1017 1164 1096 1209 quia
1106 1163 1240 1198 duobus
1252 1163 1345 1199 ostiis
1355 1163 1392 1197 in
1406 1174 1503 1196 mare
1517 1160 1690 1196 exierit.—

1018 1215 1246 1260 Quamquam
1264 1214 1316 1248 vir
1331 1213 1464 1249 doctiss.
1486 1214 1603 1257 Gien'g
1615 1223 1690 1246 non

1015 1267 1141 1301 viderit
1159 1280 1222 1302 cur
1239 1265 1377 1300 Heinsii
1393 1263 1593 1300 emendatio
1612 1276 1690 1298 me-

1016 1331 1098 1353 rum
1112 1331 1230 1354 versus
1246 1317 1543 1363 complementum
1558 1328 1576 1350 a
1588 1314 1691 1350 Schi-

1015 1369 1132 1404 rachio
1140 1369 1245 1404 fuerit
1257 1369 1359 1414 dicta,
1369 1376 1522 1404 attamen
1531 1366 1689 1413 ejusdem

1014 1423 1119 1468 ipsius
1151 1425 1270 1467 Gar'erigr
1295 1421 1505 1456 sententiam
1532 1426 1667 1455 secutus
1679 1445 1688 1462 ‚

1014 1487 1078 1519 pro
1094 1474 1236 1508 arbitrio
1253 1481 1289 1508 et
1305 1473 1398 1508 nulla
1410 1471 1576 1519 probabili
1589 1483 1689 1507 causa

1015 1527 1115 1561 allata
1133 1533 1309 1561 mutatum
1331 1526 1426 1561 hunc
1447 1526 1563 1561 locum
1581 1531 1689 1570 puto;

1015 1585 1049 1612 et
1065 1590 1174 1623 quum
1191 1578 1346 1624 plerique
1362 1577 1516 1620 codices,
1533 1583 1569 1611 et
1581 1576 1691 1610 nostri

1014 1629 1223 1675 etiamRegii
1233 1628 1315 1663 inid
1325 1629 1692 1671 unumgraciliconata

1014 1684 1146 1716 bicorni
1156 1681 1377 1715 consentiant
1388 1706 1398 1723 ,
1414 1678 1490 1714 haec
1505 1677 1576 1713 sola
1589 1678 1690 1713 lectio

1014 1731 1182 1769 servanda
1199 1733 1285 1767 mihi
1300 1732 1448 1767 videtur.
1466 1733 1532 1766 Ed.

1061 1786 1131 1830 764.
1148 1787 1275 1820 Oderat
1283 1787 1340 1819 bic
1351 1786 1457 1818 urbes.
1469 1782 1607 1818 Confer
1616 1795 1690 1816 ver-

1014 1849 1093 1871 sum
1111 1850 1124 1871 1
1131 1837 1226 1879 46.—
1236 1837 1374 1870 Colebat
1382 1834 1531 1869 hocloco
1541 1834 1589 1868 ita
1599 1845 1691 1868 sum-

1013 1889 1094 1923 sisse
1117 1889 1256 1923 videtur
1275 1887 1475 1922 Lactantius
1489 1892 1528 1920 ut
1546 1885 1594 1920 ibi
1611 1897 1690 1919 mo-

1016 1941 1079 1975 nui
1094 1955 1102 1983 ς
1131 1953 1213 1975 nam
1239 1940 1276 1974 in
1298 1939 1444 1984 Argum.
1469 1937 1542 1972 haec
1563 1936 1669 1971 habet
1683 1949 1690 1970 :

1013 1994 1174 2026 urbanum
1187 1998 1384 2036 apparatum
1397 1991 1581 2034 cultamque
1593 2000 1690 2033 quum

1014 2045 1111 2078 silvis
1133 2049 1169 2077 et
1193 2045 1305 2077 labori
1321 2044 1577 2086 postposuisset.
1605 2040 1690 2074 Erat

1015 2094 1110 2129 idem
1122 2095 1293 2139 interpres
1303 2094 1541 2137 somniorum,
1554 2092 1612 2137 qui
1623 2092 1690 2126 Pa-

1014 2148 1128 2182 ridem
1142 2148 1285 2183 fratrem
1301 2148 1426 2194 exponi
1441 2147 1560 2192 jussit;
1579 2145 1690 2191 Apol-

1014 2200 1360 2235 lodorus—Nitorem
1368 2199 1527 2234 aularum
1538 2205 1614 2243 post
1623 2197 1689 2231 Lu—

1015 2260 1099 2288 eret.
1118 2254 1154 2288 11
1167 2277 1176 2296 ‚
1198 2254 1239 2295 24
1251 2264 1314 2298 sqq
1326 2278 1335 2296 ,
1352 2251 1513 2297 praeclare
1529 2248 1690 2285 describit

1015 2305 1201 2352 Virgilius,
1220 2304 1348 2350 Georg.
1365 2304 1402 2339 11
1417 2329 1427 2347 ,
1451 2303 1516 2347 463
1527 2327 1538 2346 ‚
1555 2308 1591 2336 et
1609 2299 1689 2334 Cul.

1014 2359 1068 2393 61.
1083 2360 1196 2392 Nam
1211 2356 1335 2403 passim
1355 2356 1398 2390 de
1417 2360 1544 2389 ornatu
1560 2351 1687 2395 {edium

1014 2419 1050 2448 et
1074 2412 1218 2453 divitiis;
1239 2405 1416 2453 Tibullus,
1445 2409 1497 2443 IV
1511 2433 1520 2451 ,
1539 2417 1574 2450 1,
1603 2407 1664 2441 183
1677 2433 1686 2448 ,

1013 2477 1111 2510 quum
1126 2466 1257 2508 magnis
1270 2465 1386 2506 opibus
1401 2462 1518 2494 domus
1535 2461 1610 2495 alta
1627 2461 1688 2492 ni-

1012 2516 1377 2554 terea—Inambmbsa,
1393 2512 1453 2547 ubi
1461 2523 1569 2546 nemo
1581 2510 1688 2545 ambit

1014 2568 1165 2602 honores
1182 2566 1372 2613 gratiasque
1387 2571 1573 2611 potentum
1590 2575 1598 2597 :
1618 2574 1687 2607 quo

1014 2634 1087 2655 voc.
1101 2619 1192 2665 quod
1206 2619 1247 2654 ab
1257 2619 1332 2664 ipso
1341 2617 1471 2652 Ovidio
1483 2616 1612 2651 sactum
1624 2614 1687 2647 ob-

1013 2679 1173 2716 servant,
1192 2672 1281 2706 bene
1299 2677 1422 2704 natura
1441 2675 1477 2704 et
1492 2667 1686 2713 simplicitas

1015 2725 1242 2771 agricolarum
1253 2729 1411 2764 notatur-3
1429 2720 1596 2756 Horatius
1605 2745 1614 2762 ,
1627 2718 1683 2759 11,

1014 2777 1128 2812 Serm.
1143 2788 1183 2811 VI
1196 2803 1205 2819 ‚
1228 2776 1266 2810 16
1279 2802 1288 2819 ,
1306 2777 1396 2818 Ergo
1410 2775 1471 2808 ubi
1481 2785 1533 2807 me
1545 2774 1580 2805 in
1591 2782 1680 2804 mon-
