1820 3106
288 274 343 329 [2¹2.

662 281 713 324 P.
753 283 988 328 OVIDII
1023 286 1331 332 NASONIS

285 368 402 417 Ante
423 369 684 436 sepulcrales
708 374 868 439 infelix=
881 377 1050 426 adstitit
1071 399 1190 428 aras:

1634 396 1699 442 4⁸0

291 468 314 487 «
340 447 659 516 Poenarumque
684 453 786 501 Deae
808 454 1025 521 triplices,
1050 457 1304 516 furialibus,
1331 458 1501 524 inquit,

292 544 314 564 »
339 524 623 585 Eumenides,
648 531 778 579 sacris
802 531 947 581 vultus
970 533 1175 583 advertite
1196 548 1376 584 vestros.

292 621 313 641 »
343 599 565 662 Ulciscor,
593 604 790 673 facioque
810 609 929 658 nefas
949 630 959 658 ε
979 629 1097 660 mors
1117 624 1256 659 morte
1276 611 1434 679 pianda
1455 624 1546 661 est:

290 699 312 719 »
341 679 393 724 In
415 680 552 729 scelus
574 683 819 733 addendum
845 687 983 737 scelus
1007 701 1094 747 est,
1121 690 1166 737 in
1188 690 1337 738 funera
1359 690 1489 742 funus
1509 710 1520 739 t

292 778 313 797 »
343 755 426 803 Per
446 774 720 822 coacervatos
738 777 884 830 pereat
906 766 1061 815 domus
1083 767 1215 834 impia
1238 766 1394 816 luctus.

1632 781 1699 828 485

294 857 314 875 »
341 835 412 882 An
435 836 536 885 felix
561 839 741 890 OEneus
766 855 870 891 nato
895 843 1055 892 victore
1079 844 1278 893 stuetur?

292 933 313 951 »
341 912 547 964 Thestius
572 917 706 967 orbus
731 919 846 967 erit?
867 920 1022 970 melius
1043 921 1248 983 lugebitis
1269 922 1412 969 ambo.

293 1011 312 1028 »
343 990 436 1038 Vos
458 994 591 1041 modo
611 995 789 1044 fraterni
808 1016 954 1047 manes
967 1037 980 1056 ,
1003 1000 1242 1066 animaeque
1262 1012 1476 1057 recentes,

263 1113 266 1116 Δ
291 1087 312 1106 »
343 1065 547 1117 Officium
571 1073 724 1121 sentite
745 1093 913 1134 meum;
938 1095 1184 1143 magnoque
1205 1090 1377 1144 paratas

293 1164 313 1182 »
340 1142 535 1211 Accipite
555 1147 752 1208 inferias,
774 1152 886 1200 uteri
911 1152 1020 1201 mala
1044 1154 1227 1220 pignora
1247 1155 1400 1203 nostri.

1635 1165 1701 1211 49⁰

293 1241 314 1259 »
342 1220 425 1267 Hei
445 1223 553 1271 mihi
571 1226 580 1272 !
607 1246 696 1292 quo
718 1229 902 1295 rapior?
923 1229 1078 1279 fratres
1101 1231 1311 1293 ignoscite
1332 1230 1471 1278 matri.

292 1318 315 1338 »
342 1297 560 1349 Deficiunt
579 1303 634 1350 ad
655 1318 796 1371 coepta
818 1325 970 1357 manus
993 1328 1003 1356 :
1027 1310 1236 1358 meruisse
1255 1309 1440 1357 fatemur

292 1395 314 1414 '³
341 1373 469 1422 Illum
482 1413 494 1434 ²
519 1396 596 1426 Cur
615 1394 788 1446 pereat:
808 1384 962 1433 mortis
978 1385 1087 1432 mihi
1109 1383 1307 1451 displicet
1327 1394 1491 1432 auctor.

293 1472 316 1492 ²>
341 1452 462 1514 Ergo
486 1455 661 1522 impune
684 1459 813 1518 feret;
838 1461 1070 1528 vivusque,
1096 1474 1138 1509 et
1157 1462 1318 1518 victor,
1347 1473 1389 1509 et
1410 1462 1509 1528 ipso

293 1551 314 1570 »
341 1530 552 1582 Successu
574 1537 764 1587 tumidus
786 1557 967 1600 regnum
989 1537 1224 1605 Calydonis
1243 1538 1454 1585 habebit?

1635 1548 1700 1596 49⁵

292 1630 313 1648 »
343 1608 437 1658 Vos
460 1612 566 1662 cinis
590 1616 769 1678 exiguus
796 1617 1031 1684 gelidaeque
1047 1616 1246 1682 jacebitis
1264 1616 1462 1666 umbrae?

330 1743 403 1784 480.
420 1743 511 1777 Ante
525 1747 725 1787 sepulcrales
737 1752 800 1780 etc.
817 1745 963 1780 Inferias

288 1793 383 1836 quasi
395 1801 491 1838 parat
506 1795 680 1830 fratribus.
695 1796 787 1830 Eum
802 1796 840 1830 in
853 1796 963 1831 finem

286 1845 366 1880 alias
381 1859 448 1881 ara·
462 1847 619 1882 solebant
629 1848 714 1882 strui
731 1849 768 1882 in
779 1851 938 1892 sepulcris
947 1876 955 1888 ,

286 1897 322 1930 in
340 1897 448 1943 iisque
464 1911 558 1933 sacra
575 1898 671 1943 fieri,
691 1900 855 1934 Manibus
870 1899 963 1934 exci-

286 1949 363 1983 tatis
373 1950 426 1984 vel
440 1950 630 1995 liquoribus
639 1952 694 1986 vel
705 1951 862 1986 victimis.
877 1951 962 1986 Gra-

284 2001 374 2035 viter
382 2001 485 2047 igitur
495 2002 567 2037 haec
573 2003 666 2048 ligna
672 2006 874 2047 sepulcrales
882 2016 963 2037 aras

286 2059 404 2096 vocat,
422 2054 460 2087 in
478 2054 601 2099 quibus
613 2055 725 2089 fllium
738 2056 835 2100 quasi
851 2055 962 2090 adole-

276 2104 336 2150 ‚bit
356 2105 392 2138 in
415 2105 590 2141 honorem
611 2114 646 2141 et
664 2108 782 2142 solatia
802 2108 961 2142 fratrum.

285 2156 410 2201 Neque
427 2157 554 2192 Manes
574 2158 822 2194 defunctorum
845 2160 962 2194 statim

284 2210 423 2244 invocat
435 2235 444 2253 ,
461 2210 522 2244 sed
537 2210 625 2255 ipsas
637 2212 758 2245 Furias
775 2211 811 2245 in
829 2225 867 2245 re
883 2211 961 2245 hor-

285 2261 394 2296 renda
407 2288 416 2305 ,
437 2275 542 2307 quam
557 2263 671 2297 Furiae
686 2263 718 2298 ei
734 2263 891 2308 injecisse
910 2263 962 2297 vi-

284 2313 467 2349 debantur.
477 2314 584 2349 Recte
595 2314 699 2360 igitur
696 2314 960 2358 surialiasacra.

284 2385 327 2391 -—
345 2366 499 2412 Impium
515 2367 673 2400 furorem
691 2366 780 2401 bene
801 2366 962 2411 exprimit

284 2418 397 2453 verbis
411 2420 569 2453 Ulciscor
567 2444 617 2452 .....
619 2418 739 2462 funus,
753 2431 819 2452 nec
828 2425 961 2452 temere

285 2469 496 2505 immoratur
512 2470 563 2504 rei
585 2470 696 2504 verbis
712 2469 903 2504 cumulatis.
919 2488 962 2496 --

284 2522 380 2555 alors
385 2529 487 2556 morte
487 2524 620 2566 pz'anda
624 2528 676 2556 est
679 2533 690 2564 ;
696 2521 805 2556 caedes
813 2522 960 2556 fratrum

285 2578 398 2605 morte
415 2571 473 2606 filii
492 2572 673 2618 purganda
688 2579 750 2607 est.
764 2574 831 2606 Ed.

323 2624 678 2667 486 Aaftl1oeOEneus
689 2633 752 2660 etc.
765 2624 900 2659 Invidia
907 2624 963 2659 hic

287 2683 321 2709 et
336 2689 422 2710 vers.
435 2678 499 2724 494
511 2691 535 2711 s.
547 2678 704 2712 stimulos
719 2677 824 2713 addit.
836 2697 879 2704 --
888 2679 962 2711 Me-

283 2731 351 2762 lius
358 2730 514 2772 lugebitis
527 2732 624 2763 ambo
633 2756 641 2770 ‚
661 2729 869 2764 detestabilis
883 2742 961 2772 sen-

288 2779 573 2815 tentia—Manes
584 2781 700 2816 adesse
713 2795 753 2816 ex
762 2782 882 2816 inseris
891 2795 960 2817 cre-

1028 1745 1202 1780 debantur
1217 1745 1367 1786 inferiis;
1381 1744 1421 1779 iis
1430 1757 1513 1789 ergo
1520 1756 1704 1779 commen-

1028 1796 1087 1830 dat
1095 1797 1240 1842 officium
1250 1809 1354 1831 suum
1365 1823 1375 1840 ,
1388 1795 1481 1841 quod
1496 1796 1703 1831 vocabulum

1028 1856 1080 1884 est
1093 1850 1249 1884 solemne
1263 1849 1306 1883 de
1317 1849 1458 1884 inferiis.
1468 1867 1512 1875 —
1522 1851 1703 1893 Ruentem

1027 1902 1109 1935 novi
1126 1901 1218 1937 Orci
1236 1901 1358 1936 incolae
1375 1927 1384 1944 ,
1402 1913 1523 1937 recens
1540 1900 1677 1936 admissi
1694 1913 1702 1935 ε

1026 1954 1074 1988 sic
1092 1955 1158 1996 IV,
1177 1954 1241 1997 434
1251 1979 1260 1996 ,
1278 1956 1399 1988 umbra·
1413 1959 1566 1987 recentes.
1579 1952 1645 1987 Ed.
1658 1970 1702 1978 —

1027 2006 1150 2039 §baille
1158 2031 1166 2043 ‚
1183 2004 1364 2049 intelligite
1375 2030 1385 2048 ,
1397 2002 1701 2049 agnoscite0—Ma-

1021 2069 1090 2099 gno
1105 2062 1268 2099 paratas,
1290 2055 1409 2100 magni
1431 2055 1554 2100 pretii,
1574 2067 1701 2100 nempe

1018 2111 1163 2152 ngrnora
1172 2110 1267 2147 uteri,
1285 2107 1416 2150 filiurn,
1430 2117 1541 2152 ‘quem
1552 2132 1561 2150 ‚
1576 2107 1701 2152 pignus

1025 2160 1152 2194 amoris
1164 2184 1173 2202 ,
1191 2159 1228 2193 in
1244 2159 1318 2204 ipso'
1334 2165 1437 2193 utero
1452 2171 1533 2193 meo
1555 2158 1701 2204 portavi.

1068 2212 1142 2258 491.
1162 2212 1234 2245 Hei
1243 2211 1352 2245 mihi!
1375 2224 1439 2256 quo
1458 2213 1598 2255 rapior?
1617 2211 1699 2246 Non

1025 2276 1126 2297 mens
1136 2276 1213 2297 eam
1225 2263 1408 2298 revocabat
1419 2276 1439 2297 a
1449 2275 1542 2297 novo
1553 2269 1697 2302 conatu,

1024 2315 1082 2349 sed
1104 2322 1200 2349 tanta
1217 2322 1268 2349 est
1288 2315 1338 2349 vis
1359 2315 1511 2349 materni
1537 2313 1698 2348 affectus!

1024 2379 1143 2400 manus
1159 2369 1346 2411 deficientes
1358 2394 1366 2407 ‚
1391 2371 1582 2400 trementes
1597 2372 1700 2409 atque

1024 2419 1079 2452 vix
1092 2418 1246 2464 stipitem
1262 2419 1414 2453 retinere
1427 2417 1590 2451 valentes.
1606 2417 1702 2451 Hinc

1023 2483 1090 2505 vox
1100 2471 1217 2505 invitae
1228 2470 1446 2516 exprimitur,
1457 2470 1626 2504 Ileimmi!
1637 2475 1702 2502 etc.

1025 2525 1124 2568 cujus
1153 2523 1293 2557 veniam
1324 2521 1441 2557 statim
1471 2528 1643 2566 precatur.
1659 2539 1703 2546 —

1025 2577 1164 2616 Auctor,
1184 2581 1295 2609 mater
1308 2573 1390 2619 ipsa.
1404 2573 1627 2618 Dignus·est‚
1646 2572 1701 2608 cui

1025 2639 1120 2661 mors
1135 2627 1304 2661 inseratur
1315 2651 1324 2669 ‚
1342 2637 1465 2658 verum
1481 2637 1555 2660 non
1571 2625 1613 2659 ab
1628 2624 1701 2670 ipsa

1025 2686 1148 2714 matre.

1069 2731 1144 2779 496.
1165 2732 1258 2765 Cinis
1276 2732 1439 2773 exiguum
1458 2723 1556 2774 ὀλίγη
1580 2732 1611 2763 δι’
1627 2743 1698 2762 κει-

1025 2786 1159 2826 cisun«
1168 2785 1263 2824 mins,
1278 2781 1458 2825 Horatius,
1468 2781 1536 2825 IV,
1547 2779 1616 2815 Od.
1628 2789 1699 2821 vn,
