1820 3106
296 292 382 334 330

654 293 705 335 P.
748 293 990 338 OVIDII
1028 294 1334 338 NASONIS

289 380 487 430 *Perculit
508 381 709 431 adversos
734 404 744 431 :
770 383 995 434 adversum
1021 397 1067 434 tu
1094 407 1269 453 quoque
1286 424 1297 444 ,
1321 387 1515 453 quamvis

291 459 432 521 Terga
452 458 565 520 fugae
587 459 780 517 dederis,
808 461 966 511 vulnus
981 500 992 519 ‚
1020 464 1193 511 Crenaee
1210 502 1221 522 ‚
1247 463 1386 512 tulisti
1405 484 1414 511 :

291 538 403 584 Nam
427 555 578 599 grave,
605 537 868 603 respiciens,
895 539 1009 587 inter
1031 539 1121 587 duo
1142 539 1305 588 lumina
1327 539 1513 599 ferrum,

291 613 393 676 Qua
415 613 532 659 naris
553 612 690 661 fronti
716 615 1028 672 committitur,
1055 615 1216 682 accipis
1231 652 1243 673 ,
1266 615 1373 663 imae.

1628 629 1692 663 315

290 689 342 735 In
368 699 489 736 tanto
514 688 690 738 fremitu
712 690 856 739 ductis
881 692 972 740 sine
993 691 1079 739 fine
1098 692 1266 756 jacebat

290 766 472 833 Sopitus
493 766 604 815 vinis
619 804 631 825 ,
656 779 700 815 et
715 768 1037 834 inexperrectus
1061 769 1286 834 Aphidas;

278 846 624 912 Languentique
645 865 776 894 manu
800 847 1015 896 carehesia
1038 843 1171 894 mixta
1193 846 1390 904 tenebat,

287 922 430 969 Fusus
454 921 499 969 in
524 923 684 971 Ossaeae
705 923 874 972 villosis
893 924 1083 989 pellibus
1104 942 1226 971 ursae.
1311 978 1314 981 ¹

292 999 438 1062 Quem
461 1000 617 1066 procul
640 1012 692 1047 ut
713 1000 823 1047 vidit
846 1001 1006 1048 frustra
1029 999 1151 1048 nulla
1174 1019 1292 1048 arma
1315 1011 1587 1058 moventem,
1628 1015 1694 1048 320

290 1076 450 1123 Inserit
470 1088 643 1125 amento
667 1076 830 1139 digitos
852 1097 861 1124 z
886 1099 908 1119 «
931 1077 1270 1143 Miscendaque,
1295 1076 1428 1137 dixit,
1518 1072 1522 1075 ”

293 1174 314 1193 »
346 1152 458 1200 Cum
482 1154 614 1219 Styge
637 1153 738 1201 vina
759 1154 913 1211 bibas,
940 1175 963 1196 »
989 1153 1190 1201 Phorbas
1210 1174 1220 1201 :
1242 1171 1322 1202 nec
1344 1153 1473 1219 plura
1497 1164 1692 1202 moratus

330 1282 404 1315 312.
419 1282 603 1316 Adversum
613 1290 649 1317 lu
659 1296 784 1327 quoque
797 1289 860 1317 etc.
871 1283 958 1317 Haec

287 1333 459 1366 sententia
470 1332 559 1367 sorte
571 1333 668 1368 fluxit
680 1347 698 1368 e
710 1334 783 1368 loco
793 1333 936 1368 Caesaris
945 1360 954 1377 ,

286 1385 345 1429 qui
354 1385 469 1419 militis
479 1385 658 1429 cujusdam
666 1386 809 1421 vulnera
818 1388 957 1421 adversa

285 1436 488 1469 ostentantis
508 1436 708 1480 jactantiam
732 1437 796 1472 hoc
814 1438 956 1472 consilio

286 1487 414 1520 minuit
423 1513 431 1529 ‚
443 1488 618 1531 Nunquam
615 1488 755 1532 fugiens
763 1493 956 1533 respexeri53

289 1537 439 1581 Quintil.
456 1538 541 1573 Inst.
556 1539 608 1573 V1
624 1565 633 1582 ,
652 1551 716 1583 111,
737 1542 787 1585 75.
799 1538 842 1565 -’-
854 1542 958 1575 Com—

285 1595 377 1626 mitti
395 1591 584 1637 elegantius
602 1619 611 1636 ,
639 1606 743 1638 quam
767 1594 930 1638 conjungi
946 1620 955 1636 ,

285 1643 390 1678 etiam
409 1656 494 1678 vers.
511 1646 591 1688 478;
610 1652 645 1680 et
662 1646 727 1688 lv,
749 1646 812 1692 369
831 1653 866 1679 et
883 1646 957 1691 576.

285 1714 328 1722 -
343 1696 485 1741 Accipis
498 1725 506 1739 ‚
534 1703 573 1730 ut
595 1700 715 1741 νει-ψὴ-
729 1723 738 1738 ,
767 1697 958 1732 vulneraris

286 1748 391 1781 ferro.

330 1799 403 1834 316.
419 1801 542 1834 Ducltlr
556 1802 715 1846 sinefine.
728 1827 735 1834 .
743 1827 750 1834 .
761 1803 849 1835 vinis
865 1807 957 1835 recte

289 1850 412 1885 Heins-
425 1852 592 1896 correxit,
607 1865 715 1897 quum
727 1859 825 1886 antea
838 1851 958 1886 edere-

285 1910 344 1937 tur
358 1904 453 1939 nullo
464 1918 566 1940 sensu
576 1931 585 1948 ,
598 1909 727 1940 cunctis
735 1908 827 1939 venis
836 1932 843 1943 .
859 1904 960 1938 Basi-

284 1955 409 1990 leensis
421 1956 552 2001 primus
563 1961 691 1991 cunctis
704 1960 802 1991 curis.
813 1958 951 1997 Ducere,

286 2007 440 2051 haurire,
449 2007 567 2043 bibere
577 2022 585 2049 ;
598 2008 657 2042 sed
668 2008 744 2042 vide
754 2008 957 2043 Heinsium:

285 2061 439 2104 sinefine,
451 2060 874 2105 immodice.—Ingeniosa
887 2061 958 2105 qui-

288 2110 369 2144 dem
381 2117 431 2144 est
441 2136 450 2154 ,
466 2111 524 2145 sed
537 2111 631 2144 nulla
643 2112 842 2146 auctoritate
852 2111 936 2146 fulta
945 2137 955 2154 ,

287 2168 327 2195 ut
347 2174 422 2196 mos
439 2168 509 2205 est,
531 2162 665 2196 Heinsii
685 2162 892 2197 emendatio.
914 2164 956 2197 In

286 2214 406 2260 Regiis
420 2215 547 2249 nostris
559 2215 725 2249 ambobus
734 2215 858 2259 legitur
875 2229 957 2249 cun-

284 2269 352 2300 ctis
365 2270 438 2300 sine
446 2269 522 2311 fine
535 2267 677 2311 jacebat
695 2271 823 2311 sopitus
842 2271 934 2301 venis
943 2279 954 2310 ,·

287 2317 381 2362 quod
403 2331 506 2352 sensu
531 2331 633 2364 egere
658 2318 705 2352 ait
733 2318 866 2362 Gierzg‘r,
892 2332 956 2365 ego

286 2381 371 2403 vero
400 2368 491 2402 haud
517 2369 818 2404 contemnendum
849 2377 932 2415 puto
947 2384 955 2405 :

285 2421 422 2466 sanguis
437 2422 533 2456 enim
549 2421 641 2456 inter
651 2434 814 2456 somnum
827 2436 888 2467 per
897 2436 957 2457 ve-

284 2486 348 2507 nas
363 2473 489 2507 lentior
504 2473 601 2521 fluit,
619 2473 712 2508 unde
732 2474 830 2509 liceat
848 2476 957 2519 poetis

286 2525 400 2560 dicere
413 2525 610 2560 de’homine
624 2527 720 2560 ebrio
732 2533 768 2564 et
778 2526 957 2561 dormien—

285 2584 320 2611 te
332 2590 340 2611 ε
353 2581 482 2621 sopitus
491 2585 544 2612 est
554 2581 633 2612 totis
642 2582 743 2612 venis.
756 2577 864 2613 Ed.——
868 2581 955 2612 Lan-

282 2643 379 2674 guere
393 2630 557 2665 dicuntur
572 2631 657 2665 ebrii
670 2645 678 2673 3
698 2631 822 2666 Cicero
833 2658 841 2674 ,
854 2630 955 2667 Catil.

283 2682 342 2724 II,
364 2684 401 2724 5,
419 2686 496 2716 vino
513 2685 682 2726 languidi,
707 2683 856 2727 confecti
871 2687 956 2718 cibo.

284 2750 328 2757 —
338 2732 392 2766 De
403 2735 585 2767 carchesiis
594 2734 671 2767 vide
683 2734 724 2767 ad
736 2735 827 2778 VII,
841 2736 957 2780 247.—

283 2784 415 2826 Mina,
427 2783 463 2818 in
474 2784 596 2829 quibus
604 2785 725 2819 vinum
734 2797 820 2830 aqua
828 2793 956 2830 tempe-

1022 1290 1148 1318 ratum.
1171 1283 1249 1318 Hoc
1267 1294 1404 1328 quoque
1419 1281 1462 1316 ad
1476 1294 1592 1317 more·
1606 1282 1693 1317 ebrii

1022 1336 1193 1380 pertinet,
1214 1333 1307 1380 quod
1325 1334 1489 1380 poculum
1506 1345 1614 1368 manu
1628 1333 1694 1369 ad·-

1020 1386 1089 1422 huc
1097 1386 1247 1421 tenebat.
1262 1405 1304 1412 —
1317 1387 1440 1420 Ossaeae
1448 1397 1556 1429 ursa·‚·
1575 1384 1692 1420 Oxou.

1021 1447 1055 1474 et
1067 1439 1219 1484 quinque
1230 1439 1285 1473 alii
1296 1441 1470 1479 obscene,
1486 1436 1580 1483 quod
1590 1464 1599 1481 ,
1617 1450 1694 1473 mo-

1019 1498 1127 1525 nente
1154 1491 1300 1525 Heinsio
1318 1517 1327 1533 ‚
1352 1490 1490 1525 defendi
1516 1497 1628 1536 posset
1652 1502 1699 1524 ex·

1020 1541 1179 1583 Lucano,
1194 1541 1264 1575 Vll
1278 1566 1287 1583 ,
1305 1541 1368 1576 828
1378 1566 1388 1583 ,
1402 1540 1461 1575 ubi
1473 1553 1556 1575 urse
1566 1543 1692 1578 obsce—

1019 1605 1084 1632 noe,
1105 1599 1139 1626 et
1156 1592 1266 1626 Statio
1279 1618 1288 1634 ‚
1307 1591 1418 1626 Theb.
1437 1591 1488 1625 VI
1502 1617 1511 1635 ,
1530 1591 1616 1636 865,
1632 1591 1693 1626 ubi

1020 1642 1397 1686 turpesursaetsimiliter
1408 1641 1499 1686 apud
1510 1642 1690 1686 Nostrum,

1021 1694 1075 1728 ΙΙΙ
1093 1694 1196 1728 Trist.
1211 1707 1241 1727 v.
1254 1695 1306 1728 35.
1324 1693 1423 1728 Idem
1442 1693 1606 1728 Heinsius
1616 1693 1693 1727 lau-

1020 1744 1079 1778 dat
1089 1751 1206 1779 tamen
1218 1745 1351 1778 Ossaeas
1359 1746 1472 1790 lynces
1481 1743 1596 1786 Statii,
1605 1742 1693 1777 Ach.

1022 1799 1068 1840 V,
1084 1811 1096 1831 1
1103 1810 1144 1831 20
1153 1823 1163 1840 ,
1176 1804 1211 1831 et
1221 1798 1398 1831 Samnitem
1407 1809 1517 1830 ursam
1526 1795 1614 1839 Silii,
1623 1797 1691 1840 IV,

1022 1849 1096 1883 550.
1118 1850 1252 1888 Ossa-a,
1276 1848 1383 1893 qualis
1399 1848 1435 1882 in
1459 1849 1549 1882 Ossa
1570 1854 1691 1881 monte

1019 1909 1265 1937 commoratur.
1273 1919 1317 1927 —
1325 1901 1426 1946 Regii
1435 1900 1545 1935 nostri
1557 1901 1689 1941 Ossaeae,

1022 1954 1116 1999 quod
1132 1952 1352 1988 servandum.
1367 1954 1432 1987 Ed.

1064 2010 1141 2043 320.
1150 2011 1287 2043 Frustra
1297 2010 1391 2042 nulla
1399 2020 1493 2041 orma
1503 2013 1690 2042 moventem.

1021 2061 1101 2096 Non
1129 2059 1256 2105 profuit
1282 2059 1313 2094 ei
1330 2085 1340 2102 ,
1363 2058 1455 2103 quod
1478 2058 1572 2092 nulla
1593 2070 1690 2092 arma

1021 2112 1201 2154 movebat;
1220 2110 1253 2143 V
1265 2136 1274 2154 ,
1292 2123 1331 2158 9¹
1346 2137 1355 2154 ,
1373 2112 1548 2155 Expertem
1557 2109 1690 2154 frustra

1020 2167 1115 2204 belli,
1139 2169 1172 2198 et
1186 2169 1301 2197 neutra
1317 2176 1412 2197 arma
1428 2170 1571 2197 secutum
1590 2174 1600 2196 .·
1622 2161 1690 2195 hoc

1019 2216 1094 2250 loco
1109 2216 1250 2260 quidam
1263 2221 1445 2260 sequentem
1455 2242 1464 2256 ,
1484 2226 1547 2259 pro
1563 2215 1690 2248 moren-

1019 2272 1105 2310 tem5
1118 2274 1152 2300 et
1166 2266 1331 2301 Heinsius
1345 2266 1500 2299 mutabat
1509 2271 1623 2299 neutra
1632 2276 1689 2297 ar-

1020 2332 1075 2352 ma
1085 2316 1423 2363 sequentem—Regii
1439 2315 1547 2350 nostri
1557 2314 1689 2349 codices

1020 2378 1218 2413 moventcm;
1239 2383 1303 2405 nec
1316 2370 1394 2404 felix
1411 2367 1545 2403 Heinsii
1562 2379 1685 2402 emen-

1021 2422 1114 2456 datio
1130 2429 1201 2464 est,
1221 2434 1328 2467 quum
1340 2423 1436 2465 sequi
1444 2431 1538 2453 arma
1554 2417 1687 2452 dicatur

1020 2474 1156 2520 proprie
1167 2473 1209 2507 de
1219 2472 1448 2514 bellatoribus,
1461 2469 1568 2513 ducis,
1579 2482 1685 2515 quem

1019 2526 1082 2571 ipsi
1100 2525 1191 2559 ultro
1207 2524 1411 2569 selegerim,
1436 2528 1547 2567 partes
1557 2521 1685 2556 ineun-

1021 2579 1128 2619 tibus;
1146 2578 1180 2611 in
1203 2577 1267 2611 hoc
1282 2583 1396 2610 autem
1413 2574 1600 2609 certamine
1615 2574 1684 2607 La-

1020 2630 1115 2675 pitha
1125 2629 1267 2674 quisque
1278 2641 1357 2662 cum
1366 2627 1517 2672 Lapithis
1525 2653 1534 2670 ‚
1545 2634 1579 2661 et
1591 2625 1682 2660 Cen-

1020 2688 1138 2715 taurus
1152 2693 1232 2714 cum
1249 2679 1433 2714 Centauris
1445 2705 1455 2721 ,
1480 2689 1633 2723 pugnare
1654 2682 1689 2709 et

1021 2745 1248 2766 movet-earma
1256 2731 1410 2765 debebat.
1422 2732 1486 2763 Ed.
1496 2730 1689 2762 —ffliscen-

1020 2787 1127 2830 daque
1144 2791 1207 2819 etc.
1225 2784 1422 2819 sarcasmus
1439 2783 1474 2817 in
1495 2779 1666 2826 Aphidam
1676 2804 1687 2822 ,
