1820 3106
376 232 1088 279 METAMORPHOSEON
1125 235 1262 280 LIB.
1300 238 1392 282 IX.

1546 256 1604 302 97

173 350 198 373 >›
225 322 406 378 Busirin
428 327 579 377 domui
598 348 609 377 :
632 347 836 396 saevoque
862 328 1070 379 alimenta
1093 331 1292 398 parentis

172 428 198 451 n
225 407 384 456 Antaeo
404 405 549 473 eripui
569 426 579 454 :
602 425 683 455 nec
706 426 774 455 me
799 408 995 475 pastoris
1021 409 1142 457 Iberi

172 507 198 530 »
225 486 383 535 Forma
396 483 578 551 triplex,
597 503 679 534 nec
692 484 834 535 forma
852 485 1013 553 triplex
1027 499 1117 546 tua,
1136 486 1348 545 Cerbere‚
1362 489 1504 540 movit
1520 509 1529 538 :
1548 506 1610 540 185

171 586 199 611 ι»
224 565 376 622 Vosne
398 582 557 612 manus
582 562 718 612 validi
741 564 967 631 pressistis
992 583 1159 613 cornua
1179 565 1329 614 tauri?

171 663 197 688 n
224 642 436 691 Vestrum
457 661 574 709 opus
593 640 690 690 Elis
707 642 869 701 habet;
892 654 1089 692 vestrum
1105 643 1434 711 Stymphalides
1451 645 1579 696 undae
1597 684 1609 706 ,

170 742 196 764 >2
224 720 607 788 Partheniumque
625 739 783 770 nemus
803 742 814 769 ε
835 732 984 770 vestra
1001 721 1164 771 virtute
1187 721 1352 772 relatus

172 820 197 843 ι)
223 798 634 848 Thermodontiaco
658 798 835 848 caelatus
858 798 1067 848 baltheus
1093 819 1229 859 auro3

170 898 198 920 ²2
225 877 453 945 Pomaque
475 877 531 925 ab
551 876 747 925 insomni
769 875 882 926 male
907 877 1132 926 custodita
1157 877 1348 927 dracone
1369 898 1380 927 ι

169 1014 240 1050 div.
257 1015 296 1060 I,
315 1015 354 1058 8,
371 1027 587 1062 magnopere
597 1015 670 1051 istis
680 1014 858 1051 laboribus

168 1068 274 1103 favet.
290 1067 363 1103 Sed
385 1068 550 1103 Herculis
568 1068 677 1113 gloria
695 1081 736 1103 ex
757 1068 857 1103 anti-

170 1121 424 1167 quissimorum
453 1122 663 1157 Graecorum
691 1135 795 1157 sensu
824 1127 861 1157 et

168 1174 329 1210 moribus
345 1174 550 1210 aestimanda
565 1182 617 1210 est
628 1201 638 1218 ,
661 1175 753 1221 apud
773 1187 861 1221 quos

169 1226 342 1262 fortitudo
360 1227 483 1262 bellica
499 1239 637 1262 summa
653 1234 689 1262 et
703 1239 774 1261 una
788 1227 862 1261 vir-

170 1285 228 1315 tus
246 1279 452 1315 habebatur.
470 1299 514 1306 ·—-
530 1282 622 1325 Ergo
646 1280 862 1326 indignantis

171 1339 224 1368 est
241 1332 286 1367 ob
303 1332 440 1367 labores
453 1332 583 1368 frustra
597 1339 784 1378 susceptos.
801 1332 861 1368 Sic

169 1385 359 1420 commode
386 1386 512 1420 eorum
540 1386 582 1422 fit
607 1386 743 1421 mentio
763 1412 772 1429 ,
797 1385 859 1421 sed

170 1437 339 1482 breviter,
351 1445 391 1473 ut
402 1451 465 1484 par
475 1446 551 1474 erat
561 1466 571 1483 ,
585 1446 621 1474 et
633 1439 748 1474 verbis
757 1438 861 1484 signi-

171 1489 420 1534 ficantissimis,
432 1491 558 1536 quibus
568 1491 776 1538 magnitudo
787 1503 860 1526 me-

169 1543 324 1578 ritorum
331 1549 367 1578 et
376 1543 593 1579 fortitudinis
601 1544 765 1579 Herculis
775 1557 861 1590 prae-

170 1595 263 1631 clare
275 1595 482 1631 declaratur.
495 1596 548 1632 Ex
559 1609 603 1631 eo
616 1610 746 1642 genere
755 1604 838 1632 sunt
848 1623 859 1642 ,

160 1649 308 1694 sedans
319 1652 447 1694 templa
455 1677 463 1690 ,
479 1662 588 1685 soevus
598 1650 744 1685 Antaeus
757 1676 766 1694 ,
784 1650 860 1698 hy-

171 1700 235 1736 dra
243 1704 396 1746 geminas
407 1704 496 1736 mres
505 1715 673 1737 resumens
683 1730 691 1744 ,
709 1702 790 1748 equi
802 1704 861 1737 bu-

170 1768 270 1791 mana
276 1759 596 1801 sanguim-pingues,
604 1762 858 1802 vastatoraper,

170 1810 277 1843 moles
290 1808 402 1844 leonis
415 1814 479 1843 etc.
499 1807 647 1844 Confer.
669 1807 860 1854 Sophocles

173 1860 303 1896 Trach.
318 1874 407 1896 vers.
427 1862 512 1905 1054
525 1874 599 1907 sqq.
612 1887 622 1905 ,
641 1873 718 1906 quae
731 1861 862 1896 Noster

171 1913 571 1959 expressit—Peregrina
580 1925 703 1951 cruore,
716 1924 775 1946 san
781 1911 862 1957 gui-

171 1978 219 2000 ne
235 1964 433 2010 hospitum,
451 1977 538 2010 quos
553 1964 630 1999 Diis
644 1965 714 1999 suis
729 1965 862 1998 immo-

172 2017 266 2053 labat
278 2017 412 2052 Busiris
424 2042 434 2060 ‚
447 2030 508 2052 rex
515 2017 855 2065 AEgypti.—-Domui,

172 2071 288 2117 ipsum
310 2078 347 2106 et
368 2071 546 2106 ministros
565 2083 747 2106 sacrorum
766 2070 862 2106 clava

173 2123 345 2159 interfeci.
359 2141 404 2149 —-
418 2123 765 2171 AntaeumyLibycum
785 2135 861 2157 non

177 2175 306 2210 usitato
319 2175 527 2211 luctantium
539 2189 638 2211 more
651 2175 778 2212 devicit
794 2203 803 2221 ,
822 2183 863 2211 ut

174 2239 260 2263 eum
284 2225 328 2261 ad
355 2234 489 2262 terram
511 2227 611 2263 daret
629 2254 639 2272 ‚
666 2228 683 2275 (
705 2241 862 2273 namque

175 2292 288 2326 quum
296 2279 461 2322 Terram,
472 2292 549 2324 quae
559 2287 633 2314 erat
641 2280 717 2325 ejus
723 2293 859 2325 parens,

175 2331 366 2377 attingeret
378 2357 388 2375 ,
405 2333 569 2365 alimenta
588 2331 671 2366 inde
696 2338 732 2366 et
754 2344 863 2366 novas

174 2383 267 2418 vires
283 2382 501 2429 accipiebat)
529 2381 589 2417 sed
614 2382 756 2417 brachio
778 2395 863 2417 eum

174 2435 314 2472 sustulit
325 2462 335 2480 ‚
353 2448 534 2481 manuque
551 2435 668 2470 fauces
679 2434 755 2480 ejus
769 2447 864 2470 com·

175 2489 301 2535 pressit
315 2516 324 2533 ,
343 2496 383 2524 ut
394 2489 491 2524 intel.
503 2502 522 2523 e
533 2501 684 2523 nummo
696 2489 841 2534 antiquo
851 2514 862 2534 ,

176 2554 285 2588 quem
301 2541 440 2577 exbibet
451 2541 653 2576 Gronovius
664 2541 700 2575 in
711 2540 864 2575 Diatrib.

178 2595 327 2631 Statian.
342 2609 414 2642 cap.
428 2595 543 2631 XXV.
554 2597 758 2630 —Pastoris
777 2596 870 2629 Iberi

168 2647 286 2693 forma
306 2651 428 2693 triplex
441 2676 450 2690 ‚
476 2648 622 2696 Geryon
642 2674 652 2691 ‚
675 2650 864 2696 τρισώματος

179 2706 286 2750 βωτὴρ
303 2693 447 2751 &fusam
465 2701 587 2746 Eurip.
612 2700 757 2735 Hercul.
781 2700 865 2734 Fur.

180 2753 264 2798 4235
287 2754 322 2787 Τ
316 2756 480 2798 rzjoectora
492 2756 668 2798 tergemini
673 2756 727 2787 vis
741 2754 864 2798 Geryo-

304 2831 400 2878 IV.

1551 905 1615 941 190

927 1017 998 1055 nai,
1018 1014 1222 1059 Lucretius,
1241 1014 1288 1059 V,
1307 1016 1360 1050 28.
1374 1016 1512 1063 Nempe
1525 1018 1618 1053 insu-

924 1066 995 1101 lam
1015 1067 1211 1115 Erytheam
1230 1067 1358 1112 (hodie
1379 1071 1537 1114 Cadit),
1559 1084 1618 1117 pa-

925 1119 1001 1154 buli
1029 1120 1147 1155 laetitia
1173 1120 1347 1166 insignem
1364 1148 1373 1165 ‚
1399 1129 1470 1157 tres
1493 1124 1617 1160 fratres

926 1175 1117 1210 concordes
1135 1174 1292 1211 habuisse
1311 1176 1498 1222 videntur,
1520 1192 1619 1224 quo-

928 1240 1011 1262 rum
1035 1234 1197 1262 armenta
1215 1230 1486 1276 summaeffisamae
1507 1232 1618 1267 suere.

928 1279 1020 1316 Vide
1036 1281 1219 1316 Justinum
1230 1307 1240 1324 ‚
1258 1280 1392 1327 XLIV,
1411 1284 1432 1326 4
1445 1309 1454 1327 ,
1483 1284 1542 1328 qui
1558 1286 1618 1319 sa-

926 1333 1045 1368 bulam
1062 1333 1142 1368 satis
1159 1334 1387 1379 probabiliter
1403 1335 1618 1382 interpreta-

928 1392 996 1420 tur.
1019 1386 1123 1422 Adde
1148 1386 1388 1432 Palaephatum
1401 1414 1411 1433 ,
1430 1402 1503 1436 cap.
1522 1395 1563 1427 25
1583 1397 1620 1426 et
1686 1413 1694 1422 ·

925 1440 980 1483 4ο.
989 1441 1162 1481 -ᾹΙονίΙ,
1185 1440 1367 1476 deterruit.

973 1492 1045 1527 186.
1055 1493 1236 1526 Presstlrtzlr
1248 1506 1386 1533 cornua,
1399 1505 1500 1529 more
1510 1493 1564 1529 Ve
1569 1500 1618 1530 te-

925 1556 1006 1594 rum
1017 1569 1027 1586 ,
1044 1543 1103 1589 qui
1117 1550 1300 1579 taurorum
1312 1572 1321 1589 ,
1338 1558 1426 1592 quos
1440 1546 1616 1582 debellare

923 1595 1088 1631 volebant
1101 1623 1111 1640 ,
1132 1609 1267 1631 cornua
1284 1598 1328 1632 ad
1347 1605 1477 1633 terram
1500 1599 1617 1634 dedu-

925 1648 1062 1683 cebant.
1073 1648 1166 1683 Vide
1174 1662 1278 1694 supra
1284 1661 1382 1685 ‘vers
1395 1652 1445 1695 84.
1456 1652 1514 1687 Sic
1528 1651 1614 1699 ergo

924 1706 961 1733 et
982 1700 1155 1735 Hercules
1179 1704 1332 1736 validum
1357 1703 1457 1737 illum
1482 1711 1616 1739 laurum

925 1750 1017 1796 apud
1034 1750 1224 1787 Cretenses
1240 1753 1321 1789 vicit
1334 1781 1343 1797 ,
1362 1756 1552 1802 vivumque
1570 1757 1615 1792 ad

926 1802 1126 1851 Eurysthea
1139 1805 1312 1850 perduxit.
1328 1825 1372 1832 —
1394 1809 1501 1843 Tauri
1514 1809 1615 1855 igni-

924 1857 1040 1900 vomi,
1052 1869 1160 1902 quem
1173 1857 1281 1894 iratus
1296 1859 1413 1894 Minoi
1427 1861 1615 1907 Neptunus

924 1907 962 1942 in
975 1907 1123 1943 Cretam
1138 1909 1294 1945 immisit.
1308 1913 1375 1946 Ed.

966 1975 978 1995 1
985 1962 1037 2008 87.
1053 1963 1204 1996 Vestram
1214 1976 1297 2007 opus
1304 1966 1384 1999 Elis
1390 1967 1493 2000 habet
1499 1977 1511 2008 ;
1521 1979 1615 2002 unus

925 2013 1118 2048 Vossianus
1130 2040 1140 2058 ,
1159 2016 1239 2049 Elis
1253 2023 1325 2058 ατί,-
1346 2016 1428 2052 hinc
1445 2018 1615 2054 Heinsius

924 2065 1151 2101 scribendum
1170 2074 1290 2103 censet
1309 2076 1454 2104 vestram
1468 2077 1522 2105 est
1535 2074 1616 2106 Elis

925 2133 1020 2165 opus,
1032 2120 1087 2155 vel
1099 2127 1243 2156 vestrum
1252 2135 1336 2167 opus
1345 2124 1424 2157 Elis
1433 2132 1527 2166 erat;
1542 2138 1614 2160 ma-

925 2172 957 2206 le
970 2199 979 2216 ,
996 2185 1070 2207 non
1083 2173 1181 2208 enim
1194 2175 1274 2208 Elis
1287 2175 1427 2211 condita
1443 2184 1518 2212 erat
1535 2191 1614 2212 ma-

925 2225 1030 2260 nibus
1046 2226 1383 2274 Herculis.-—Regii
1398 2230 1509 2264 nostri
1526 2231 1615 2266 nihil

925 2285 1077 2313 mutant.
1098 2281 1249 2314 Vestrum
1267 2293 1349 2324 opas
1365 2283 1444 2316 Elzzr
1459 2296 1471 2327 ,·
1491 2283 1615 2329 Augiae

925 2331 1017 2377 regis
1037 2330 1157 2366 Elidos
1173 2333 1349 2368 stabulum
1368 2342 1613 2381 expurgatum.

925 2401 970 2409 ·-
979 2385 1022 2419 In
1030 2386 1212 2419 Parthenio
1220 2412 1228 2426 ‚
1248 2385 1419 2421 Arcadico
1432 2413 1441 2430 ,
1459 2400 1591 2423 nemore
1602 2414 1613 2430 ,

925 2448 1066 2470 cervam
1087 2435 1276 2481 aeripedem
1297 2436 1423 2471 Dianae
1441 2438 1614 2484 attigerat.

926 2490 1145 2522 —Baltlteus
1160 2488 1214 2522 ille
1229 2514 1239 2531 ,
1258 2501 1364 2533 quem
1382 2488 1531 2525 habebat
1546 2504 1613 2526 re-

926 2541 1006 2586 gina
1021 2541 1243 2575 Amazonum
1254 2566 1264 2583 ‚
1279 2539 1323 2574 ad
1338 2542 1611 2579 Thermodontem

929 2593 1160 2639 Cappadociae
1174 2593 1339 2638 fluvium,
1356 2593 1612 2642 habitantium,

925 2645 1125 2693 symbolum
1137 2651 1211 2679 erat
1223 2645 1509 2690 imperii.Justin.
1522 2648 1571 2692 ll,
1581 2651 1613 2693 4.

976 2711 1047 2746 ¹9⁰·
1069 2700 1176 2732 Poma
1196 2701 1366 2733 custodita
1381 2702 1425 2734 ab
1443 2703 1611 2746 dracone5

927 2749 971 2786 de
990 2751 1104 2796 pomis
1122 2751 1362 2797 Hesperidum
1378 2753 1456 2790 vide
1480 2754 1522 2789 ad
1541 2755 1608 2799 lv,

1393 2851 1417 2894 7
