1820 3106
285 281 988 331 METAMORPHOSEON
1027 281 1093 324 LI
1109 282 1160 324 B.
1194 280 1348 325 XIV.

1451 279 1538 337 443

101 385 311 451 Dumque
334 382 421 430 iter
441 378 715 429 horrendum
739 397 821 446 per
847 397 986 445 opaca
1008 376 1266 445 crepuscula
1293 377 1460 444 carpit;

106 484 130 505 «
158 462 245 521 Seu
267 460 370 508 Dea.
386 469 436 507 tu
461 476 680 525 praesens,
707 476 785 506 seu
808 456 892 505 Dis
915 456 1192 520 gratissima,
1220 455 1359 512 dixit;

106 563 130 584 »
154 538 360 589 Numinis
385 537 528 587 instar
550 536 637 586 eris
662 536 837 603 semper
857 535 969 584 mihi
992 556 1002 583 ;
1023 553 1182 602 meque
1205 533 1381 583 fatebor

103 641 128 663 »
155 616 360 668 Muneris
384 634 480 666 esse
499 614 594 674 tui,
622 634 719 682 quae
742 633 812 663 me
833 613 931 663 loca
955 613 1115 662 mortis
1141 613 1263 662 adire
1279 651 1291 673 ‚

1482 626 1544 661 125

104 717 128 738 »
155 694 270 759 Quae
289 691 387 742 loca
410 711 480 742 me
503 692 615 741 visae·
626 690 809 741 voluisti
833 690 1013 740 evadere
1036 690 1206 740 mortis.

106 796 129 818 1>
157 773 248 822 Pro
269 773 436 841 quibus
456 772 596 822 aerias
622 772 793 820 meritis
818 783 994 820 evectus
1019 771 1075 818 ad
1099 789 1228 819 auras

104 876 129 897 »
156 852 345 920 Templa
369 852 455 902 tibi
479 862 692 910 statuam,
720 851 914 899 tribuam
938 850 1024 899 tibi
1049 850 1163 899 turis
1186 850 1418 899 honorem.
1446 872 1473 893 »

102 931 310 999 Respicit
329 931 450 979 hunc
473 941 596 978 vates
613 969 624 989 ‚
652 941 697 977 et
719 927 1017 996 suspiratibus
1038 927 1213 976 haustis
1231 966 1244 986 ‚

108 1031 131 1052 «
160 1011 254 1059 Nec
277 1009 372 1057 Dea
397 1028 517 1067 sum,
544 1007 657 1056 dixit
671 1047 682 1067 ‚
705 1026 788 1057 nec
812 1007 926 1056 sacri
949 1006 1062 1055 turis
1084 1006 1257 1055 honore

1484 1019 1547 1053 130

108 1111 132 1132 »
163 1090 423 1137 Humanum
447 1087 629 1150 dignare
655 1098 818 1154 caput:
844 1105 931 1135 neu
956 1085 1134 1134 nescius
1158 1104 1274 1134 erres
1289 1124 1300 1144 ‚

108 1190 132 1211 »
159 1169 258 1216 Lux
282 1165 603 1224 aeternavmihh
628 1166 907 1232 carituraque
928 1164 1015 1213 fine
1036 1165 1245 1223 dabatur,

108 1268 133 1289 »
163 1244 211 1294 Si
235 1263 333 1294 mea
353 1243 587 1308 virginitas
609 1244 783 1293 Phoebo
808 1243 1029 1310 patuisset
1050 1243 1232 1292 amanti.

112 1345 137 1366 »ι
164 1324 288 1372 Dum
310 1334 457 1372 tamen
480 1322 767 1390 hancsperat
783 1360 795 1381 ‚
821 1322 928 1372 dum
951 1339 1329 1389 praecorrumpere
1350 1319 1481 1369 donis

111 1423 134 1444 »
164 1401 243 1450 Me
267 1400 420 1468 cupit;
450 1422 473 1443 «
495 1399 645 1463 Elige,
668 1401 754 1460 ait,
778 1401 905 1464 virgo
931 1401 1133 1457 Cumaea,
1161 1398 1270 1465 quid
1295 1409 1451 1464 optes:
1495 1409 1556 1444 135

111 1501 135 1522 »
163 1477 347 1545 Optatis
365 1477 536 1545 potiere
560 1477 650 1526 tuis
671 1497 680 1525 :
706 1500 730 1520 »
758 1497 839 1541 ego
864 1477 1060 1544 pulveris
1083 1477 1233 1526 hausti

111 1579 135 1599 »
165 1555 423 1606 Ostendens
448 1555 675 1604 cumulum
692 1594 703 1614 ,
732 1567 843 1624 quot
866 1556 1053 1604 haberet
1077 1573 1267 1623 corpora
1290 1553 1438 1622 pulvis
1454 1591 1465 1611 ‚

111 1658 136 1678 »
162 1635 253 1684 Tot
275 1633 387 1683 mihi
408 1631 578 1683 natales
602 1633 856 1697 contingere
880 1653 991 1683 vana
1010 1633 1177 1696 rogavi.

112 1735 136 1756 »
163 1712 346 1763 Excidit
367 1723 569 1779 optarem
587 1712 772 1778 juvenes
797 1731 976 1779 quoque
999 1711 1209 1778 protinus
1234 1728 1402 1758 annos:

108 1825 220 1858 bouem
232 1822 414 1869 eleganter
424 1821 570 1867 quidem
581 1849 590 1866 ,
603 1829 642 1858 ut
652 1822 706 1857 VI
715 1849 724 1866 ‚
738 1823 799 1857 60:

108 1876 170 1911 sed
186 1889 285 1921 aeque
303 1875 484 1921 eleganter
495 1874 598 1909 multi
617 1875 715 1910 MSS
733 1877 800 1919 <ut

109 1935 232 1963 noster
256 1927 388 1972 Regius
405 1927 435 1961 B
454 1927 469 1970 )
494 1929 605 1962 mollit
627 1929 775 1962 laborem
788 1954 797 1968 ‚

111 1980 219 2026 idque
236 1991 362 2025 parum
380 1978 498 2023 abest,
517 1978 603 2024 quin
623 1978 657 2014 h.
674 1979 802 2024 Lprae-

110 2033 226 2068 feram
242 2046 251 2075 ;
269 2032 327 2075 *vix
342 2032 441 2067 enim
463 2044 482 2066 a
500 2031 647 2068 librariis
669 2032 800 2078 profe-

111 2095 209 2123 ctum
235 2086 376 2122 videtur
396 2113 405 2131 ,
436 2099 547 2133 quum
566 2086 672 2131 fallit
700 2087 801 2122 facile

113 2140 268 2186 potuerit
284 2140 395 2186 repeti
415 2153 456 2175 ex
471 2140 525 2175 Vl
536 2167 546 2185 ,
570 2141 626 2175 60.

160 2206 232 2228 122.
253 2193 374 2236 Opaca
384 2195 590 2238 crepuscula.
607 2193 804 2228 Politianus

115 2258 156 2280 ex
170 2245 280 2281 veteri
299 2244 418 2280 codice
430 2271 440 2288 ,
458 2244 643 2281 Mediceus
657 2253 693 2281 et
710 2259 803 2282 unus

114 2297 323 2334 Basileensis
345 2297 478 2333 habent
490 2324 500 2342 ,
528 2311 636 2342 opaca
654 2301 804 2334 silentia.

119 2352 239 2396 Opaca
264 2353 481 2396 crepuscula,
509 2349 568 2384 lux
588 2351 744 2397 'maligna
768 2359 805 2386 et

115 2404 236 2439 similis
246 2403 452 2450 crepusculo
463 2429 473 2447 ,
488 2403 589 2449 quate
606 2403 698 2449 apud
709 2404 806 2439 infe-

119 2469 176 2492 ros
189 2470 263 2492 esse
279 2456 367 2493 solet
379 2469 387 2492 :
397 2456 446 2491 sic
456 2458 599 2492 obscura
610 2460 807 2500 crepuscula

121 2510 165 2544 de
183 2522 326 2555 vespera
343 2509 381 2544 in
402 2515 546 2544 noctem
562 2508 754 2544 inclinante
772 2509 806 2541 V

121 2560 213 2595 Fast.
229 2561 290 2595 163
303 2574 312 2603 ς
327 2560 462 2595 inferos
473 2573 556 2595 vero
567 2572 707 2604 opacum
716 2574 808 2595 mun·

121 2614 200 2647 dum
218 2612 301 2648 dicit
317 2614 351 2647 V
364 2614 513 2648 Metam.
534 2616 620 2659 507;
639 2613 764 2648 Burm.

171 2666 243 2699 125.
254 2666 406 2700 Manen}
423 2678 498 2700 esse
511 2668 571 2700 tui.
585 2665 735 2700 Plurimi
747 2667 809 2710 (ut

122 2725 244 2753 noster
255 2717 342 2765 Reg.
355 2718 412 2761 A)
430 2719 556 2753 Munus
574 2720 695 2753 habere
706 2723 810 2754 laum.

122 2773 272 2806 Manem
291 2785 365 2807 esse
387 2776 457 2812 tul,
482 2771 643 2816 fatebor,
663 2784 720 2807 me
738 2771 810 2807 de—

123 2825 206 2859 bere
231 2838 289 2860 me
315 2838 463 2871 meaque
485 2832 608 2861 cuncta
637 2824 698 2861 tibi
712 2838 720 2868 3
747 2826 782 2860 V
797 2851 807 2869 ,

866 1822 950 1866 343,
975 1822 1102 1856 Ceteris
1118 1827 1233 1855 sumus
1251 1822 1365 1854 omnia
1384 1829 1559 1852 munus.—

865 1874 992 1909 Aerias
1007 1885 1112 1907 auras
1129 1873 1181 1908 IX
1193 1898 1203 1916 ‚
1224 1885 1299 1918 219.

915 1927 986 1961 128.
1008 1927 1150 1971 Templa
1165 1928 1231 1959 tibi
1244 1931 1394 1959 statuam
1410 1929 1476 1958 etc.
1499 1921 1558 1957 Cf.

866 1979 996 2027 Virgil.
1009 1979 1043 2014 d.
1060 1979 1080 2014 Ι.
1101 1980 1213 2024 7ι-74
1228 2005 1236 2023 ,
1255 1978 1314 2013 ubi
1332 1978 1426 2012 libris
1440 1977 1559 2025 Sibyl-

871 2033 952 2068 linis
964 2033 1139 2067 honorem
1151 2031 1357 2066 habendum
1374 2030 1561 2077 promittit.

869 2086 926 2121 De
938 2086 1036 2121 libris
1047 2085 1113 2120 illis
1123 2085 1229 2120 etiam
1242 2084 1315 2119 haec
1325 2091 1445 2118 nostra
1455 2083 1563 2118 verba

872 2140 1043 2187 capienda
1055 2153 1127 2175 esse
1141 2146 1261 2174 censet
1270 2138 1435 2186 Heynius
1445 2136 1486 2171 ad
1500 2136 1562 2170 d.l.

869 2193 931 2228 sed
956 2192 1124 2227 reclamat
1151 2191 1218 2226 loci
1245 2190 1363 2226 series.
1394 2186 1562 2225 Numinis

871 2245 960 2280 mihi
986 2246 1096 2280 instar
1122 2244 1190 2279 eris
1203 2271 1212 2288 ,
1236 2243 1366 2288 templa
1395 2242 1457 2277 tibi
1485 2249 1563 2276 sta-

870 2306 969 2334 tuam
983 2326 992 2343 ,
1011 2306 1047 2334 et
1062 2297 1150 2334 turis
1162 2298 1339 2333 honorem
1353 2297 1563 2332 tribuam.—

871 2356 944 2390 Nec
955 2356 1034 2388 Dea
1049 2366 1139 2393 sum,
1162 2366 1224 2388 nec
1241 2360 1319 2388 ture
1336 2351 1483 2398 dignum
1500 2350 1564 2385 hu-

872 2420 1021 2442 manum
1038 2414 1153 2452 caput.

930 2459 1002 2502 134.
1034 2461 1314 2502 Proecorrumpere
1334 2458 1432 2491 donis
1448 2482 1457 2496 ‚
1483 2461 1565 2490 ante

873 2524 1102 2557 corrumpere
1115 2510 1230 2554 donis,
1244 2523 1350 2555 quam
1362 2509 1564 2544 concubitu.

873 2564 1073 2610 Dupliciter
1101 2563 1342 2609 corrumpitur
1370 2562 1469 2608 virgo
1490 2575 1566 2607 pa·-

873 2624 947 2652 tens
961 2643 969 2657 ‚
998 2628 1076 2661 quae
1104 2615 1156 2651 sui
1183 2615 1283 2650 facile
1310 2615 1448 2660 copiam
1472 2614 1567 2650 facit.

874 2669 1105 2712 Proecorrupta
1127 2667 1235 2702 etiam
1262 2667 1315 2703 IX
1331 2693 1341 2711 ‚
1368 2667 1461 2715 2963
1487 2666 1566 2702 vide

875 2719 917 2754 ad
937 2733 1025 2755 vers.
1046 2721 1101 2755 55.

925 2773 996 2819 ¹37·
1021 2773 1111 2817 Quot
1129 2774 1266 2808 habere!
1281 2778 1347 2808 etc.
1364 2785 1456 2807 unus
1473 2773 1565 2807 Me·-

876 2824 995 2862 diceus
1010 2831 1091 2871 quot
1102 2827 1270 2861 haberent.
1288 2845 1331 2853 —-
1343 2828 1487 2862 Excidit
1501 2839 1560 2870 op-
