1820 3106
319 259 398 302 186

695 263 746 304 P.
792 262 1024 307 ovmn
1043 245 1347 309 ffiAsole

313 351 384 399 Ad
410 351 584 400 thalami
610 365 824 403 certamen
847 354 968 404 adest
986 354 1300 407 :fnwnmnibus
1324 375 1461 404 unum

314 428 440 491 Elige
457 467 468 487 ‚
495 430 674 496 Myrrha
690 469 700 488 ‚
728 431 967 495 tibi,1.dum'
975 449 1056 480 r«nen
1065 431 1123 483 sit
1139 432 1190 479 ,in
1215 432 1421 480 omnibus
1442 451 1570 481 unus.

313 505 394 553 Illa
412 507 594 572 'quidem
619 509 781 567 sentit,
806 509 1247 575 foedoqne·repugnat
1269 509 1406 558 amori
1426 529 1435 558 τ
1603 559 1606 561 ,

314 582 373 628 Et
397 601 566 641 secum,
592 606 612 626 «
636 586 1077 647 Quo‘mente'feror?
1098 586 1203 652 quid
1225 586 1417 634 molior?
1439 585 1598 651 inquit.
1650 598 1715 636 320

315 680 337 700 »
367 660 426 706 Di
440 697 451 715 ‚
475 679 652 725 precor,
678 674 721 710 et
741 662 885 710 Pietas
900 700 912 720 ‚
940 674 1187 728 sacrataque
1208 663 1303 727 jura
1326 673 1578 728 parentum,
1625 691 1628 693 Δ

315 756 336 777 »
366 737 464 783 Hoc
487 737 716 802 prohibete
737 738 881 794 nefas,
911 739 1147 807 scelerique
1170 740 1358 789 resistite
1383 751 1502 788 tanto
1522 742 1546 796 ;'

312 833 335 853 »
363 812 410 859 Si
435 824 576 861 tamen
598 814 681 863 hoc
708 815 849 865 scelus
874 828 966 863 est:
992 816 1067 864 sed
1093 817 1205 865 enim
1231 816 1431 864 damnare
1451 826 1634 878 negatur

313 910 336 930 »
367 889 491 936 Hanc
515 892 727 938 Venerem
750 891 916 956 pietas3
947 905 1191 959 coeuntque
1215 893 1413 942 animalia
1434 892 1556 960 nullo

312 988 334 1007 >›
365 966 516 1015 Cetera
540 967 733 1027 delectu3
757 987 834 1016 nec
860 969 1046 1016 habetur
1072 980 1197 1035 turpe
1217 969 1414 1033 juvencae

1651 984 1716 1018 325

312 1064 334 1083 >›
363 1043 492 1090 Ferre
518 1056 686 1110 patrem
706 1057 830 1107 tergo
853 1065 862 1092 z
886 1045 936 1093 fit
959 1064 1073 1112 equo
1097 1065 1174 1094 sua
1195 1046 1283 1094 filia
1306 1046 1490 1111 conjux;

307 1165 415 1196 quum
431 1153 535 1187 facilis
549 1153 578 1187 ei
594 1161 680 1188 esset
693 1154 849 1188 nubendi
864 1155 978 1200 copia,

305 1211 407 1248 atque
419 1205 582 1239 maritum
593 1205 837 1251 sibideligendi
848 1220 866 1240 e
877 1207 979 1240 maxi-

306 1267 364 1288 mo
381 1268 531 1290 nurnero
555 1259 712 1290 lectorum
727 1283 735 1295 ‚
770 1256 981 1301 praestantis-

303 1307 495 1351 simorum,
515 1321 701 1351 procerum,
725 1308 894 1352 juvenum
914 1321 978 1341 re·-

305 1358 440 1403 giorum
457 1384 466 1400 ,
495 1358 552 1402 qui
577 1371 653 1392 eam
672 1361 871 1401 cupiebant,
896 1370 978 1390 am·-

305 1409 445 1443 biebant
458 1410 587 1454 nuptiis
599 1436 607 1452 ,
629 1417 664 1444 et
684 1412 826 1444 aderant
840 1412 890 1443 ad
901 1412 981 1443 lha-

305 1463 390 1495 lami
395 1468 565 1500 certamen,
583 1468 770 1506 praesentes
779 1461 957 1495 certabant
967 1486 976 1503 ,

307 1521 343 1548 ut
359 1527 435 1548 eam
451 1514 514 1548 sibi
531 1514 672 1560 quisque
690 1514 875 1559 conjugem
893 1513 978 1546 vin-

305 1565 444 1601 dicaret.
457 1585 500 1591 —
520 1568 663 1610 Totoque
682 1567 825 1600 Oriente.
840 1565 879 1600 Id
899 1566 978 1610 quia

307 1617 409 1652 nimis
417 1617 589 1663 poeticum
602 1617 776 1662 judicabat
786 1616 979 1662 Casp.Hos-

306 1682 454 1704 mannus
466 1696 474 1713 ,
488 1670 680 1715 corrigebat
695 1675 826 1714 lotoque
841 1670 977 1708 Oronte,

308 1727 344 1754 ut
354 1721 605 1765 intelligeretur
613 1733 651 1754 ea
660 1733 737 1766 pars
748 1721 978 1767 Syriae,quam

306 1772 462 1808 Orontes
475 1774 612 1819 irrigat3
632 1772 692 1807 sed
707 1773 796 1807 bene
813 1773 978 1806 Orientem

307 1825 531 1860 Burmannus
543 1825 698 1860 defendit
708 1826 749 1859 ab
760 1824 812 1858 his
822 1824 898 1858 libri
911 1824 977 1867 IV,

305 1877 346 1910 56
357 1903 365 1919 ,
385 1877 428 1911 de
445 1877 572 1912 Thisbe
589 1889 596 1911 ε
613 1890 698 1922 quas
722 1878 840 1910 Oriens
863 1878 981 1909 habuit

298 1931 580 1973 proelalapuellzk.
591 1930 726 1974 Nempe
737 1928 764 1963 si
776 1928 932 1962 ditissimi
943 1934 979 1961 et

305 1980 534 2025 potentissimi
557 1981 645 2026 regis
669 1979 737 2013 filia
755 1992 773 2013 a
795 1979 906 2024 procis
924 1985 979 2012 to-

305 2032 371 2066 tius
384 2032 540 2067 Orientis
552 2039 766 2077 exspectatur
775 2057 785 2075 ,
799 2030 978 2066 historicus

304 2097 376 2118 non
394 2093 574 2120 vereretur
596 2085 660 2120 hoc
682 2084 751 2118 fide
773 2091 866 2119 certa
889 2096 978 2117 nar-

304 2150 380 2170 rare
396 2151 403 2178 ;
423 2150 485 2171 cur
499 2149 570 2170 non
587 2143 705 2181 poeta,
721 2136 776 2170 cui
791 2142 883 2170 certe
899 2135 978 2168 licet

304 2191 432 2226 famam
449 2191 691 2236 pulcherrimae
704 2190 826 2235 puellae
843 2189 975 2234 fingere

304 2244 409 2279 etiam
427 2244 468 2277 ad
488 2244 587 2289 longe
606 2250 756 2277 remotas
773 2249 892 2288 gentes
909 2241 978 2274 dis-

305 2299 413 2332 susam
430 2311 501 2333 esse
517 2298 531 2331 ?
547 2300 613 2333 Ed.
623 2299 773 2341 —El1gre
783 2323 790 2336 ,
809 2298 949 2341 Myrrha
961 2322 970 2336 ‚

303 2352 372 2383 tibi.
386 2349 484 2394 Regii
495 2349 616 2390 nostri,
629 2349 736 2391 Elige,
750 2348 903 2392 Myrrha,
923 2349 977 2379 vi-

304 2415 373 2435 rum
387 2428 395 2444 ,
410 2401 502 2446 quod
515 2401 667 2446 placebat
679 2399 824 2433 Heinsio
834 2425 843 2442 ,
858 2399 885 2432 si
898 2411 977 2432 mox

305 2453 479 2498 legeretur
494 2455 570 2486 dum
584 2465 649 2485 non
657 2464 700 2485 ex
709 2453 859 2485 omnibus
867 2463 975 2483 unum.

309 2502 543 2538 Constantius·
564 2504 649 2537 Fan.
672 2501 806 2537 delebat
830 2501 975 2535 verbum

304 2557 556 2591 substantivum
572 2570 580 2597 ς
611 2556 670 2591 sed
698 2555 858 2602 Micyllus
881 2554 976 2589 dedit

306 2622 386 2643 cum
408 2610 534 2643 nostris
556 2608 671 2653 Regiis
685 2634 694 2651 ‚
713 2609 788 2641 dum
804 2620 868 2640 non
883 2609 930 2640 sit
941 2610 975 2639 l'n

306 2664 473 2701 omnibus,
487 2669 526 2695 ut
539 2673 654 2695 versus
664 2666 780 2694 staret.
793 2659 900 2693 Bene.
910 2660 974 2692 Ed.

305 2731 348 2738 ·-
359 2714 447 2746 Dum
463 2727 504 2747 ne
519 2717 566 2747 sit
574 2721 636 2747 etc.
649 2726 718 2746 uno
729 2719 825 2758 patre
841 2725 880 2746 ex
890 2724 975 2745 om—

305 2766 406 2801 nibus
423 2774 573 2811 excepto.
591 2767 688 2801 Lusit
702 2766 740 2801 in
752 2778 874 2801 vocem
882 2778 976 2800 unus.

1052 1177 1055 1180 -
1088 1156 1108 1189 3
1117 1170 1163 1203 ¹9·
1176 1157 1292 1190 Sentit.
1309 1156 1462 1190 Sensum
1473 1155 1568 1189 enim
1580 1153 1716 1190 honesti

1045 1214 1080 1241 et
1107 1209 1215 1252 turpis
1239 1208 1399 1243 omnibus
1425 1207 1624 1242 hominibus
1645 1206 1715 1240 imo

1044 1259 1166 1303 pressit
1182 1259 1288 1293 Deus.
1316 1259 1363 1293 Et
1377 1259 1406 1293 is
1420 1271 1539 1293 sensus
1559 1257 1663 1292 etiam
1677 1257 1715 1291 in

1043 1323 1127 1354 seqq
1146 1310 1273 1344 «mediis
1301 1310 1337 1343 in
1362 1309 1536 1344 furoribus
1559 1307 1716 1356 Myrrhae

1044 1361 1192 1395 subinde
1210 1361 1463 1406 expergiscitur.
1535 1396 1539 1401 ,

1087 1412 1163 1446 320.
1190 1415 1239 1447 Et
1259 1425 1379 1448 secum.
1406 1412 1572 1457 Sequitur
1593 1411 1716 1447 solilo-

1045 1465 1166 1508 quium
1179 1491 1188 1507 ,
1210 1466 1245 1499 in
1261 1477 1330 1510 quo
1342 1477 1424 1499 mox
1437 1465 1580 1499 affectus
1589 1464 1695 1498 vincit
1704 1489 1714 1505 ,

1043 1528 1124 1549 mox
1139 1529 1220 1550 sana
1237 1518 1325 1550 ratio
1340 1543 1349 1560 ,
1380 1524 1418 1551 ut
1436 1529 1540 1562 supra
1562 1516 1612 1552 lx
1625 1541 1635 1560 ,
1653 1517 1715 1560 473

1043 1579 1104 1612 sqq
1119 1594 1127 1610 ,
1146 1568 1180 1601 in
1198 1567 1423 1602 fluctuatione
1439 1567 1605 1614 Bybtidis.
1630 1567 1717 1602 Pri—-

1043 1632 1141 1655 mum
1152 1632 1234 1655 sana
1245 1620 1324 1654 satis
1335 1627 1396 1662 est,
1411 1627 1446 1653 et
1456 1619 1615 1654 Deorum
1627 1619 1716 1653 auxi-

1043 1671 1129 1704 lium
1144 1671 1304 1717 implorat
1314 1684 1321 1705 :
1338 1673 1411 1714 Quo
1419 1670 1619 1714 mentesemr
1626 1670 1714 1704 bene

1044 1722 1086 1757 de
1102 1723 1163 1766 iis,
1183 1723 1241 1768 qui
1259 1723 1414 1758 sentiunt
1435 1735 1471 1756 se
1486 1721 1615 1756 furiosa
1628 1733 1716 1756 con-

1043 1775 1116 1809 silia
1135 1784 1269 1820 capere.
1287 1793 1330 1801 -—·
1348 1773 1525 1809 mauride
1536 1773 1636 1808 omni
1654 1786 1715 1808 co-

1043 1835 1138 1864 natu.
1154 1827 1198 1854 -'-·
1215 1830 1330 1862 Pe‘etas
1341 1853 1349 1868 ‚
1371 1826 1566 1861 reverentia·
1580 1838 1715 1871 paren-—

1043 1880 1132 1914 tibus
1149 1879 1263 1913 debita
1273 1905 1282 1922 ,
1298 1876 1471 1924 spectatur
1480 1885 1518 1913 ut
1529 1890 1717 1912 numen.-

1043 1935 1202 1972 Sacrata,
1232 1945 1325 1966 sacra
1341 1958 1349 1975 ,
1368 1938 1407 1966 ut
1425 1931 1589 1977 Virgilius
1603 1956 1612 1974 ‚
1631 1931 1715 1965 AEn.

1044 1985 1078 2019 ΙΙ
1092 2010 1101 2027 ,
1131 1987 1200 2029 157.
1226 2002 1269 2009 --
1290 1981 1470 2018 Sceleri...
1485 1989 1587 2017 tanto.
1614 1982 1715 2028 Regii

1042 2036 1150 2071 nostri
1165 2062 1173 2079 ,
1191 2038 1311 2069 sceleri
1321 2062 1329 2069 .
1343 2061 1350 2069 .
1363 2063 1371 2070 .
1386 2032 1498 2069 nestro
1511 2061 1520 2076 ,
1543 2033 1637 2080 quod
1652 2047 1713 2079 po·-

1043 2096 1108 2123 test
1125 2088 1276 2122 defendi.
1294 2084 1359 2121 ΕΔ.
1648 2102 1650 2106 >

1084 2142 1158 2184 324.
1179 2142 1373 2185 Coeumque.
1396 2139 1526 2185 Regius
1547 2146 1666 2174 noster
1682 2140 1711 2173 B
1756 2162 1758 2164 v

1041 2197 1073 2239 τρ·
1089 2207 1150 2238 que
1164 2193 1293 2227 omittit
1305 2219 1314 2236 ,
1347 2205 1417 2237 quo
1439 2192 1580 2237 quidem
1603 2199 1714 2237 potest

1040 2243 1170 2280 vac'are.
1190 2247 1254 2280 Ed.
1267 2265 1310 2271 —
1327 2248 1456 2294 Coeunt
1470 2248 1560 2279 nullo
1574 2247 1713 2279 delectu.

1042 2299 1138 2334 Olim
1156 2298 1323 2333 edebatur
1339 2301 1430 2333 nullo
1443 2301 1564 2332 delicto
1573 2304 1585 2340 ,‘
1601 2297 1713 2331 Hein-

1039 2351 1107 2385 sius
1126 2350 1224 2384 malit
1240 2352 1362 2383 dilectu
1377 2376 1384 2389 ,
1414 2349 1486 2383 sine
1503 2346 1602 2382 causa
1619 2359 1627 2381 ε
1646 2349 1713 2381 de·-

1038 2405 1139 2446 lt'gere
1156 2401 1252 2436 enim
1277 2408 1312 2435 et
1334 2403 1471 2444 dlligere
1488 2398 1592 2432 verba
1611 2399 1712 2442 ejus-

1041 2453 1121 2488 dem
1131 2452 1283 2487 notionis
1293 2464 1362 2486 esse
1377 2450 1477 2484 docet
1487 2450 1712 2483 Burmannus

1040 2505 1195 2550 plurimis
1217 2503 1399 2547 exemplis,
1422 2513 1529 2546 quem
1557 2500 1647 2535 vide.
1668 2503 1711 2527 -2-

1040 2559 1139 2604 Regii
1157 2556 1265 2592 nostri
1279 2558 1411 2590 delicto.
1425 2571 1469 2580 -—-
1485 2554 1541 2589 Ab
1550 2551 1713 2588 'animali—

1039 2612 1101 2646 bus
1125 2610 1232 2645 brutis
1259 2608 1388 2642 discere
1412 2607 1506 2650 vult,
1529 2605 1612 2651 quid
1637 2605 1711 2639 ho·-

1039 2663 1125 2698 mini
1143 2663 1250 2697 liceat.
1269 2662 1366 2694 Demi
1386 2667 1481 2694 unter
1497 2660 1610 2693 det‘ner
1628 2659 1711 2691 ἰῶ·-

1037 2723 1070 2749 te
1086 2716 1200 2748 Barde
1221 2713 1338 2746 Sinkst
1358 2714 1402 2746 du
1426 2724 1492 2745 von
1508 2714 1597 2744 eines
1612 2708 1711 2743 Men—

1039 2767 1140 2800 seben
1181 2765 1304 2802 W'iirde
1334 2776 1397 2798 zur
1424 2762 1630 2805 Niedngkcit
1651 2762 1710 2794 des
