1820 3106
384 257 1092 306 METAMORPHOSEON
1123 259 1258 302 LIB.
1293 260 1388 303 IX.

1515 260 1594 302 103

161 357 339 424 Jupiter
362 353 623 421 adloquitur
642 373 652 402 :
677 375 699 397 «
720 355 888 402 Nostra
910 365 978 402 est
1002 353 1138 402 timor
1159 352 1244 401 iste
1263 351 1470 419 voluptas
1486 390 1497 410 ‚

168 457 190 478 »
218 436 261 484 Ο
285 432 472 501 Superi;
499 444 689 500 totoque
711 431 858 480 libens
877 431 987 480 mihi
1009 442 1187 498 pectore
1213 441 1388 494 grator,

167 535 190 556 »
219 511 358 577 Quod
378 511 588 560 memoris
611 509 773 578 populi
798 510 923 559 dicor
944 521 1178 576 rectorque
1202 520 1416 576 paterque
1432 546 1444 567 ‚

1535 524 1601 567 245

166 612 191 634 »
215 591 279 638 Et
299 609 396 639 mea
417 589 654 656 progenies
677 601 826 638 vestro
851 607 1032 656 quoque
1055 600 1152 637 tuta
1171 587 1320 636 favore
1341 598 1422 636 est.

167 689 190 711 »
214 668 329 716 Nam
354 686 608 734 quanquam
631 668 775 735 ipsius
800 666 932 716 datur
950 667 1039 716 hoc
1060 666 1330 715 immanibus
1355 665 1463 715 actis
1479 702 1491 723 ‚

168 769 191 790 »
218 745 415 810 Obligor
436 746 533 814 ipse
558 758 704 796 tamen
728 766 737 795 :
764 747 960 796 sedenim
975 784 987 804 ‚
1012 765 1068 795 ne
1090 758 1271 814 pectora
1288 764 1402 793 vano

166 847 190 869 »
218 825 327 875 Fida
349 837 481 875 metu·
493 838 680 893 paveant
694 864 706 884 ‚
732 826 909 874 OEtaeas
931 825 1127 892 spernite
1149 823 1358 873 flammas.

164 925 188 946 »
218 903 384 953 Omnia
406 904 484 972 qui
504 904 639 963 vicit,
664 904 835 962 vincet,
862 921 975 970 quos
998 902 1202 961 cernitis,
1227 901 1382 965 ignes3

1536 911 1601 945 250

164 1005 188 1025 >¹
213 984 308 1032 Nec
332 982 419 1031 nisi
443 994 642 1032 materna
663 981 913 1031 Vulcanum
934 992 1058 1048 parte
1081 992 1312 1048 potentem

165 1085 189 1106 »
217 1059 390 1111 Sentiet
413 1080 423 1110 :
445 1073 659 1111 aeternum
681 1072 771 1119 est,
798 1079 823 1108 a
846 1079 916 1108 me
946 1059 1068 1127 quod
1094 1059 1255 1117 traxit,
1281 1070 1325 1107 et
1345 1066 1501 1124 erpers

165 1162 188 1183 >›
214 1140 368 1207 Atque
391 1140 587 1189 immune
609 1139 731 1188 necis
748 1176 760 1198 ‚
788 1137 1002 1205 nullaque
1027 1135 1251 1186 domabile
1276 1135 1476 1185 flamma:

166 1240 189 1261 »
217 1217 362 1285 quue
385 1237 470 1282 ego
493 1217 753 1267 defunctum
777 1229 892 1266 terra
914 1215 1165 1264 caelestibus
1190 1213 1281 1263 oris
1340 1270 1354 1286 ἢ

166 1318 190 1339 »
216 1295 447 1364 Accipiam
462 1333 475 1356 ‚
498 1295 930 1363 cunctisque-meum
950 1291 1140 1342 laetabile
1158 1291 1325 1340 factum

1537 1304 1601 1337 255

168 1396 191 1417 »
218 1373 303 1422 Dis
322 1373 418 1423 fore
441 1373 619 1423 confido
640 1393 651 1422 ε
670 1373 715 1422 ἐἰ
739 1373 840 1441 quis
863 1384 1009 1421 tamen
1034 1369 1226 1420 Hercule
1241 1408 1253 1430 ,
1280 1369 1319 1418 si
1341 1369 1442 1437 quis

163 1494 307 1542 Magnae
318 1494 350 1531 ei
363 1494 471 1530 etiam
484 1493 579 1530 laudi
591 1501 643 1530 est
653 1521 662 1539 ‚
677 1493 770 1540 quod
783 1493 848 1540 ipsi

163 1547 225 1582 Dii
235 1559 300 1594 pro
311 1560 354 1582 eo
364 1547 573 1583 timuerunt.

208 1599 284 1644 243.
294 1601 422 1635 Nostra
431 1605 484 1634 est
488 1602 590 1634 timor
597 1602 662 1634 iste
670 1601 826 1644 voluptas
834 1611 847 1643 ,⁸

163 1652 297 1699 Regius
312 1658 434 1688 noster
455 1651 487 1687 A
503 1679 514 1696 ,
534 1654 692 1687 voluntas
711 1665 722 1687 ‚-
745 1651 849 1687 male.

163 1705 339 1752 Fungitur
355 1704 471 1740 officio
481 1705 624 1751 Jupiter
632 1711 667 1740 et
677 1704 774 1740 hunc
783 1717 849 1750 pro

163 1758 236 1794 filio
256 1757 420 1794 Deorum
439 1758 606 1794 timorem
625 1757 690 1794 sibi
709 1765 850 1804 gratum

163 1810 320 1847 accidere
337 1811 529 1847 confitetur
541 1838 551 1855 ‚
574 1818 614 1846 ut
629 1811 770 1857 signum
785 1811 851 1846 sci-

163 1864 243 1900 licet
254 1864 512 1901 benevolentiae
525 1865 562 1899 in
573 1864 673 1899 illum
684 1890 693 1908 ,
713 1870 749 1899 et
762 1864 799 1899 in
812 1877 849 1900 se

165 1924 204 1952 ut
219 1923 357 1964 patrem
373 1917 472 1952 illius.
486 1918 554 1952 Ed.

210 1970 285 2013 245.
296 1971 463 2015 Populus,
485 1975 594 2005 coetus
604 1968 785 2010 Deorum,
803 1968 852 2004 ti-

165 2035 265 2058 more
289 2035 354 2058 suo
380 2035 553 2058 memorem
577 2035 613 2058 se
643 2021 852 2058 ostendebat

165 2075 422 2111 beneficiorum
431 2075 473 2110 ab
482 2074 638 2110 Hercule
648 2074 854 2109 hominibus

167 2128 413 2174 praestitorum.
427 2147 473 2154 —-
492 2129 582 2163 Tuta
590 2128 739 2173 βροτω·
759 2127 854 2162 Vir-

169 2178 289 2227 gilius,
305 2179 505 2224 AEneid.V,
518 2179 582 2225 343
593 2206 603 2225 ,
619 2186 750 2215 tutatur
748 2178 857 2224 favor

166 2231 366 2278 Euryalum.

214 2284 289 2329 247.
305 2284 422 2318 Datur
434 2284 519 2327 boc,·
536 2283 640 2329 vulgo
658 2282 727 2330 (et
742 2283 856 2318 nostri

170 2335 301 2384 Regii)
317 2339 410 2372 datis
424 2339 499 2371 boc.
516 2337 631 2372 Porro
642 2363 652 2381 ‚
669 2337 855 2372 Mediceus

168 2401 261 2424 unus
276 2396 312 2424 et
330 2388 513 2424 Leidensis
533 2390 723 2433 insignibus
740 2392 849 2431 actt’s,

169 2441 265 2488 quod
277 2442 508 2476 Burmannus
522 2440 665 2475 defendi
678 2453 777 2486 posse
789 2454 858 2486 pu-

171 2501 223 2530 tat
232 2508 274 2529 ex
286 2493 525 2538 Heroid.111,
544 2507 580 2528 12
589 2508 615 2527 ι.
630 2493 794 2528 Alterum
807 2500 859 2529 est

170 2546 354 2583 efficacius.
370 2547 497 2582 Horat.
516 2547 552 2581 11
566 2573 575 2589 ‚
596 2546 662 2592 Ep.
677 2556 691 2579 1
703 2572 713 2590 ,
734 2546 756 2581 6
768 2572 778 2590 ,
795 2550 859 2582 in-

167 2600 396 2646 gentlasacla
412 2600 558 2645 Bacchi,
579 2600 724 2635 Romuli
740 2608 806 2637 etc.
816 2620 860 2628 --

170 2653 291 2690 Nostri
312 2654 415 2700 Regii
431 2656 644 2689 immanibus.
667 2655 745 2688 Hoc
761 2656 863 2688 datur

174 2707 250 2753 ejus
276 2711 382 2748 actis,
419 2707 494 2743 haec
521 2706 717 2743 sollicitudo
748 2709 862 2743 oritur

173 2766 318 2806 propter
350 2760 426 2806 ejus
442 2767 516 2795 acta
533 2774 541 2796 ι
566 2751 749 2802 immania,
783 2773 861 2806 quae

173 2811 277 2859 vulgo
287 2812 460 2859 stupenda
470 2826 654 2858 vocamus,
674 2820 748 2849 aeta
758 2813 863 2848 inau-

915 1493 997 1528 ditae
1018 1491 1246 1528 fortitudinis.
1270 1490 1389 1526 Etiam
1415 1490 1521 1526 Trist.
1540 1491 1575 1526 II
1593 1518 1600 1533 ‚

915 1549 1001 1592 335,
1025 1550 1190 1583 immania
1213 1548 1359 1582 Caesaris
1379 1552 1470 1581 acta.
1491 1544 1608 1579 Catnl..

916 1602 1010 1637 Pith.
1027 1615 1060 1648 p.
1077 1601 1121 1636 66
1134 1628 1143 1646 ,
1160 1602 1312 1645 ingentia
1334 1599 1493 1635 Consulis
1510 1605 1601 1633 actu.

916 1654 1084 1690 Occurrit
1100 1653 1208 1689 etiam
1223 1655 1383 1688 immanis
1391 1653 1503 1697 gloria
1513 1679 1521 1693 ,
1538 1654 1604 1685 im—

915 1710 1027 1742 manis
1040 1709 1192 1742 victoria.

960 1761 1036 1794 250.
1058 1760 1183 1793 Omnia
1199 1760 1260 1804 qui
1270 1759 1364 1792 vicit.
1383 1755 1482 1791 Hinc
1497 1759 1606 1790 Invic-

916 1819 971 1848 tus
987 1815 1151 1848 Hercules
1179 1818 1215 1847 et
1235 1812 1272 1846 in
1297 1808 1543 1845 monumentis
1567 1816 1603 1842 et

917 1865 1010 1911 apud
1028 1864 1155 1911 poetas.
1171 1882 1215 1890 —-
1233 1864 1422 1899 Vulcanum
1435 1868 1605 1906 potentem

917 1917 1055 1964 dignius
1067 1944 1077 1962 ,
1099 1930 1205 1963 quam
1218 1943 1228 1961 ,
1245 1916 1366 1962 ignem
1384 1914 1605 1961 rapidum.—

916 1971 1077 2005 Materna
1079 1976 1199 2016 ρανίᾳ·
1211 1969 1301 2003 Jove
1312 1968 1514 2015 genitorum
1525 1980 1606 2002 cor-

916 2036 1002 2071 pora
1027 2037 1068 2060 ex
1092 2023 1221 2070 duplici
1243 2023 1391 2059 materia
1411 2022 1605 2068 composita

918 2083 1021 2112 erant
1032 2104 1042 2121 ‚
1060 2076 1201 2111 mortali
1214 2083 1251 2111 et
1264 2074 1478 2117 immortali,
1492 2075 1538 2108 ita
1553 2081 1607 2109 ta-

918 2142 1027 2173 men,
1053 2136 1093 2164 ut
1119 2129 1194 2164 haec
1221 2127 1436 2174 praevaleret.
1462 2126 1561 2160 Illam
1589 2140 1607 2159 a

919 2188 1033 2216 matre
1045 2180 1243 2225 habebant,
1264 2180 1356 2216 hanc
1368 2193 1386 2214 a
1402 2186 1510 2225 patre.
1523 2177 1606 2212 Vid.

920 2234 1024 2270 Philo
1033 2261 1042 2279 ,
1058 2248 1090 2280 p.
1101 2234 1177 2270 881.
1187 2233 1360 2269 Divinum
1373 2245 1498 2278 corpus
1510 2232 1608 2265 Her—

919 2287 987 2323 culi
998 2287 1260 2322 tribuitJulian.
1269 2286 1371 2322 Orat.
1381 2285 1454 2320 Vll
1466 2311 1475 2328 ,
1489 2298 1520 2330 p.
1532 2285 1608 2327 408.

920 2341 1135 2385 -Nullaque
1143 2340 1310 2375 domabile
1309 2340 1455 2384 flamma
1464 2347 1476 2378 ‚·
1491 2335 1609 2370 Heiu—

920 2394 990 2430 sius
1000 2393 1124 2429 suadet
1134 2395 1283 2438 nullique
1293 2420 1301 2427 .
1311 2419 1319 2426 .
1327 2394 1505 2436 ‚flammoe;
1524 2402 1610 2424 nam

922 2459 1015 2481 unus
1034 2459 1075 2481 ex
1099 2446 1175 2491 ejus
1192 2444 1300 2480 MSS.
1319 2444 1424 2479 habet
1442 2443 1610 2488 nullique:

923 2499 1093 2544 approbat
1100 2498 1211 2532 Burm
1217 2495 1487 2541 annus.—Regii
1499 2496 1611 2531 nostri

923 2550 1099 2596 vulgatam
1112 2556 1270 2584 tuentur.

969 2603 1044 2645 254.
1071 2601 1277 2646 Defunctum
1301 2606 1412 2642 terra,
1442 2602 1613 2647 superatis

926 2655 1091 2690 omnibus
1114 2654 1283 2690 molestiis
1301 2660 1338 2689 et
1358 2654 1612 2689 vicissitudini-

924 2709 990 2744 bus
999 2735 1008 2753 ,
1025 2722 1103 2754 quae
1116 2707 1309 2744 subeundae
1318 2716 1401 2744 suut
1410 2708 1613 2744 hominibus

926 2761 963 2796 in
982 2769 1086 2796 terra.
1107 2779 1152 2787 —-
1170 2762 1259 2803 Oris,
1282 2761 1319 2797 in
1338 2774 1426 2797 oras.

972 2814 1047 2849 256.
1064 2815 1210 2850 Hercule
1231 2820 1266 2852 et
1286 2815 1363 2850 Deo
1382 2816 1493 2849 dolere
1512 2812 1616 2859 paulo
