1820 3106
251 214 309 259 86

614 218 667 261 P.
713 219 952 264 ov1n11
987 206 1288 268 NASONIS

248 310 402 359 Induit
425 309 498 360 ille
525 312 635 360 toris
657 333 681 361 a
704 313 808 362 laeva
830 326 952 380 parte
976 313 1187 375 lacertos,

247 389 593 456 Admissumque
618 390 796 440 trahens
820 393 1046 458 sequitur,
1072 394 1371 462 deprensaque
1396 397 1506 448 dura

250 471 427 518 Cornua
445 468 542 531 figit
559 469 696 517 humo
713 507 725 527 ‚
750 490 906 536 meque
929 471 1014 520 alta
1040 473 1197 520 sternit
1218 493 1360 522 arena.

245 551 338 597 Nec
362 548 466 597 satis
490 548 536 595 id
558 548 732 597 fuerat:
756 549 947 613 rigidum
972 549 1062 598 fera
1085 550 1260 600 deutera
1283 572 1422 602 cornu
1625 569 1670 605 85

243 627 364 674 Dum
388 637 529 684 tenet,
549 626 762 689 infregit‚'
782 639 1025 695 truncaque
1051 648 1073 676 a
1099 629 1244 678 fronte
1267 630 1452 679 revellit.

245 703 409 751 Naides
434 703 518 751 hoc
534 742 545 761 ‚
571 705 719 770 pomis
740 717 784 753 et
806 705 947 754 odoro
972 706 1080 755 flore
1100 707 1317 774 repletum
1331 746 1344 767 ‚

247 784 509 841 Sacrarunt;
537 784 746 851 divesque
770 806 867 834 meo
894 788 1011 836 bona
1037 789 1179 855 Copia
1199 808 1336 837 cornu
1360 801 1438 838 est.
1469 812 1492 833 n

311 865 494 914 Dixerat
515 885 525 913 ε
550 878 595 914 at
616 867 821 934 Nymphe
835 905 847 926 ‚
869 868 959 917 ritu
983 870 1207 921 succincta
1231 871 1384 919 Dianae
1399 908 1410 928 ,

241 1010 315 1055 jicit
332 1012 483 1050 revellor,
507 1023 618 1055 quum
645 1011 680 1045 in
704 1011 861 1057 Spirensi
889 1019 924 1046 et

241 1062 352 1097 tribus
370 1062 441 1097 aliis
457 1065 576 1096 revello
600 1070 709 1106 esset,
739 1071 774 1098 et
796 1064 833 1098 in
862 1072 924 1098 to-

241 1113 353 1148 tidem
372 1117 503 1158 repello.
524 1133 569 1141 ——-
593 1115 693 1160 Regii
711 1115 819 1150 nostri
833 1141 843 1158 ‚
870 1129 925 1149 re-

240 1169 337 1201 bello.
354 1186 398 1193 —-
412 1169 590 1202 Rebellare
602 1196 609 1207 ‚
629 1168 759 1202 bellum
775 1176 834 1202 aut
850 1169 925 1203 luc-

243 1226 315 1252 tam
333 1219 584 1264 redintegrare.
611 1220 669 1254 Sic
686 1221 811 1266 passim
832 1220 923 1266 apud

241 1271 429 1307 historicos.
450 1271 563 1307 Causa
581 1272 685 1318 hujus
698 1273 923 1307 transforma-

242 1324 344 1358 tionis
362 1324 461 1358 allata
479 1323 521 1357 ad
539 1337 680 1358 versum
702 1339 725 1358 1.

297 1379 350 1412 82.
372 1379 490 1411 Induit
517 1380 576 1410 ille
604 1380 690 1411 toris·
721 1384 785 1411 etc.
812 1378 922 1412 Locus

242 1429 408 1464 obscurus
426 1455 435 1471 ‚
466 1442 572 1475 quem
599 1429 685 1464 adeo
704 1429 922 1474 'interpretes

240 1482 378 1516 silentio
406 1482 661 1527 praeterierunt.
683 1482 720 1516 Si
746 1481 828 1526 quid
858 1496 921 1527 ego

241 1534 342 1568 video
356 1560 364 1576 ‚
379 1547 499 1568 sensus
514 1541 564 1568 est
576 1533 631 1568 hic
643 1547 650 1567 :
665 1534 834 1567 Hercules
848 1547 923 1568 sus-

240 1588 322 1632 cipit
337 1595 428 1622 toros
439 1600 534 1621 meos
546 1587 680 1622 lacertis
690 1587 758 1621 suis
768 1612 778 1629 ‚
791 1599 921 1631 meque

239 1647 336 1674 retro
350 1647 553 1674 currentem
565 1639 671 1673 trahit
683 1639 826 1684 quidem
835 1666 843 1682 ,
860 1639 920 1673 sed

241 1700 276 1727 et
292 1692 388 1737 sequi
406 1692 540 1737 cogitur
560 1718 569 1735 ,
599 1691 710 1725 donec
724 1691 922 1736 deprehen-

240 1759 275 1779 sa
289 1771 298 1788 ,
328 1751 391 1779 ete.
418 1745 576 1779 Fortasse
604 1744 753 1788 respexit
773 1743 921 1778 Ovidius

240 1804 515 1831 monumentum
533 1796 670 1842 aliquod
689 1823 698 1840 ,
731 1797 764 1830 in
784 1810 853 1841 quo
873 1796 922 1830 ita

240 1861 440 1893 expressum
455 1855 528 1882 erat
539 1848 604 1882 hoc
615 1856 851 1883 certamen.—
860 1850 921 1882 To-

237 1904 285 1934 ris
300 1903 444 1935 lacertos
459 1912 470 1941 ,·
491 1899 688 1943 Leidensis‚
711 1903 922 1935 toros-*lacer-

239 1959 284 1989 tis
298 1982 305 1991 ,
326 1953 418 1999 quod
441 1954 562 1998 probat
579 1952 778 1987 Gronovius
796 1952 838 1986 ad
858 1953 921 1988 Se—

240 2018 364 2040 necam
378 2031 387 2047 ,
407 2005 549 2039 Hercul.
568 2005 651 2038 Fur.
665 2005 919 2051 1312.—-Regii

241 2057 348 2092 nostri
363 2083 373 2099 ‚
390 2060 472 2091 toris
488 2059 641 2090 lacertos.
656 2059 825 2091 —Induit
837 2061 921 2092 toris

241 2113 399 2147 lacertos,
420 2108 485 2142 tori
498 2109 567 2142 mei
580 2108 759 2153 implicant
777 2108 921 2144 lacertos

184 2157 199 2167 ⁸
241 2154 316 2206 ejus
327 2186 336 2204 ,
354 2160 438 2193 dum
456 2160 582 2194 collum
598 2173 718 2194 meum
734 2161 921 2206 amplecti—

242 2221 309 2248 tur.
322 2232 366 2238 —
377 2214 558 2247 Admissus
570 2219 689 2246 taurus
701 2239 710 2256 ,
730 2220 766 2247 ut
777 2215 926 2247 admissi

239 2269 323 2311 equi.
333 2284 376 2291 —
384 2262 659 2309 Deprensabue...
670 2267 779 2298 humo.
793 2266 844 2299 Ita
856 2264 920 2298 de-

241 2317 365 2353 bellari·
377 2317 532 2352 solebant
547 2316 636 2350 tauri
654 2330 662 2357 ;
685 2316 754 2350 vid.
770 2315 919 2350 Grono-

240 2371 335 2413 vius,
358 2369 504 2404 Observ.
521 2369 558 2411 I,
580 2383 681 2414 17.—
694 2369 794 2414 Regii
809 2368 918 2403 nostri

241 2423 372 2456 habent
378 2424 534 2466 depressa
542 2422 810 2455 huma—Arena
819 2432 917 2465 aeque

240 2483 333 2511 recte
362 2489 400 2510 ac
429 2489 546 2510 arena.
572 2475 653 2510 Vid.
681 2475 848 2511 Heinsius
874 2475 917 2510 ad

242 2529 364 2563 Amor.
383 2528 437 2562 III
453 2554 462 2571 ,
486 2538 535 2570 11,
555 2530 606 2562 25.

284 2581 337 2614 85.
356 2581 446 2614 Satis
462 2583 502 2614 id
503 2578 646 2623 fuerat;
667 2579 769 2625 Regii
784 2579 915 2623 nostri,

240 2630 430 2674 b'ocsuerat.
447 2649 491 2657 —-
505 2633 665 2675 Bigidum
677 2631 760 2675 fera
779 2633 917 2665 dextera

239 2695 340 2715 cornu
355 2688 419 2716 etc.
431 2682 509 2716 Hoc
521 2682 696 2716 estnobile
707 2682 791 2716 illud
808 2684 917 2717 Cornu

242 2734 365 2777 Copta,
379 2733 471 2779 quod
480 2734 517 2767 in
528 2734 768 2769 monumentis
782 2733 914 2780 Copiae,

989 1014 1070 1048 Paci
1082 1019 1117 1048 et
1128 1015 1294 1049 Fortunae
1307 1014 1414 1049 tribui
1423 1013 1508 1049 solet
1518 1040 1527 1058 ‚
1541 1013 1585 1050 de
1598 1028 1669 1061 quo

989 1067 1067 1101 vide
1082 1067 1344 1112 Apollodorum,
1360 1068 1395 1102 Π
1405 1093 1415 1110 ,
1426 1060 1538 1111 v'11,5{
1552 1067 1670 1114 ibique

990 1119 1186 1165 Heynium.
1199 1119 1322 1154 Horat.
1344 1118 1463 1154 Carm-
1477 1119 1580 1155 secul.
1599 1123 1640 1168 59
1659 1146 1670 1164 ,

989 1171 1202 1215 Apparetquc
1217 1173 1316 1205 beata
1325 1174 1424 1215 pleno
1440 1173 1546 1215 Copia
1556 1184 1671 1207 cornu.

990 1222 1059 1256 Sed
1068 1224 1159 1269 apud
1171 1224 1421 1270 Apollodorum
1435 1224 1586 1260 Acheloo
1595 1224 1671 1260 red-

989 1273 1086 1307 ditur
1098 1275 1161 1309 hoc
1177 1288 1305 1319 cornu,
1323 1276 1467 1321 ejusque
1485 1276 1558 1311 loco
1576 1276 1673 1311 Her-

988 1326 1080 1360 cules
1109 1326 1302 1364 Amaltheae
1323 1341 1433 1362 cornu
1457 1328 1588 1374 accipit.
1608 1328 1667 1363 Sic
1693 1352 1697 1355 -

989 1385 1024 1411 et
1038 1381 1151 1413 caeteri
1171 1380 1294 1415 Graeci.
1311 1400 1355 1407 —-
1367 1384 1477 1417 Cornu
1492 1381 1547 1416 vel
1561 1381 1671 1417 sinis-

989 1435 1096 1471 trum,
1105 1431 1300 1465 secundum
1312 1432 1427 1466 Schol.
1440 1433 1602 1477 Romen,
1615 1431 1672 1466 vel

989 1480 1150 1515 dextrum
1167 1508 1176 1525 ,
1205 1491 1344 1517 auctore
1364 1484 1478 1518 Schol.
1506 1484 1588 1532 Lyc.
1616 1486 1670 1519 50.

989 1532 1119 1568 Sensus
1142 1535 1265 1569 sabulae
1284 1548 1291 1569 ε
1311 1536 1395 1570 Pars
1421 1543 1543 1581 erepta
1562 1535 1671 1571 fluuio

987 1585 1074 1619 sacta
1092 1593 1141 1620 est
1160 1593 1251 1620 terra
1275 1587 1406 1622 fertilis.
1437 1588 1613 1623 Diodorus
1632 1595 1668 1622 et

987 1636 1112 1672 Strabo
1125 1645 1269 1682 putant,
1291 1639 1473 1673 brachium
1488 1638 1586 1674 fluvii
1602 1639 1669 1675 alio

988 1688 1179 1724 deductum
1207 1691 1248 1724 ab
1276 1691 1429 1725 Hercule
1448 1699 1550 1726 terrae
1565 1691 1671 1737 adja—

987 1741 1080 1775 centi
1097 1742 1311 1776 fertilitatem
1325 1742 1522 1777 dedisse.·-·
1539 1744 1672 1777 Trunca

986 1793 1154 1838 astante,
1183 1801 1221 1827 ut
1238 1794 1334 1828 frons
1352 1794 1453 1828 fieret
1477 1801 1610 1830 trunca.
1627 1812 1673 1821 —

986 1846 1126 1884 Naides,
1140 1845 1282 1880 Acheloi
1295 1846 1382 1881 filiae.
1397 1847 1572 1893 Hyginus,
1585 1847 1670 1882 Hes-

980 1900 1154 1940 peridibus
1167 1901 1237 1932 sive
1252 1900 1415 1945 Nymphis
1431 1901 1590 1940 dona91't5
1611 1898 1669 1933 uhi

989 1956 1107 1984 tamen
1124 1951 1203 1985 vide
1228 1951 1460 1985 Munkerum.
1475 1969 1520 1978 --
1543 1951 1670 1986 Sacra-

986 2008 1081 2045 runt‚·
1104 2003 1181 2036 vide
1203 2003 1244 2036 ad
1266 2003 1298 2036 X
1313 2029 1323 2046 ‚
1350 2003 1425 2046 646.

1031 2055 1083 2102 89.
1094 2057 1241 2089 Differat
1250 2067 1260 2097 ‚·
1269 2060 1308 2089 al
1314 2057 1473 2101 Nympbe,
1489 2061 1554 2089 etc.
1565 2054 1669 2100 Regii

985 2107 1114 2150 nostri,
1125 2113 1160 2142 el
1169 2110 1369 2154 Nympbe.—
1378 2108 1515 2142 Satiatis
1527 2107 1668 2142 edendo

984 2159 1137 2194 convivis
1149 2186 1157 2202 ‚
1177 2173 1295 2194 mensa
1308 2161 1419 2205 prima
1430 2173 1511 2194 cum
1522 2159 1667 2206 dapibus

983 2212 1232 2246 removebatur
1242 2239 1251 2255 ,
1266 2212 1369 2257 idque
1383 2213 1418 2246 in
1429 2212 1497 2248 hoc
1506 2213 1667 2247 convivio

983 2264 1113 2298 sactum
1126 2277 1197 2298 esse
1209 2291 1218 2307 ,
1236 2278 1339 2310 supra
1355 2265 1468 2308 VIII,
1483 2266 1568 2310 570„
1582 2277 1667 2299 nar-

983 2316 1134 2350 rabatur.
1161 2316 1247 2350 Mox
1274 2319 1422 2351 secunda
1443 2329 1559 2350 mensa
1583 2329 1666 2350 cum

982 2369 1082 2412 vino,
1102 2370 1213 2414 pomis
1225 2396 1234 2412 ,
1248 2370 1395 2404 nucibus
1407 2395 1417 2412 ,
1431 2381 1507 2414 quae
1525 2368 1666 2403 bellaria

983 2429 1018 2456 et
1026 2427 1206 2472 τραγήματα
1214 2423 1392 2465 dicuntur,
1403 2421 1644 2467 apponebatur
1654 2436 1662 2463 ;

982 2474 1050 2508 vid.
1068 2473 1183 2509 Cerda
1195 2475 1237 2509 ad
1251 2475 1346 2519 Virg.
1367 2473 1506 2508 AEneid.
1524 2474 1559 2517 I,
1579 2474 1660 2518 723:

982 2527 1064 2562 hinc
1084 2541 1157 2562 non
1177 2528 1289 2562 solum
1312 2527 1421 2572 epulae
1436 2553 1445 2570 ,
1471 2526 1531 2561 sed
1557 2527 1663 2561 etiam

981 2592 1112 2614 mensae
1123 2580 1288 2614 dicuntur
1297 2582 1435 2623 uppem}
1447 2579 1559 2621 VIII,
1574 2581 1638 2624 570
1651 2605 1662 2623 ‚

981 2637 1016 2665 et
1030 2631 1104 2665 831.
1115 2650 1159 2656 --
1170 2632 1347 2665 Sacc-iacta
1356 2657 1363 2670 ‚
1389 2643 1458 2675 quo
1469 2629 1662 2675 expeditior

981 2690 1069 2717 esset
1087 2683 1123 2717 in
1141 2682 1337 2717 ministerio
1353 2696 1360 2723 ;
1381 2683 1502 2716 confer
1514 2709 1522 2725 ,
1544 2682 1659 2724 VIII,

979 2735 1211 2770 660.--Fusae·s.
1223 2734 1315 2769 Alibi
1331 2737 1461 2778 sparsis
1471 2735 1661 2777 capillis.—
