1820 3106
244 267 333 324 504

619 272 672 315 P.
707 272 938 317 OVIDII
970 272 1271 318 NASONIS

239 362 403 409 Natum
428 362 654 423 homin-es,
678 365 810 431 pleno
835 372 931 432 quae
954 365 1078 414 fertis
1100 365 1146 412 in
1169 365 1302 413 ubere
1326 365 1508 414 nectar?

240 437 399 487 Mollia
421 458 516 505 quae
537 440 668 488 nobis
691 452 855 489 vestras
878 439 1089 490 velamina
1112 440 1232 489 lanas

238 514 477 572 Praebefis,
501 516 675 581 vitaque
697 517 857 580 magis,
884 536 1015 583 quam
1039 528 1177 564 morte
1197 516 1372 581 juvatis.

240 589 365 653 Quid
389 609 583 639 meruere
606 591 769 651 boves,
796 592 953 641 animal
975 593 1068 641 sine
1092 592 1242 640 fraude
1266 591 1468 657 dolisque
1485 628 1497 650 ,

1593 615 1655 638 120

169 685 172 692 ’
237 667 485 718 Innocuum
503 704 514 726 ,
543 668 745 734 simplex,
770 681 921 717 natum
943 669 1124 717 tolerare
1147 669 1353 717 labores?

240 744 476 793 Immemor
496 757 563 792 est
587 745 786 803 demum,
812 765 891 793 nec
915 746 1094 808 frugum
1119 763 1298 793 munere
1325 745 1509 807 dignus,

240 821 334 884 Qui
357 822 506 887 potuit
527 821 646 884 curvi
674 822 819 870 demto
843 822 979 870 modo
1001 822 1194 888 pondere
1213 822 1346 874 aratri

240 898 493 948 Ruricolam
514 912 702 963 mactare
725 919 876 959 suum;
902 900 979 966 qui
1003 900 1105 948 trita
1127 899 1279 948 labore

239 1006 429 1043 Terentius
444 1034 453 1052 ,
473 1009 542 1043 Ad.
563 1009 638 1052 IV,
663 1021 678 1043 1
693 1035 702 1052 ,
729 1011 768 1044 18
783 1035 794 1052 ‚
819 1021 916 1054 quum

228 1059 342 1103 servet
360 1063 504 1094 maxime
518 1087 526 1101 ‚
551 1065 620 1094 tam
632 1063 808 1104 placidum
820 1073 916 1105 quam

238 1124 327 1146 ovem
338 1114 598 1156 reuda—Inque
607 1114 754 1147 tuendos.
766 1112 916 1158 Berneg.

238 1163 374 1209 primus
385 1162 609 1210 BasiIeensis,
624 1164 709 1198 alter
722 1165 917 1211 Hamburg.

235 1227 330 1250 unus
356 1216 486 1250 Mox-eti
506 1242 515 1259 ,
539 1216 715 1251 Palatinus
741 1230 832 1251 unus
847 1242 856 1259 ,
882 1224 917 1251 et

236 1275 357 1302 noster
366 1268 495 1313 Regius
510 1268 539 1302 B
555 1294 563 1311 ‚
581 1272 678 1312 inque
689 1271 866 1312 tegendos;
879 1269 916 1303 in

238 1318 434 1364 eodemque
445 1346 454 1363 ‚
471 1332 535 1364 pro
555 1320 648 1354 varia
665 1320 812 1355 lectione
829 1321 916 1367 legi-

236 1379 297 1406 tur
306 1375 405 1416 inque
412 1374 551 1407 tuendos
560 1399 567 1412 ‚
580 1372 678 1417 cujus
690 1373 835 1418 glossam
845 1385 918 1408 esse

242 1423 387 1457 alteram
413 1424 598 1458 lectionem
622 1431 706 1469 puto
722 1450 732 1467 ,
758 1437 867 1469 quum
885 1427 918 1460 τὲ

236 1477 324 1507 tueri
344 1474 389 1508 ad
417 1475 511 1509 lactis
534 1475 671 1518 cibum,
691 1483 728 1510 et
753 1476 794 1509 ad
824 1475 918 1509 ami-

236 1532 334 1560 ctum
351 1525 475 1559 referri
495 1526 623 1570 possit,
647 1533 795 1571 utroque
820 1526 918 1560 enim

237 1576 434 1612 humanum
451 1590 562 1623 genus
575 1573 655 1613 oves
666 1578 797 1612 fovent.
808 1580 918 1613 Ed.—

243 1631 344 1664 Tueri
355 1657 362 1670 ,
391 1630 481 1664 alere
502 1656 515 1673 ,
536 1637 728 1665 sustentare
753 1630 918 1664 dicuntur

239 1682 401 1718 homines
415 1690 572 1718 armenta
586 1684 599 1726 (
611 1684 705 1729 Virg.
717 1684 844 1729 Georg.
858 1684 915 1726 ΙΙ,

244 1739 305 1783 ῑ95
318 1738 337 1779 ),
350 1744 385 1771 et
401 1737 554 1772 vicissim-
567 1737 640 1772 haec
663 1736 747 1772 illos.
768 1738 810 1772 In
828 1735 917 1771 Cod.

240 1788 372 1823 Norico
409 1788 621 1833 adscriptum
654 1796 704 1823 est
732 1788 890 1823 scholion»
906 1814 917 1831 ‚

242 1843 380 1875 tuendos
390 1867 398 1880 ‚
413 1854 436 1875 a
440 1840 570 1885 frigore
579 1846 714 1885 propter
723 1843 823 1874 lanas
833 1867 842 1881 ,
863 1839 920 1873 id-

240 1905 308 1938 que
333 1893 489 1938 sequitur
514 1893 749 1927 Burmannus.
777 1892 922 1927 Rectius

239 1958 324 1979 vero
349 1946 454 1980 etiarn
481 1946 522 1980 ad
548 1946 678 1981 victum
703 1946 854 1990 referes,
881 1953 920 1980 ut

239 1997 311 2032 duo
326 1997 382 2032 illa
398 1998 667 2043 complectatur,
686 2011 762 2043 quae
777 1999 847 2043 jam
863 2011 919 2033 se-

239 2052 387 2097 paratim
398 2053 637 2087 nominantur.
651 2054 693 2086 In
703 2055 858 2091 tuendos,
880 2059 919 2086 ut

241 2111 407 2139 tueantur
416 2103 576 2138 homines
587 2118 594 2144 3
607 2104 772 2138 Horatius
782 2130 790 2146 ,
804 2105 834 2146 1,
847 2103 917 2138 Od.

237 2167 342 2191 xxvn
355 2183 364 2199 ,
389 2169 400 2189 1
417 2182 432 2198 ,-
447 2157 548 2191 Natis
560 2159 596 2189 in
605 2168 698 2189 usum
709 2158 829 2189 loetitiae
839 2167 920 2200 scy—

235 2210 327 2253 phis.
345 2207 437 2242 Vide
454 2206 495 2241 ad
512 2208 560 2249 V,
582 2208 656 2253 591.
674 2207 757 2240 Mox
772 2232 781 2248 ,
805 2213 921 2240 natum

241 2263 392 2294 tolerare.
412 2257 610 2293 Commode
630 2258 752 2292 Heius.
767 2270 785 2291 e
805 2256 918 2291 Cata-

239 2310 337 2345 lectis
345 2309 534 2344 Pithoeanis
544 2308 719 2354 adscripsit
727 2308 800 2343 haec
809 2321 839 2342 z«
853 2309 918 2356 Py-

238 2376 259 2392 »
278 2362 437 2406 thagoras
452 2361 580 2407 populo
596 2361 704 2396 neseis
716 2373 791 2405 quae
801 2373 919 2395 suase-

239 2429 259 2444 »
279 2414 324 2449 rit
339 2413 449 2448 olim?
475 2413 511 2448 Si
533 2413 694 2458 jugulatis
713 2425 792 2447 oves
805 2439 814 2456 ‚
834 2412 917 2458 quid

240 2481 259 2497 >³
278 2466 362 2508 erit,
379 2465 602 2510 quod-vestiat
616 2490 624 2506 ,
642 2463 774 2509 inquit?
790 2463 917 2498 Horri-

238 2530 259 2546 »
275 2516 393 2550 ferum
416 2523 538 2550 contra
562 2516 700 2550 Borean
726 2514 798 2550 ovis
823 2526 918 2549 arma

238 2580 258 2597 ³»
278 2567 463 2602 ministret.
485 2582 503 2597 »

286 2631 362 2653 120..
384 2620 476 2661 Quid
493 2630 635 2652 meruere
653 2620 759 2652 boves.
778 2617 920 2664 Pytha-

239 2682 338 2714 goras
353 2682 432 2703 suos
449 2672 517 2711 βοός
533 2670 673 2719 ἀροτῆρος
692 2670 857 2713 ἀνι-ἔχεσθαι
870 2694 879 2711 ,
898 2680 918 2702 a

238 2721 325 2755 bove
350 2728 483 2755 aratore
509 2721 678 2756 abstinere
706 2720 916 2755 nominatim

235 2772 390 2817 iusserat.
408 2772 557 2818 Legibus
581 2772 648 2809 hoe
669 2779 810 2808 cautum
833 2772 918 2808 olim

982 1015 1057 1043 erat
1084 1007 1176 1053 apud
1202 1006 1433 1042 Athenienses
1455 1019 1465 1048 3
1501 1005 1657 1040 AElianus

983 1062 1066 1095 Var.
1085 1059 1176 1095 Hist.
1196 1059 1267 1103 IV,
1289 1061 1330 1103 14
1347 1072 1355 1094 :
1373 1066 1408 1094 et
1425 1059 1577 1094 Romani
1593 1071 1658 1093 ca·-

981 1113 1050 1159 pite
1070 1120 1254 1148 sanxerant
1269 1139 1279 1156 ,
1306 1113 1334 1147 si
1359 1112 1435 1158 quis
1457 1111 1655 1152 occidisset;

982 1165 1095 1199 Varro
1104 1165 1157 1199 Re
1168 1165 1267 1199 Rust.
1278 1164 1313 1199 ΙΙ
1325 1190 1335 1207 ,
1351 1167 1370 1199 5
1383 1176 1391 1198 ε
1403 1171 1438 1199 et
1451 1163 1657 1198 damnatum

981 1231 1052 1252 esse
1063 1217 1248 1263 quemdam
1262 1231 1279 1251 a
1289 1216 1417 1263 populo
1426 1229 1572 1251 romano
1579 1229 1657 1251 eam
1667 1214 1671 1221 ”

981 1271 1090 1315 ipsam
1104 1271 1146 1305 ob
1162 1281 1299 1304 causam
1315 1268 1425 1304 refert
1440 1269 1529 1303 Plin.
1543 1268 1656 1310 VIII,

982 1324 1034 1366 45.
1046 1321 1160 1356 Causa
1170 1322 1298 1367 ubique
1309 1320 1467 1356 adfertur
1476 1320 1561 1363 baec,
1577 1319 1658 1365 quia

981 1374 1043 1409 bos
1060 1374 1233 1408 arator'sit
1249 1376 1374 1423 γεωργὸς
1384 1398 1406 1415 ,,
1419 1376 1531 1407 socius
1549 1374 1657 1407 homi-

981 1439 1059 1460 num
1066 1429 1100 1460 in
1112 1438 1207 1470 opere
1216 1429 1353 1466 νηπίω,
1362 1426 1488 1459 Cereris
1497 1426 1657 1464 mimleter,

982 1481 1094 1512 socius
1118 1479 1334 1521 agricultura.
1359 1476 1477 1511 Aurea
1499 1475 1658 1521 inprimis

984 1537 1084 1564 aetate
1108 1543 1287 1564 summum
1314 1530 1421 1564 scelus
1444 1529 1658 1571 habebatur,

982 1582 1090 1616 boum
1105 1582 1289 1616 visceribus
1305 1581 1411 1621 vesci;
1428 1580 1566 1623 Cicero,
1579 1580 1659 1614 Nat.

983 1633 1090 1667 Deor.
1104 1633 1159 1676 11,
1172 1633 1224 1667 63.
1242 1631 1446 1666 Secundum
1458 1631 1555 1665 Arat.
1572 1643 1658 1665 vers.

988 1687 1026 1719 15
1038 1710 1047 1727 ,
1070 1696 1174 1718 aeneae
1193 1684 1300 1718 aetatis
1316 1683 1476 1718 homines
1499 1682 1535 1717 id
1554 1682 1658 1727 primi

983 1737 1055 1771 ausi
1076 1743 1184 1771 erant.
1205 1737 1332 1771 Noster
1347 1748 1430 1770 vero
1452 1747 1526 1769 non
1545 1735 1658 1769 sotum

984 1789 1028 1823 ob
1045 1789 1227 1824 utilitatem
1240 1814 1249 1831 ‚
1265 1787 1326 1822 sed
1344 1787 1454 1821 etiam·
1465 1786 1657 1832 obsimpli-

983 1853 1061 1875 cem
1075 1839 1360 1875 naturamboum
1369 1851 1507 1873 causam
1521 1838 1613 1883 agit,
1624 1844 1660 1873 et

983 1894 1030 1929 ita
1042 1921 1052 1937 ‚
1078 1901 1116 1928 ut
1132 1893 1231 1928 facile
1248 1892 1588 1927 commiserationem
1603 1891 1660 1926 fa-

983 1946 1059 1980 ciat.
1076 1964 1119 1971 —
1133 1946 1210 1979 Sine
1228 1945 1356 1989 smude
1369 1946 1517 1988 dolisque
1527 1970 1536 1984 ,
1554 1945 1657 1977 Inno-

983 2010 1089 2031 cuam.
1106 1997 1210 2031 Unus
1221 1995 1398 2030 Leidensis
1411 1995 1424 2037 (
1435 2001 1469 2029 et
1479 1994 1555 2029 cod.
1572 1995 1657 2040 Reg.

983 2048 1036 2092 B)
1049 2048 1265 2092 sinesruude,
1286 2049 1415 2090 dolique
1425 2047 1660 2079 Innocuam.—

983 2101 1129 2143 Simplex
1156 2097 1344 2143 opponitur
1370 2097 1594 2131 fraudulento
1622 2103 1658 2131 et

983 2151 1279 2185 dolosa—Natum
1294 2151 1431 2184 tolerare
1446 2151 1576 2183 labores
1586 2175 1595 2187 ,
1613 2147 1658 2182 ad

986 2201 1185 2236 tolerandos
1214 2201 1347 2236 labores
1366 2213 1375 2241 ;
1404 2199 1529 2234 Cicero
1545 2225 1554 2243 ,
1578 2199 1658 2240 Nat.

983 2254 1090 2289 Deor.
1115 2254 1174 2296 11,
1198 2254 1241 2288 63
1254 2279 1264 2297 ,
1286 2253 1329 2288 de
1351 2253 1463 2288 bubus
1476 2278 1486 2296 ,
1506 2265 1657 2297 quorum

981 2309 1124 2340 cerasi-es
1145 2312 1232 2340 παίω
1254 2307 1304 2340 ad
1314 2305 1450 2349 jugum,
1479 2312 1548 2339 tum
1565 2307 1659 2339 »vires

981 2360 1182 2392 humerorum
1207 2363 1242 2392 et
1261 2358 1455 2391 latitudines
1478 2358 1529 2390 ud
1544 2362 1659 2389 aratra

981 2411 1193 2444 extrahenda.
1209 2427 1251 2434 ·-
1265 2410 1407 2443 Demum
1419 2433 1427 2447 ,
1453 2419 1554 2448 vere;
1572 2406 1657 2441 Sal-

980 2462 1101 2497 lustius
1114 2488 1123 2506 ,
1151 2460 1226 2496 Cat.
1244 2475 1262 2494 2
1278 2486 1286 2504 ‚
1311 2464 1341 2494 is
1358 2462 1485 2494 demum
1501 2461 1591 2493 mih?
1599 2461 1663 2492 vi·-

982 2528 1052 2549 vere
1066 2517 1212 2554 videtum·
1232 2513 1299 2547 vid.
1321 2511 1461 2547 Cortius
1475 2511 1519 2545 ad
1534 2522 1608 2554 XlIr,
1627 2513 1664 2546 5-

982 2564 1065 2599 Sine
1077 2576 1176 2599 causa
1188 2564 1290 2608 igitur
1301 2562 1504 2598 etBoc-hart.
1516 2562 1656 2596 Hieroz.

980 2615 1037 2649 lib.
1053 2628 1080 2650 11
1093 2641 1102 2659 ‚
1117 2628 1188 2660 cap.
1201 2615 1243 2648 31
1255 2641 1264 2658 ,
1276 2614 1478 2659 conjiciebat
1490 2639 1500 2656 ,
1514 2614 1654 2651 Divum,

981 2667 1072 2712 quod
1085 2668 1191 2702 etiam
1204 2667 1238 2700 in
1255 2679 1326 2701 uno
1338 2666 1406 2701 MS
1420 2665 1522 2700 Basil.
1536 2677 1658 2709 reper-

982 2726 1057 2754 tum
1081 2726 1132 2754 est
1145 2732 1153 2760 3
1189 2725 1224 2753 et
1246 2719 1367 2753 Burm.
1390 2719 1447 2750 ille
1471 2718 1588 2751 Deum.
1613 2733 1662 2745 o-

986 2772 1082 2807 Trita
1097 2773 1152 2806 lab
1161 2783 1215 2806 ore
1231 2783 1294 2816 pro
1307 2795 1324 2814 „
1338 2768 1417 2804 trita
1433 2769 1526 2813 iugo.
1540 2767 1653 2801 —De
