1820 3106
215 237 269 264 22
582 225 634 267 P.
674 225 909 273 o-VIDII
944 225 1252 272 NASONIS

212 313 378 362 Dextra
400 314 662 381 Lebynthos
687 329 811 365 erant
825 354 836 376 ,
861 317 1134 386 fecundaque
1157 320 1284 369 melle
1307 320 1515 388 Calymne
1536 342 1546 370 :

213 392 367 457 Quum
390 412 501 459 puer
523 394 675 444 audaci
698 388 832 461 coepit
856 396 1043 458 gaudere
1066 397 1241 456 volatu,

211 469 506 537 Deseruitque
530 472 709 529 ducem,
735 472 916 540 caelique
939 474 1145 540 cupidine
1164 487 1329 524 tractus

214 547 361 596 Altius
381 550 472 611 egit
493 550 580 598 iter
601 570 609 597 :
631 550 776 617 rapidi
797 551 956 599 vicinia
979 550 1097 600 Solis

1570 570 1635 604 225

214 624 369 672 Mollit
392 625 596 675 odoratas
612 664 623 682 ,
645 646 887 693 pennarum
908 628 1081 678 vincula
1096 667 1108 687 ,
1133 649 1266 679 ceras.

213 703 469 751 Tabuerant
487 724 593 754 cerae
613 726 624 753 ι
647 706 794 754 nudos
816 707 958 772 quatit
980 706 1054 755 ille
1075 706 1288 765 lacertos3

215 781 509 848 Remigioque
531 802 681 832 carens
703 804 795 832 non
819 784 930 832 ullas
951 785 1142 852 percipit
1163 804 1316 844 auras;

215 857 399 924 Oraque
423 859 627 918 caerulea,
650 862 842 927 patrium
864 859 1103 911 clamantia·
1116 882 1303 921 nomen,

212 935 511 1001 Excipiuntur
534 958 646 1004 aqua
660 976 672 996 ‚
700 958 797 1004 quae
818 959 982 988 nomen
1006 941 1140 989 traxit
1158 942 1214 989 ab
1240 940 1334 988 illo.

1575 954 1641 989 230

215 1011 277 1058 At
296 1025 420 1077 pater
446 1014 623 1072 infelix,
643 1035 724 1063 nec
742 1017 830 1080 jam
854 1029 1002 1083 pater,
1027 1039 1050 1059 «
1076 1019 1195 1066 Icare
1210 1054 1222 1074 ‚
1252 1017 1386 1073 dixit,

219 1110 242 1131 >³
270 1091 414 1148 Icare,
438 1090 575 1149 dixit,
601 1093 682 1140 ubi
705 1095 786 1141 es?
809 1113 897 1160 qua
917 1105 960 1142 te
983 1094 1163 1157 regione
1183 1094 1440 1161 requiram?

218 1188 243 1208 >›
274 1167 420 1216 Icare!
451 1191 473 1211 »
498 1169 668 1219 dicebat
688 1191 698 1220 ε
721 1191 889 1237 pennas
911 1172 1142 1238 conspexit
1163 1171 1211 1219 in
1233 1172 1392 1230 undis,

216 1248 493 1316 Devovitque
520 1271 621 1300 suas
642 1264 757 1301 artes
773 1290 785 1311 ,
815 1273 1065 1320 corpusque
1090 1253 1294 1320 sepulcro

220 1332 459 1391 Condidit,
486 1345 530 1381 et
553 1334 684 1383 tellus
708 1356 732 1384 a
755 1336 932 1384 nomine
951 1336 1068 1384 dicta
1092 1335 1268 1402 sepulti.

1577 1347 1642 1382 235

284 1414 416 1462 Hunc
437 1415 585 1463 miseri
609 1416 780 1464 tumulo
803 1429 1043 1483 ponentem
1067 1437 1254 1483 corpora
1274 1416 1367 1465 nati

225 1495 411 1545 Garrula
432 1517 604 1547 ramosa
629 1501 859 1568 prospexit
879 1501 934 1550 ab
959 1500 1058 1550 ilice
1079 1501 1261 1567 perdix;

222 1644 375 1689 Heroid,
385 1645 441 1680 III
454 1672 463 1688 ‚
482 1645 536 1680 60.
548 1665 593 1672 —
610 1649 819 1693 Calymm‘um
833 1650 903 1682 mel

221 1696 382 1730 laudatur
398 1710 417 1731 a
433 1698 606 1733 Strabone
619 1725 628 1742 ,
646 1700 677 1733 X
690 1726 699 1743 ,
720 1714 750 1745 p.
769 1702 841 1747 749.
853 1719 897 1726 —-

225 1750 323 1789 CoeH,
342 1749 481 1783 volandi
499 1763 561 1795 per
577 1751 685 1785 latum
704 1759 739 1786 et
754 1754 896 1797 prosun-

223 1801 308 1834 dum
316 1801 493 1836 caelum.—
502 1803 533 1835 T
527 1810 650 1838 tactus.
661 1804 760 1849 Regii
772 1804 896 1848 nostri,

220 1859 339 1887 tactus.
363 1853 454 1887 Vide
470 1854 543 1898 jam
563 1855 695 1889 variam
707 1846 898 1890 ‘lectionem

222 1905 259 1938 in
277 1918 379 1939 versu
405 1906 474 1948 184.
496 1907 562 1940 Ed.

266 1957 341 1990 226.
362 1957 531 1991 Oderatas
542 1965 645 1992 ornat
660 1965 798 1992 tantum
808 1985 817 2002 ,
832 1972 899 1993 ne—

222 2021 289 2052 que
317 2007 404 2042 adeo
436 2009 683 2043 Burmannum
717 2010 896 2044 offendere

223 2059 380 2094 debebat.
394 2078 438 2085 —
456 2060 499 2094 In
515 2063 622 2095 nudos
637 2065 745 2106 quatit
756 2065 899 2096 lacertos

223 2113 450 2147 Nasonismus
463 2121 534 2155 est;
556 2114 692 2158 jocatur
705 2115 800 2148 enim
817 2129 900 2149 rur-

222 2178 278 2199 sus
291 2165 327 2198 in
344 2178 381 2199 re
395 2165 493 2200 seria.
503 2184 547 2191 -
558 2165 663 2200 Aurae
673 2166 899 2210 etperctjm'di-

222 2224 351 2251 cuntur
364 2223 398 2251 et
413 2220 554 2261 concipi.
565 2217 656 2251 Vide
669 2217 712 2251 ad
722 2218 812 2261 XII,
826 2219 899 2265 569.

268 2269 342 2303 233.
363 2270 551 2313 Conspexit.
567 2269 667 2314 Regii
681 2270 791 2304 nostri
805 2296 814 2312 ,
834 2272 900 2303 ad-

223 2324 437 2367 spexit—E!
448 2325 547 2358 tellus
559 2334 570 2363 ,·
584 2322 691 2357 iidem
703 2349 711 2367 ,
723 2330 778 2357 est
790 2326 899 2357 tellus.

269 2374 343 2408 235.
365 2376 466 2408 Hunc
486 2377 602 2409 miseri
623 2381 686 2410 etc.
707 2375 799 2420 Quae
817 2375 898 2409 inde

225 2439 244 2460 a
260 2440 363 2460 versu
383 2428 442 2460 183
455 2427 656 2472 praecednnt
667 2454 675 2471 ,
688 2427 820 2461 nullam
838 2427 900 2461 ha-

226 2478 310 2511 bent
318 2478 629 2523 metamorphosin,
638 2478 698 2513 sed
709 2479 789 2524 quia
797 2479 899 2513 aliam

228 2529 271 2562 ob
288 2542 425 2563 causam
448 2530 686 2565 memorabilia
708 2531 899 2576 reperiun-

227 2588 305 2623 tur,
323 2588 490 2624 tanquam
516 2595 623 2616 nexus
649 2596 749 2617 causa
770 2583 900 2617 intexta

227 2640 318 2667 sunt.
335 2633 650 2678 Metamorphosin,
663 2648 738 2680 quae
750 2635 836 2670 Icari
846 2649 900 2669 ea-

228 2697 306 2718 sum
319 2685 511 2727 antecessit,
526 2699 620 2720 nunc
629 2687 814 2721 commode
824 2687 901 2721 sub-

961 1647 1196 1693 Apollodorus
1208 1674 1217 1691 ,
1230 1647 1286 1682 ΙΙΙ
1297 1674 1307 1691 ,
1323 1658 1384 1691 xv,
1397 1661 1418 1695 9
1429 1661 1437 1689 ;
1450 1646 1615 1693 Hyginus
1626 1672 1637 1690 ,

959 1701 1026 1734 sab.
1050 1701 1116 1747 39,
1141 1702 1227 1746 2743
1257 1700 1423 1744 Servius,
1450 1699 1492 1733 ad
1513 1699 1643 1745 Virgi-

960 1752 1067 1795 lium,
1087 1752 1216 1798 Georg.
1242 1752 1281 1795 I,
1304 1753 1388 1795 1433
1414 1751 1556 1787 AEneid.
1582 1752 1641 1795 V,

965 1805 1014 1846 ¹4·
1038 1823 1082 1829 —
1097 1807 1275 1839 Poneatem
1289 1831 1298 1844 ‚
1319 1804 1454 1839 cineres
1475 1802 1643 1837 conden-

962 1862 1036 1890 tem
1050 1882 1059 1899 ,
1080 1856 1205 1900 quibus
1224 1863 1343 1902 postea
1360 1858 1506 1890 tumulus
1520 1856 1644 1901 impo-

961 1908 1055 1944 situs.
1069 1908 1312 1953 Reprehendit
1321 1908 1549 1942 Burmannus
1563 1919 1643 1953 poe-

963 1966 1053 2003 tam,
1070 1959 1164 2004 quod
1183 1958 1360 2004 perdicem
1373 1972 1414 1993 ex
1423 1959 1547 1993 arbore
1558 1970 1644 2003 pro-

962 2011 1167 2055 spicientem
1194 2010 1303 2055 fingat
1320 2037 1330 2054 ,
1353 2023 1463 2055 quum
1484 2009 1558 2045 haec
1573 2009 1643 2044 avis

961 2075 1100 2107 semper
1116 2062 1214 2095 humi
1231 2068 1389 2095 versetur
1405 2087 1415 2104 ,
1442 2068 1478 2095 et
1493 2061 1530 2095 in
1547 2068 1642 2095 terra

962 2113 1062 2147 saciat
1072 2113 1205 2147 cubilia.
1221 2113 1343 2157 Neque
1358 2112 1425 2147 hoc
1435 2112 1536 2146 latuit
1552 2111 1645 2147 Ovi-

964 2166 1062 2200 dium
1077 2166 1135 2211 qui
1149 2192 1158 2210 ,
1171 2178 1272 2199 versu
1284 2165 1347 2199 256
1358 2191 1368 2208 ,
1385 2165 1476 2200 hanc
1491 2165 1561 2199 avis
1577 2165 1644 2199 in·-

967 2217 1085 2252 dolem
1104 2231 1123 2252 e
1147 2217 1301 2252 Perdicis
1324 2230 1404 2251 casu
1420 2217 1576 2262 explicat.
1599 2235 1644 2244 ·—-

962 2273 1109 2304 Plausus
1121 2298 1130 2311 ‚
1157 2271 1297 2315 signum
1311 2270 1438 2305 laetitiae
1457 2277 1493 2305 et
1508 2281 1643 2315 appro-

963 2322 1111 2357 bationis
1128 2348 1138 2366 ,
1163 2329 1198 2356 et
1221 2322 1312 2356 bene
1334 2321 1402 2356 hoc
1419 2321 1495 2356 loco
1510 2320 1642 2367 perdici

963 2374 1129 2408 tribuitur
1142 2389 1150 2415 ;
1174 2387 1258 2408 nam
1273 2374 1379 2408 etiam
1396 2385 1474 2407 aves
1481 2374 1643 2416 plaudere

965 2425 1147 2469 dicuntur,
1167 2438 1278 2471 quum
1292 2425 1476 2470 strepitum
1493 2423 1642 2458 volando

965 2477 1106 2512 faciunt.
1124 2478 1234 2522 XIV,
1254 2480 1327 2523 5⁰7·
1345 2475 1500 2511 Perdicis
1522 2482 1643 2510 cantus

968 2530 1088 2564 similis
1112 2531 1184 2564 sere
1201 2542 1288 2564 sono
1305 2540 1409 2563 serrae
1431 2527 1565 2573 lignum
1579 2541 1644 2563 se—

965 2582 1085 2616 cantis.
1103 2583 1198 2617 Hinc
1211 2580 1354 2628 mythici
1371 2579 1555 2625 scriptores
1567 2593 1644 2615 ser-

966 2647 1014 2669 rae
1028 2635 1251 2669 inventorem
1266 2645 1339 2667 non
1357 2639 1490 2667 temere
1503 2633 1540 2667 in
1552 2632 1643 2668 hanc

966 2699 1066 2721 avem
1083 2693 1232 2720 mutasse
1250 2683 1416 2718 videntur
1438 2683 1528 2718 doct.
1543 2682 1642 2727 Bus-

230 2736 897 2783 jicit.Conferantu1·Diodorus,1V,76;
957 2738 1040 2781 fote,
1058 2739 1095 2773 in
1108 2738 1196 2773 Hist.
1212 2736 1353 2780 Avium,
1365 2742 1448 2771 tom.
1463 2736 1529 2780 VI,
1541 2749 1577 2770 n.
1588 2737 1642 2769 25.
