1820 3106
352 260 1052 308 METAMORPHOSEON
1092 263 1226 307 LIB.
1266 264 1422 309 VIII.

1593 266 1610 275 1·-

1555 278 1609 308 20

170 355 356 425 Templa
376 368 674 415 coronantur;
698 355 1062 423 bellatricemque
1087 356 1336 405 Minervam

173 435 286 484 Cum
307 434 444 492 Jove,
466 433 640 500 Disque
663 445 826 482 vocant
849 433 945 483 aliis
967 454 977 482 ε
999 452 1113 500 quos
1135 433 1351 497 sanguine
1371 443 1478 481 voto
1494 470 1507 492 ‚
1545 449 1611 483 265

169 511 526 580 Muneribusque
550 511 665 560 datis
679 549 692 571 ‚
717 524 763 560 et
784 511 946 560 acerris
970 511 1082 560 turis
1104 511 1342 561 honorant.

170 595 400 662 Sparserat
420 593 653 658 Argolicas
676 613 841 643 nomen
864 613 975 657 vaga
997 595 1132 643 Fama
1155 614 1236 662 per
1258 595 1395 644 urbes

167 678 368 729 Theseos
387 699 397 728 :
418 690 463 728 et
483 677 670 746 populi,
696 697 812 746 quos
831 678 952 727 dives
976 678 1144 728 Achaia
1166 679 1310 746 cepit,

168 761 316 827 Hujus
340 780 472 829 opem
494 761 668 825 magnis
692 760 982 829 imploravere
1004 760 1183 828 periclis
1205 782 1215 809 ε

167 843 317 909 Hujus
339 863 469 911 opem
495 843 697 911 Calydon
712 881 724 902 ‚
752 844 952 911 quamvis
976 842 1238 907 Meleagron
1260 843 1446 894 haberet
1461 883 1473 905 ,
1544 869 1608 906 270

168 925 370 975 Sollicita
393 925 582 994 supplex
603 927 735 994 petiit
756 946 885 995 prece
906 947 915 976 :
938 946 1067 976 causa
1091 926 1274 994 petendi

168 1009 256 1058 Sus
281 1020 397 1068 erat,
422 1009 592 1059 infestae
615 1009 808 1059 famulus
830 1010 1080 1077 vindexque
1105 1010 1270 1059 Dianae.

169 1092 326 1141 OEnea
346 1111 539 1160 namque
561 1091 735 1151 ferunt,
758 1092 882 1159 pleni
908 1092 1187 1141 successibus
1210 1093 1314 1141 anni

166 1176 417 1236 Primitias‚
442 1176 615 1239 frugem
640 1176 813 1236 Cereri,
842 1196 920 1225 sua
942 1176 1041 1226 vina
1065 1178 1196 1244 Lyaeo
1213 1214 1225 1234 ‚

165 1325 250 1361 titioe
260 1332 297 1362 et
308 1326 396 1375 grati
404 1327 517 1362 animi
533 1327 639 1374 signis
653 1354 662 1371 ,
681 1334 783 1363 erant
793 1341 850 1363 co-

164 1391 254 1413 ronae
265 1406 275 1420 ,
302 1379 427 1425 quibus
450 1379 560 1426 'super
583 1380 740 1426 postibus
766 1393 850 1415 sus-

165 1431 283 1477 pensis
297 1434 422 1476 templa
443 1432 671 1468 ornabantur.
689 1432 772 1480 AEn.
789 1433 848 1477 11,

165 1484 232 1530 ³49
242 1509 252 1527 ,
271 1484 410 1518 delubra
413 1482 514 1528 festa
534 1486 646 1519 velare
651 1484 789 1529 fronde.
804 1502 851 1511 —

169 1537 315 1575 Vocant,
326 1535 493 1571 invocant
503 1564 512 1582 ,
523 1536 674 1572 invitant
686 1536 728 1571 ad
739 1550 848 1581 sacra,

164 1599 184 1622 e
201 1587 272 1623 ritu
295 1594 332 1623 et
352 1588 506 1623 formula
526 1589 697 1633 solemni,
717 1589 759 1624 de
778 1603 849 1635 qua

163 1639 394 1675 Burmannus
410 1640 454 1675 ad
471 1641 505 1676 X
520 1667 530 1686 ‚
549 1641 582 1676 3.
604 1642 701 1685 Insra
714 1668 723 1686 ,
746 1655 848 1677 versu

164 1692 230 1727 580
242 1719 252 1737 ,
276 1693 413 1739 plenius
442 1695 496 1729 ad
521 1707 623 1729 sacra
649 1708 781 1730 vocare.
804 1713 850 1721 —

167 1746 260 1789 Quos
276 1753 342 1781 etc.
368 1745 425 1781 De
442 1746 569 1792 triplici
585 1746 653 1782 hoc
668 1746 849 1782 honorum

162 1809 292 1842 genere
303 1799 427 1834 confer
437 1798 513 1833 VII
525 1824 536 1843 ‚
555 1800 618 1847 ¹59
632 1812 706 1844 sqq.
718 1817 762 1826 -
772 1800 848 1834 Mc-

162 1863 263 1894 nera,
282 1851 429 1887 donaria
443 1878 453 1896 ‚
480 1853 664 1897 ἀναθήματα
682 1879 692 1897 ,
712 1866 790 1898 quae
806 1853 851 1887 ti-

163 1902 238 1937 tulo
258 1903 374 1950 aliquo
398 1904 565 1951 insignita
582 1905 617 1939 in
637 1906 776 1951 templis
792 1906 848 1944 vel

161 1955 468 2002 suspendebantur
479 1983 489 2001 ‚
502 1957 557 1991 vel
571 1958 848 2003 reponebantur.

162 2026 207 2035 —·
220 2008 351 2043 Acerra
365 2012 468 2050 tun's,
488 2016 544 2044 tus
557 2024 565 2053 ;
584 2010 771 2046 continens
783 2025 847 2057 pro

162 2067 343 2096 contento.
354 2061 462 2097 Forte
474 2061 575 2097 alicui
586 2075 605 2097 e
617 2062 726 2098 MSS.
738 2064 849 2099 tribus

162 2118 199 2146 et
213 2112 338 2158 viginti
353 2113 473 2161 magis·
481 2113 614 2159 placeat
628 2119 757 2150 acer-9125
773 2143 782 2156 ‚
807 2122 848 2151 ut

161 2162 354 2198 multitudo
384 2165 472 2200 turis
500 2167 635 2201 accensi
658 2166 846 2203 indicetur.

164 2215 219 2251 lv
230 2239 240 2259 ,
272 2216 335 2262 758
347 2242 358 2259 ‚
380 2219 487 2262 largis
503 2221 677 2253 satiantur
690 2221 848 2255 odoribus

161 2272 274 2313 &nen
291 2268 379 2313 Vll,
395 2270 469 2314 160,
483 2275 848 2317 congestaquestarnma

168 2321 261 2355 Tura
276 2322 448 2367 liquefiunt
460 2334 470 2355 .’
482 2322 544 2356 sed
558 2330 594 2358 et
605 2324 689 2359 AEn.
703 2324 750 2369 V,
764 2327 826 2371 745
836 2351 845 2369 ‚

156 2375 261 2417 plena
279 2375 420 2418 supplex
435 2381 609 2409 veneratur
621 2389 746 2412 acerra.
769 2376 848 2412 Cae-

160 2432 280 2461 terum
296 2433 367 2462 ture
378 2426 442 2462 illis
454 2428 669 2473 temporibus
684 2429 847 2465 nondum

161 2478 423 2513 venerabantur
433 2479 539 2514 Deos.
550 2498 595 2505 —
604 2479 676 2514 Pro
685 2483 840 2523 adorant,

163 2529 258 2575 quod
281 2530 427 2566 dederat
452 2532 620 2568 Heinsius
645 2546 664 2568 e
691 2533 847 2579 pluribus

167 2582 277 2618 MSS.
294 2609 304 2627 ,
331 2585 491 2620 revocavi
507 2587 680 2621 honorant.
703 2587 847 2623 Etenim

164 2638 329 2673 honorare
349 2640 443 2675 Deos
458 2643 606 2685 templis,
625 2644 696 2675 aris
712 2667 720 2681 ,
745 2644 848 2676 victi-

165 2693 228 2725 mis
241 2691 402 2727 sormulae
411 2692 586 2729 solemnes
602 2693 695 2739 apud
707 2692 848 2729 Graecos

165 2749 201 2777 et
219 2743 371 2778 Latinos.
388 2745 466 2790 Ipsa
481 2758 575 2781 sacra
594 2746 774 2792 eleganter
784 2748 849 2780 ho-

165 2808 260 2830 nores
269 2794 445 2832 dicuntur.
456 2798 542 2833 Mox
552 2811 653 2835 versu
664 2800 728 2835 280
738 2825 748 2844 ,
765 2798 848 2834 Dia-

913 1340 960 1362 na
979 1340 1015 1363 se
1031 1329 1265 1362 inhonoratam
1279 1333 1391 1362 vocat.
1407 1326 1508 1373 Regii
1519 1339 1599 1362 nos-

916 1381 963 1416 tri
979 1380 1111 1416 habent
1128 1382 1284 1415 adorant.

958 1432 1032 1478 257.
1059 1434 1218 1478 Spargere
1235 1445 1372 1473 nomen,
1396 1439 1435 1467 ut
1452 1445 1606 1478 spargere

911 1497 1069 1519 rumores.
1082 1503 1126 1510 -—
1139 1486 1238 1528 Vaga
1248 1497 1325 1518 eam
1337 1484 1446 1530 ipsam
1459 1483 1503 1518 ob
1519 1496 1604 1518 cau-

913 1549 988 1571 sam
1001 1563 1011 1580 ,
1037 1536 1132 1582 quod
1150 1536 1218 1571 late
1236 1537 1366 1583 spargit
1388 1549 1549 1571 rumores
1566 1542 1603 1570 et

913 1590 1071 1624 nomina.
1083 1591 1245 1624 —Dives
1256 1616 1264 1631 ‚
1287 1589 1416 1624 scilicet
1427 1616 1436 1633 ‚
1453 1588 1604 1635 populo-

912 1656 1005 1678 rum.
1023 1644 1131 1678 Multi
1145 1644 1212 1688 illi,
1227 1657 1314 1689 quos
1327 1644 1485 1686 Achaia,
1504 1642 1602 1678 Grae-

912 1695 984 1740 cia,
1007 1699 1112 1741 cepit,
1134 1695 1260 1740 habet,
1284 1695 1403 1742 populi
1422 1708 1506 1730 eum
1523 1694 1598 1729 im-

912 1749 1104 1795 ploravere.
1128 1749 1169 1785 Id
1184 1762 1309 1784 verum
1326 1756 1388 1785 est.
1407 1748 1495 1785 lude
1508 1761 1599 1794 pro—

911 1802 1074 1837 verbium
1091 1828 1100 1846 ,
1134 1805 1184 1839 οὐκ
1204 1805 1272 1838 ἄνευ
1294 1819 1327 1847 γε
1352 1803 1477 1843 Θησέως
1495 1827 1504 1845 ,
1529 1813 1600 1846 quo

913 1854 1076 1888 omnium
1096 1867 1219 1889 rerum
1243 1855 1387 1890 societas
1412 1853 1599 1888 indicaba—

913 1913 981 1941 tur.
999 1907 1132 1942 Zenob.
1148 1908 1195 1952 V,
1212 1907 1492 1954 33.·—Calydon,
1516 1906 1599 1942 Ole-

912 1971 996 2003 nos,
1016 1960 1171 1994 Pleuron
1186 1987 1196 2005 ‚
1219 1960 1322 1995 urbes
1339 1959 1481 1995 AEtoliae
1497 1959 1598 1995 cele-

910 2011 1084 2047 berrimae.
1093 2031 1138 2039 --
1148 2013 1308 2056 Quamvis
1319 2013 1513 2057 Meleagron
1524 2024 1535 2055 ,¹
1551 2012 1599 2048 sic

912 2065 992 2099 satis
1004 2071 1039 2099 et
1052 2064 1189 2100 Thesea
1201 2071 1237 2100 et
1254 2065 1462 2112 Meleagron
1478 2065 1598 2100 laudat

914 2118 1030 2153 simul.

956 2185 1030 2218 271.
1061 2173 1176 2207 Causa
1194 2174 1336 2215 petendi
1353 2173 1418 2207 Sus
1442 2178 1507 2207 etc.
1524 2171 1596 2207 Se-

913 2225 1033 2270 quitur
1049 2225 1229 2270 perspicua
1240 2251 1250 2268 ,
1270 2232 1448 2266 accurata,
1466 2224 1598 2259 multis-

913 2290 980 2323 que
999 2277 1191 2312 luminibus
1206 2284 1372 2312 exornata
1386 2277 1599 2311 narratio.—

911 2331 1048 2376 Insestae
1059 2342 1071 2373 ;
1097 2331 1467 2377 Langermannianus,
1486 2333 1597 2364 incul-

910 2391 970 2425 te,
991 2385 1397 2432 neglectae.—Farnulus,
1415 2397 1479 2430 per
1490 2396 1597 2429 quem

912 2437 1028 2472 Diana
1046 2437 1236 2473 vindictam
1256 2436 1448 2472 exercebat.
1477 2435 1596 2472 Etiam

913 2488 973 2523 Dii
1000 2489 1156 2524 minores
1177 2516 1186 2533 ,
1217 2501 1371 2534 quorum
1397 2487 1600 2524 ministeriis

912 2540 1111 2585 superiores
1136 2541 1327 2576 utebantur
1343 2566 1353 2584 ‚
1380 2539 1510 2575 horum
1525 2540 1598 2584 sa-

913 2594 999 2626 mule'
1022 2591 1199 2627 dicuntur.
1225 2611 1271 2618 —-
1293 2593 1476 2627 Successus
1494 2597 1597 2632 anni,

912 2643 1084 2679 fertilitas.
1097 2662 1142 2670 —·
1153 2646 1276 2680 Plenus
1287 2672 1296 2686 ,
1317 2645 1474 2690 frugibus
1487 2646 1600 2680 abun—

914 2695 1010 2730 dans.
1028 2696 1147 2742 Vulgo
1173 2698 1186 2741 (
1203 2697 1303 2732 sicuti
1321 2705 1355 2732 et
1372 2698 1499 2733 nostris
1518 2696 1599 2732 Co—

915 2747 1047 2783 dicibus
1062 2747 1206 2795 Regiis)
1229 2749 1346 2784 editur
1353 2753 1482 2794 plenis,
1503 2749 1598 2795 quod

915 2798 1050 2836 dictum
1065 2827 1074 2846 ,
1093 2808 1132 2836 ut
1147 2802 1252 2837 Pont.
1268 2803 1334 2847 IV,
1350 2813 1424 2847 vn,
1442 2804 1605 2847 172pleni
