1820 3106
341 204 1087 279 ‘METAMORPHOSEON
1127 233 1261 278 ΜΒ.
1303 235 1398 278 lx.

1537 236 1596 296 95

157 327 453 398 implevitque
479 327 572 376 suis
596 345 885 376 nemorosum
908 327 1094 376 vocibus
1119 327 1281 376 OEten.
1534 344 1597 378 165

156 411 250 459 Nec
273 426 420 465 mora;
445 406 663 456 letiferam
687 419 876 454 conatur
897 405 1096 455 scindere
1119 418 1285 457 vestem
1306 426 1315 454 :

156 489 260 554 Qua
280 485 498 543 trahitur,
526 484 664 533 trahit
688 483 764 532 illa
788 494 963 540 cutem;
987 483 1246 552 foedumque
1267 484 1415 534 relatu
1430 523 1441 544 ‚

156 567 251 617 Aut
270 565 408 631 haeret
429 562 644 612 membris
666 562 831 610 frustra
856 573 1022 610 tentata
1046 562 1196 611 revelli
1217 582 1227 621 ;

154 643 251 691 Aut
270 641 440 691 laceros
461 652 607 698 artus,
634 651 679 689 et
701 639 885 703 grandia
911 639 1082 703 detegit
1106 659 1222 690 ossa.

152 721 256 787 Ipse
279 739 437 778 cruor,
463 718 612 783 gelido
638 737 718 767 ceu
744 718 970 786 quondam
996 717 1158 767 lamina
1183 719 1377 768 candens
1537 745 1547 767 ι

153 796 315 846 Tincta
338 796 437 846 laeu
454 835 467 856 ,
494 796 669 854 stridit,
697 796 999 863 coquiturque
1024 796 1206 845 ardente
1235 817 1418 847 veneno.

153 876 247 925 Nec
265 875 431 925 modus
454 887 521 925 est
541 896 551 924 :
577 875 763 924 sorbent
783 874 919 924 avidae
943 875 1187 942 praecordia
1211 876 1395 925 ssammae
1412 915 1423 935 ‚

156 954 472 1022 Caeruleusqne
495 954 596 1003 fluit
617 965 715 1003 toto
741 953 794 1002 de
819 973 1008 1021 corpore
1033 954 1198 1012 sudor3

153 1087 243 1123 doro
253 1113 263 1131 ,
283 1093 319 1122 et
329 1085 471 1122 aliunde
487 1084 691 1132 supplenda.
702 1085 843 1119 Hercu-

153 1140 205 1176 les
213 1140 310 1176 enim
322 1152 435 1186 quum
447 1139 596 1175 sentiret
606 1138 678 1173 vim
690 1138 818 1173 veneni
831 1164 841 1182 ,

154 1192 287 1228 Lichan
316 1193 354 1228 in
384 1191 482 1227 mare
508 1192 701 1238 praecipitat
722 1218 731 1234 ,
765 1197 842 1225 tum

155 1244 374 1281 Trachinem
391 1244 623 1292 proficiscitur
637 1243 679 1278 ad
693 1243 845 1288 Deiani-

154 1311 232 1333 ram
250 1323 260 1343 ,
287 1297 434 1333 tandem
460 1297 498 1332 in
527 1298 626 1332 OE'tcn
653 1303 814 1343 montem
831 1324 841 1341 ,

155 1350 284 1397 quippe
297 1350 380 1385 Jovi
395 1362 552 1399 sacrum,
569 1363 605 1385 se
622 1349 752 1384 deferri
769 1349 845 1395 jus-

154 1403 218 1447 sit,
235 1403 337 1449 eujus
351 1415 486 1437 nemora
505 1409 583 1437 tum
603 1401 757 1447 denique
774 1415 843 1436 vo·-

154 1457 251 1491 cibus
278 1458 352 1490 suis
372 1457 532 1500 abpleas’t.
559 1454 656 1488 Hinc
680 1455 844 1492 Hercules

159 1508 287 1543 OE'taens
297 1507 336 1542 in
347 1501 494 1543 Seneca
506 1505 674 1553 tragoedia
684 1520 692 1548 ;
708 1513 745 1541 et
754 1508 844 1541 Her-

153 1563 270 1596 culeus
279 1562 360 1596 OE'ta
369 1560 462 1608 apud
474 1561 672 1604 Lucanum,
684 1560 755 1603 ΙΙΙ,
771 1575 782 1594 ι
791 1574 843 1606 77.

154 1613 306 1649 Lenzius
322 1620 442 1660 putat,
459 1613 655 1650 Herculem
672 1612 715 1648 ad
732 1613 842 1659 ipsam

154 1679 253 1702 aram
276 1667 316 1702 in
339 1667 474 1702 Euboea
502 1667 551 1702 ita
578 1667 743 1702 clamasse
762 1693 771 1710 ,
804 1672 844 1700 ut

157 1718 244 1754 OEte
256 1745 266 1764 ,
283 1732 390 1754 mons
400 1719 496 1754 inter
507 1718 638 1753 Locros
651 1725 687 1753 et
698 1718 844 1753 Thessa-

153 1770 237 1806 liam
249 1797 265 1815 ,.
277 1771 420 1806 vocibus
434 1771 512 1819 ejus
525 1778 717 1806 resonaret.
737 1770 844 1805 Com·

155 1833 256 1872 parat
263 1825 492 1872 Sophoclem,
506 1826 567 1873 787
576 1839 648 1871 seq.
656 1825 843 1868 Senecam,

156 1879 265 1914 Herc.
285 1879 362 1914 OEt.
380 1878 447 1914 803
463 1890 535 1922 seq.
558 1877 630 1912 Sed
650 1889 738 1912 vers.
756 1878 822 1920 204
834 1902 843 1919 ‚

148 1944 214 1976 per
219 1933 326 1966 altum
339 1931 438 1965 OEtcn
448 1931 612 1975 graditur.
624 1930 700 1965 Nec
709 1929 756 1964 ibi
767 1941 846 1964 me-

156 1984 308 2019 moravit
323 1990 427 2030 poeta
439 2010 447 2023 ‚
470 1981 652 2028 quomodo
664 2009 674 2025 ‚
697 1989 758 2017 aut
774 1995 845 2027 quo

156 2042 319 2083 tempore
327 2036 409 2071 illuc
418 2035 629 2082 pervenerit.
638 2035 844 2081 Utrumque

157 2096 253 2124 recte
263 2089 392 2124 dicitur
403 2095 439 2123 et
450 2101 669 2128 nemorosum,
683 2095 717 2123 et
728 2115 736 2131 ‚
749 2087 846 2133 quod

158 2141 292 2177 habent
307 2143 382 2186 alii,
398 2142 715 2178 nemorosamNide
728 2143 848 2178 Hein—

159 2193 251 2228 sium
266 2200 302 2227 et
313 2193 724 2241 Burniannum.—-Regii
735 2194 846 2229 nostri

158 2258 378 2281 nemorosam.

206 2298 280 2333 166.
295 2300 367 2333 Nec
380 2311 474 2332 mora
484 2305 550 2334 etc.
567 2298 737 2345 Sequitur
751 2298 847 2334 locus

160 2364 234 2387 non
251 2351 370 2386 minus
389 2350 605 2396 injucundus
621 2377 630 2394 ‚
654 2364 761 2396 quam
779 2365 847 2387 su-

160 2401 242 2451 pra,
260 2404 314 2439 VI
328 2431 337 2447 ,
355 2404 419 2450 387
437 2417 511 2449 sqq.
525 2403 678 2451 Marsyae
692 2404 846 2439 laniatio.

162 2455 269 2502 Apud
292 2455 506 2502 Sophoclem
521 2483 529 2499 ,
555 2456 748 2502 interprete
775 2456 849 2492 Cic.

162 2508 267 2544 Tusc.
289 2509 326 2544 II
341 2536 350 2554 ,
371 2511 412 2552 8,
434 2509 538 2544 vestis
563 2512 667 2544 lateri
685 2511 849 2544 mbo-rens

161 2575 273 2598 morsu
283 2564 414 2597 lacerat
428 2566 583 2606 viscera3
602 2561 765 2608 Apollod.
775 2589 784 2606 ‚
800 2566 848 2598 τὸν

163 2619 196 2651 δι’
215 2622 335 2659 χιτῶνα
348 2615 468 2651 &nina
479 2618 704 2666 προσπεφυκέτα
722 2622 764 2662 τῷ
777 2617 848 2651 σώ-

161 2684 240 2712 ματι
251 2677 259 2685 ·
275 2675 525 2704 συνασπεσκώυτθ
539 2672 571 2703 δὲ
586 2672 622 2704 αἱ
639 2668 744 2716 σάρκες
755 2671 847 2716 αὐτῷ.

161 2722 354 2756 —Lacems
361 2728 455 2756 artus
466 2722 568 2756 vestis
580 2747 589 2764 ,
602 2734 683 2755 ossa
693 2733 774 2755 caro
785 2720 850 2755 de-

162 2779 272 2808 tracta
286 2772 427 2820 detegit.
440 2774 568 2809 Priscis
580 2774 746 2810 heroibus
755 2780 849 2809 vasta

909 1096 1058 1129 corpora
1075 1091 1110 1118 et
1124 1086 1270 1128 grundio
1285 1099 1368 1120 ossa
1384 1086 1490 1121 tribui
1507 1088 1599 1122 sole«

907 1137 994 1171 hant
1006 1151 1013 1178 ;
1025 1138 1116 1172 conf.
1128 1137 1294 1183 Virgilius
1303 1165 1312 1181 ‚
1325 1138 1500 1185 Georg.1‚
1512 1142 1575 1188 497
1588 1155 1597 1181 ;

913 1187 1128 1224 Claudianus
1140 1215 1149 1232 ‚
1164 1189 1273 1224 Laud.
1291 1190 1400 1225 Stilic.
1413 1192 1449 1234 1,
1468 1191 1539 1238 137.

959 1255 1031 1289 170.
1046 1245 1171 1278 Gelido
1178 1256 1238 1278 ceu
1246 1246 1486 1290 quondfmetc.
1499 1245 1602 1291 Inep-

910 1303 944 1331 ta
964 1295 1178 1339 similitudo,
1202 1308 1270 1341 qua
1289 1296 1421 1331 calidus
1444 1298 1602 1342 corporis

909 1346 1057 1381 humani
1068 1360 1175 1382 cruor
1188 1360 1269 1381 cum
1283 1347 1397 1394 gelido
1410 1348 1485 1383 lacu
1501 1362 1601 1383 eorn—

909 1408 1061 1447 paratur.
1091 1400 1225 1447 objicit
1254 1401 1404 1436 Lenzius
1422 1428 1431 1445 ,
1459 1410 1599 1448 poetam

908 1456 1083 1488 stridorem
1098 1461 1239 1488 tantum
1256 1454 1429 1489 illustrare
1440 1455 1601 1489 voluisse.

910 1505 974 1540 Est
989 1505 1047 1540 ita.
1065 1507 1204 1540 Verum
1217 1505 1348 1541 calidus
1363 1507 1504 1552 sanguis
1514 1533 1524 1550 ,
1540 1508 1600 1542 ubi

907 1571 1049 1594 veneno
1058 1558 1175 1594 infuso
1185 1559 1295 1605 magis
1305 1559 1600 1603 accenditur,non

909 1610 982 1646 edit
997 1611 1187 1646 stridorem
1199 1637 1208 1655 ‚
1228 1612 1368 1657 qualem
1381 1612 1454 1647 edit
1470 1612 1600 1647 lamina

908 1663 1064 1699 candens
1086 1672 1151 1699 ete.
1173 1665 1352 1710 Expressit
1376 1672 1497 1700 autem
1520 1665 1600 1699 Lu-

909 1722 995 1750 cret.
1017 1716 1071 1751 Vl
1085 1743 1095 1759 ,
1126 1718 1183 1763 147
1203 1729 1210 1751 :
1237 1718 1286 1751 Ut
1300 1719 1426 1751 calidis
1452 1720 1602 1752 candens

898 1769 1031 1813 serrum
1048 1770 1277 1814 csomact'bus
1293 1773 1372 1805 olim
1390 1772 1522 1811 Slrt‘dt't,
1545 1773 1607 1805 ubi

909 1825 946 1856 ιἰι
964 1825 1113 1866 gelidum
1128 1836 1268 1867 propere
1288 1826 1506 1857 demersimus
1528 1827 1600 1857 im·—

910 1879 1011 1910 brcm.
1041 1877 1233 1912 Praeiverat
1263 1878 1415 1912 Homer.
1442 1877 1514 1912 Od.
1538 1878 1574 1913 Π
1590 1905 1599 1921 ,

910 1928 987 1976 391.
1005 1929 1140 1964 Eadem
1159 1929 1351 1964 similitudo
1368 1930 1459 1965 insra
1476 1943 1601 1965 occur-

909 1982 976 2021 rit,
994 1982 1088 2025 XII,
1107 1985 1234 2028 275.—
1248 1984 1442 2026 Quondam.
1465 1990 1505 2018 ut
1520 1986 1601 2018 olim

911 2035 1004 2081 apud
1019 2035 1223 2070 Lucretium
1235 2062 1245 2079 ,
1264 2043 1300 2071 et
1312 2036 1402 2071 infra
1420 2037 1492 2080 xl,
1512 2039 1598 2079 508;

910 2087 947 2121 in
960 2086 1190 2123 similitudine
1202 2102 1222 2123 a
1235 2089 1346 2134 poetis
1357 2089 1503 2134 ponitur
1513 2102 1577 2135 pro
1590 2116 1599 2132 ‚

911 2153 1184 2186 nonnumquam
1198 2168 1207 2185 ,
1225 2142 1515 2181 sere.—Lam1'na‚
1527 2143 1600 2176 ser-

911 2195 1194 2235 rum.—T1‘ncla,
1214 2195 1342 2229 scilicet
1358 2195 1401 2239 ad
1421 2195 1596 2230 induran—

911 2246 1192 2287 dum-Lacu,
1219 2260 1319 2293 aqua.
1343 2248 1505 2295 Heynius
1520 2275 1528 2290 ,
1557 2248 1599 2282 ad

913 2299 1103 2347 Virgilium
1117 2327 1126 2344 ,
1152 2300 1283 2347 Georg.
1311 2301 1363 2335 lV
1376 2327 1385 2344 ,
1418 2314 1477 2344 ¹72
1493 2327 1501 2343 ,
1528 2300 1599 2344 ipsa

911 2366 990 2388 vasa
1002 2367 1066 2398 per
1081 2357 1179 2388 lacus
1193 2354 1339 2398 intelligi
1357 2360 1464 2398 putat.
1484 2354 1605 2387 Sm'dit

913 2406 1098 2451 antiquum
1112 2433 1121 2449 ‚
1135 2420 1199 2452 pro
1209 2409 1331 2440 stridet
1340 2408 1355 2451 (
1365 2405 1458 2450 quod
1470 2404 1603 2439 habent

912 2458 1023 2493 nostri
1046 2459 1146 2504 Regii
1165 2460 1177 2502 )
1195 2485 1204 2501 ‚
1233 2472 1250 2492 e
1272 2457 1390 2492 codice
1410 2458 1446 2492 S.
1465 2457 1577 2492 Marci
1591 2484 1600 2500 ‚

913 2511 1147 2556 Neapolitano
1167 2537 1176 2553 ,
1203 2517 1238 2544 et
1267 2510 1377 2544 tribus
1402 2509 1476 2544 aliis
1504 2508 1603 2544 dedit

914 2563 1103 2606 Heinsius,
1122 2575 1229 2608 quem
1246 2562 1326 2597 vide
1342 2562 1443 2598 sicuti
1461 2569 1496 2597 et
1512 2562 1602 2596 Bur-

913 2628 1100 2650 mannum.

953 2682 964 2701 1
973 2682 989 2714 7
995 2683 1024 2701 2.
1035 2669 1104 2702 Nec
1115 2669 1233 2702 modus
1241 2673 1295 2702 cst
1303 2681 1314 2702 ,·
1324 2669 1461 2702 sorbent
1466 2680 1477 2710 ‚-
1492 2668 1527 2702 H
1531 2667 1603 2701 ein-

913 2721 982 2756 sius
989 2719 1100 2764 malit,
1107 2722 1177 2756 Nec
1185 2723 1305 2755 modus
1312 2734 1321 2755 t
1329 2723 1515 2755 exsorbent.
1530 2721 1603 2754 Ho-

913 2774 1006 2808 mius
1017 2773 1054 2808 in
1064 2773 1178 2808 Elem.
1192 2771 1281 2808 Crit.
1291 2773 1397 2808 Toni.
1407 2773 1463 2816 ΙΙ,
1477 2786 1509 2818 p.
1523 2773 1602 2815 301,
