<?xml version="1.0" encoding="UTF-8"?>
<!DOCTYPE html PUBLIC "-//W3C//DTD XHTML 1.0 Transitional//EN"
    "http://www.w3.org/TR/xhtml1/DTD/xhtml1-transitional.dtd">
<html xmlns="http://www.w3.org/1999/xhtml" xml:lang="en" lang="en">
 <head>
  <title>
</title>
<meta http-equiv="Content-Type" content="text/html;charset=utf-8" />
  <meta name='ocr-system' content='tesseract 3.04.00' />
  <meta name='ocr-capabilities' content='ocr_page ocr_carea ocr_par ocr_line ocrx_word'/>
</head>
<body>
  <div class='ocr_page' id='page_1' title='image "./quaeextantomniao04oviduoft_0550.png"; bbox 0 0 1820 3106; ppageno 0'>
   <div class='ocr_carea' id='block_1_1' title="bbox 231 214 321 258">
    <p class='ocr_par' dir='ltr' id='par_1_1' title="bbox 231 214 321 258">
     <span class='ocr_line' id='line_1_1' title="bbox 231 214 321 258; baseline 0 0"><span class='ocrx_word' id='word_1_1' title='bbox 231 214 321 258; x_wconf 84' lang='lat'>536</span> 
     </span>
    </p>
   </div>
   <div class='ocr_carea' id='block_1_2' title="bbox 593 219 1277 268">
    <p class='ocr_par' dir='ltr' id='par_1_2' title="bbox 593 219 1277 268">
     <span class='ocr_line' id='line_1_2' title="bbox 593 219 1277 268; baseline 0.009 -6"><span class='ocrx_word' id='word_1_2' title='bbox 593 219 646 262; x_wconf 89' lang='lat' dir='ltr'>P.</span> <span class='ocrx_word' id='word_1_3' title='bbox 691 219 930 265; x_wconf 90' lang='lat' dir='ltr'>OVIDII</span> <span class='ocrx_word' id='word_1_4' title='bbox 974 221 1277 268; x_wconf 89' lang='lat' dir='ltr'><strong>NASONIS</strong></span> 
     </span>
    </p>
   </div>
   <div class='ocr_carea' id='block_1_3' title="bbox 228 308 1383 614">
    <p class='ocr_par' dir='ltr' id='par_1_3' title="bbox 228 308 1383 614">
     <span class='ocr_line' id='line_1_3' title="bbox 229 308 1383 382; baseline 0.01 -27"><span class='ocrx_word' id='word_1_5' title='bbox 229 309 346 356; x_wconf 89' lang='lat' dir='ltr'>Tum</span> <span class='ocrx_word' id='word_1_6' title='bbox 367 308 499 368; x_wconf 81' lang='lat' dir='ltr'>mihi,</span> <span class='ocrx_word' id='word_1_7' title='bbox 521 329 576 358; x_wconf 91' lang='lat' dir='ltr'>ne</span> <span class='ocrx_word' id='word_1_8' title='bbox 598 330 788 378; x_wconf 87' lang='lat' dir='ltr'>praesens</span> <span class='ocrx_word' id='word_1_9' title='bbox 811 333 1012 376; x_wconf 84' lang='lat' dir='ltr'>augerem</span> <span class='ocrx_word' id='word_1_10' title='bbox 1035 316 1228 365; x_wconf 90' lang='lat' dir='ltr'>muneris</span> <span class='ocrx_word' id='word_1_11' title='bbox 1250 316 1383 382; x_wconf 89' lang='lat' dir='ltr'>hujus</span> 
     </span>
     <span class='ocr_line' id='line_1_4' title="bbox 228 386 1236 459; baseline 0.009 -24"><span class='ocrx_word' id='word_1_12' title='bbox 228 386 466 445; x_wconf 84' lang='lat' dir='ltr'><strong>Invidiam,</strong></span> <span class='ocrx_word' id='word_1_13' title='bbox 494 389 648 439; x_wconf 88' lang='lat' dir='ltr'>densas</span> <span class='ocrx_word' id='word_1_14' title='bbox 672 392 833 456; x_wconf 87' lang='lat' dir='ltr'>objecit</span> <span class='ocrx_word' id='word_1_15' title='bbox 856 393 1045 459; x_wconf 87' lang='lat' dir='ltr'>Cynthia</span> <span class='ocrx_word' id='word_1_16' title='bbox 1066 395 1236 444; x_wconf 88' lang='lat' dir='ltr'>nubes:</span> 
     </span>
     <span class='ocr_line' id='line_1_5' title="bbox 231 463 1382 536; baseline 0.008 -26"><span class='ocrx_word' id='word_1_17' title='bbox 231 464 384 530; x_wconf 87' lang='lat' dir='ltr'>thue</span> <span class='ocrx_word' id='word_1_18' title='bbox 406 463 547 513; x_wconf 83' lang='lat' dir='ltr'>forem&#39;</span> <span class='ocrx_word' id='word_1_19' title='bbox 572 477 717 524; x_wconf 91' lang='lat' dir='ltr'>tutus,</span> <span class='ocrx_word' id='word_1_20' title='bbox 740 487 1004 536; x_wconf 87' lang='lat' dir='ltr'>possemque</span> <span class='ocrx_word' id='word_1_21' title='bbox 1024 470 1205 536; x_wconf 89' lang='lat' dir='ltr'>impune</span> <span class='ocrx_word' id='word_1_22' title='bbox 1225 470 1382 530; x_wconf 83' lang='lat' dir='ltr'>videri,</span> 
     </span>
     <span class='ocr_line' id='line_1_6' title="bbox 231 540 1276 614; baseline 0.008 -26"><span class='ocrx_word' id='word_1_23' title='bbox 231 540 419 590; x_wconf 85' lang='lat' dir='ltr'>Addidit</span> <span class='ocrx_word' id='word_1_24' title='bbox 445 554 612 592; x_wconf 86' lang='lat' dir='ltr'>aetatem</span> <span class='ocrx_word' id='word_1_25' title='bbox 627 582 638 602; x_wconf 97' lang='lat'>,</span> <span class='ocrx_word' id='word_1_26' title='bbox 664 564 744 594; x_wconf 92' lang='lat' dir='ltr'>nec</span> <span class='ocrx_word' id='word_1_27' title='bbox 768 547 1071 609; x_wconf 85' lang='lat' dir='ltr'>cognoscenda</span> <span class='ocrx_word' id='word_1_28' title='bbox 1095 547 1276 614; x_wconf 88' lang='lat' dir='ltr'>reliquit</span> 
     </span>
    </p>
   </div>
   <div class='ocr_carea' id='block_1_4' title="bbox 174 618 1372 698">
    <p class='ocr_par' dir='ltr' id='par_1_4' title="bbox 174 618 1372 698">
     <span class='ocr_line' id='line_1_7' title="bbox 174 618 1372 698; baseline 0.008 -34"><span class='ocrx_word' id='word_1_29' title='bbox 174 690 176 698; x_wconf 22' lang='lat' dir='ltr'>y</span> <span class='ocrx_word' id='word_1_30' title='bbox 236 618 329 666; x_wconf 91' lang='lat' dir='ltr'>Ora</span> <span class='ocrx_word' id='word_1_31' title='bbox 352 619 461 667; x_wconf 90' lang='lat' dir='ltr'>mihi</span> <span class='ocrx_word' id='word_1_32' title='bbox 482 639 492 668; x_wconf 76' lang='lat' dir='ltr'><em>z</em></span> <span class='ocrx_word' id='word_1_33' title='bbox 514 621 761 688; x_wconf 83' lang='lat' dir='ltr'>Cretenque</span> <span class='ocrx_word' id='word_1_34' title='bbox 784 622 860 671; x_wconf 87' lang='lat' dir='ltr'>diu</span> <span class='ocrx_word' id='word_1_35' title='bbox 883 623 1103 672; x_wconf 88' lang='lat' dir='ltr'>dubitavit</span> <span class='ocrx_word' id='word_1_36' title='bbox 1124 624 1372 673; x_wconf 89' lang='lat' dir='ltr'>habendam</span> 
     </span>
    </p>
   </div>
   <div class='ocr_carea' id='block_1_5' title="bbox 1587 639 1654 686">
    <p class='ocr_par' dir='ltr' id='par_1_5' title="bbox 1587 639 1654 686">
     <span class='ocr_line' id='line_1_8' title="bbox 1587 639 1654 686; baseline 0 -13"><span class='ocrx_word' id='word_1_37' title='bbox 1587 639 1654 686; x_wconf 76' lang='lat'>540</span> 
     </span>
    </p>
   </div>
   <div class='ocr_carea' id='block_1_6' title="bbox 231 695 1341 769">
    <p class='ocr_par' dir='ltr' id='par_1_6' title="bbox 231 695 1341 769">
     <span class='ocr_line' id='line_1_9' title="bbox 231 695 1341 769; baseline 0.008 -26"><span class='ocrx_word' id='word_1_38' title='bbox 231 695 468 755; x_wconf 85' lang='lat' dir='ltr'>Traderet,</span> <span class='ocrx_word' id='word_1_39' title='bbox 489 716 546 746; x_wconf 90' lang='lat' dir='ltr'>an</span> <span class='ocrx_word' id='word_1_40' title='bbox 567 699 715 748; x_wconf 90' lang='lat' dir='ltr'>Delon</span> <span class='ocrx_word' id='word_1_41' title='bbox 736 720 746 748; x_wconf 91' lang='lat'>:</span> <span class='ocrx_word' id='word_1_42' title='bbox 766 701 880 750; x_wconf 88' lang='lat' dir='ltr'>Delo</span> <span class='ocrx_word' id='word_1_43' title='bbox 895 739 906 759; x_wconf 94' lang='lat'>,</span> <span class='ocrx_word' id='word_1_44' title='bbox 936 702 1154 769; x_wconf 84' lang='lat' dir='ltr'>Cretaque</span> <span class='ocrx_word' id='word_1_45' title='bbox 1176 701 1341 752; x_wconf 87' lang='lat' dir='ltr'>relictis</span> 
     </span>
    </p>
   </div>
   <div class='ocr_carea' id='block_1_7' title="bbox 233 773 1526 923">
    <p class='ocr_par' dir='ltr' id='par_1_7' title="bbox 233 773 1526 923">
     <span class='ocr_line' id='line_1_10' title="bbox 233 773 1526 845; baseline 0.005 -25"><span class='ocrx_word' id='word_1_46' title='bbox 233 773 321 820; x_wconf 86' lang='lat' dir='ltr'>Hic</span> <span class='ocrx_word' id='word_1_47' title='bbox 344 774 520 840; x_wconf 80' lang='lat' dir='ltr'>posuit,</span> <span class='ocrx_word' id='word_1_48' title='bbox 545 795 796 844; x_wconf 91' lang='lat' dir='ltr'>nomenque</span> <span class='ocrx_word' id='word_1_49' title='bbox 821 777 977 837; x_wconf 89' lang='lat' dir='ltr'>simul,</span> <span class='ocrx_word' id='word_1_50' title='bbox 1003 779 1123 845; x_wconf 83' lang='lat' dir='ltr'>quod</span> <span class='ocrx_word' id='word_1_51' title='bbox 1147 779 1292 845; x_wconf 87' lang='lat' dir='ltr'>possit</span> <span class='ocrx_word' id='word_1_52' title='bbox 1313 796 1526 844; x_wconf 90' lang='lat' dir='ltr'>equorum</span> 
     </span>
     <span class='ocr_line' id='line_1_11' title="bbox 235 851 1378 923; baseline 0.004 -25"><span class='ocrx_word' id='word_1_53' title='bbox 235 851 537 901; x_wconf 88' lang='lat' dir='ltr'>Admonuisse</span> <span class='ocrx_word' id='word_1_54' title='bbox 551 891 562 912; x_wconf 97' lang='lat'>,</span> <span class='ocrx_word' id='word_1_55' title='bbox 584 854 712 919; x_wconf 86' lang='lat' dir='ltr'>jubet</span> <span class='ocrx_word' id='word_1_56' title='bbox 734 855 951 922; x_wconf 86' lang='lat' dir='ltr'>deponere</span> <span class='ocrx_word' id='word_1_57' title='bbox 973 876 983 904; x_wconf 93' lang='lat'>:</span> <span class='ocrx_word' id='word_1_58' title='bbox 1007 878 1029 898; x_wconf 91' lang='lat'>«</span> <span class='ocrx_word' id='word_1_59' title='bbox 1052 857 1231 923; x_wconf 83' lang='lat' dir='ltr'>Quique</span> <span class='ocrx_word' id='word_1_60' title='bbox 1254 856 1378 904; x_wconf 86' lang='lat' dir='ltr'>fuisti</span> 
     </span>
    </p>
   </div>
   <div class='ocr_carea' id='block_1_8' title="bbox 234 930 1417 997">
    <p class='ocr_par' dir='ltr' id='par_1_8' title="bbox 234 930 1417 997">
     <span class='ocr_line' id='line_1_12' title="bbox 234 930 1417 997; baseline 0.006 -21"><span class='ocrx_word' id='word_1_61' title='bbox 234 950 262 972; x_wconf 88' lang='lat'>&gt;›</span> <span class='ocrx_word' id='word_1_62' title='bbox 291 930 589 997; x_wconf 85' lang='lat' dir='ltr'>Hippolytus,</span> <span class='ocrx_word' id='word_1_63' title='bbox 617 933 752 992; x_wconf 83' lang='lat' dir='ltr'>dixit,</span> <span class='ocrx_word' id='word_1_64' title='bbox 773 954 891 983; x_wconf 87' lang='lat' dir='ltr'>nunc</span> <span class='ocrx_word' id='word_1_65' title='bbox 914 935 1030 984; x_wconf 87' lang='lat' dir='ltr'>idem</span> <span class='ocrx_word' id='word_1_66' title='bbox 1051 935 1237 983; x_wconf 85' lang='lat' dir='ltr'>Virbius</span> <span class='ocrx_word' id='word_1_67' title='bbox 1257 947 1367 983; x_wconf 87' lang='lat' dir='ltr'>esto.</span> <span class='ocrx_word' id='word_1_68' title='bbox 1392 955 1417 977; x_wconf 87' lang='lat'><strong><em>»</em></strong></span> 
     </span>
    </p>
   </div>
   <div class='ocr_carea' id='block_1_9' title="bbox 236 1008 1481 1081">
    <p class='ocr_par' dir='ltr' id='par_1_9' title="bbox 236 1008 1481 1081">
     <span class='ocr_line' id='line_1_13' title="bbox 236 1008 1481 1081; baseline 0.005 -25"><span class='ocrx_word' id='word_1_69' title='bbox 236 1008 337 1057; x_wconf 90' lang='lat' dir='ltr'>Hoc</span> <span class='ocrx_word' id='word_1_70' title='bbox 362 1029 517 1060; x_wconf 87' lang='lat' dir='ltr'>nemus</span> <span class='ocrx_word' id='word_1_71' title='bbox 539 1011 642 1061; x_wconf 88' lang='lat' dir='ltr'>inde</span> <span class='ocrx_word' id='word_1_72' title='bbox 664 1012 766 1061; x_wconf 91' lang='lat' dir='ltr'>colo</span> <span class='ocrx_word' id='word_1_73' title='bbox 783 1052 794 1073; x_wconf 90' lang='lat'>‚</span> <span class='ocrx_word' id='word_1_74' title='bbox 821 1013 873 1062; x_wconf 87' lang='lat' dir='ltr'>de</span> <span class='ocrx_word' id='word_1_75' title='bbox 898 1014 1068 1081; x_wconf 88' lang='lat' dir='ltr'>Disque</span> <span class='ocrx_word' id='word_1_76' title='bbox 1093 1014 1341 1062; x_wconf 89' lang='lat' dir='ltr'>minoribus</span> <span class='ocrx_word' id='word_1_77' title='bbox 1364 1032 1481 1062; x_wconf 87' lang='lat' dir='ltr'>unus</span> 
     </span>
    </p>
   </div>
   <div class='ocr_carea' id='block_1_10' title="bbox 236 1089 1473 1389">
    <p class='ocr_par' dir='ltr' id='par_1_10' title="bbox 237 1089 1473 1233">
     <span class='ocr_line' id='line_1_14' title="bbox 237 1089 1473 1159; baseline 0.003 -23"><span class='ocrx_word' id='word_1_78' title='bbox 237 1089 431 1138; x_wconf 85' lang='lat' dir='ltr'>Numine</span> <span class='ocrx_word' id='word_1_79' title='bbox 454 1092 538 1139; x_wconf 87' lang='lat' dir='ltr'>sub</span> <span class='ocrx_word' id='word_1_80' title='bbox 563 1092 748 1141; x_wconf 90' lang='lat' dir='ltr'>dominae</span> <span class='ocrx_word' id='word_1_81' title='bbox 771 1092 887 1141; x_wconf 90' lang='lat' dir='ltr'>lateo</span> <span class='ocrx_word' id='word_1_82' title='bbox 907 1131 918 1151; x_wconf 97' lang='lat'>,</span> <span class='ocrx_word' id='word_1_83' title='bbox 942 1105 1074 1159; x_wconf 87' lang='lat' dir='ltr'>atque</span> <span class='ocrx_word' id='word_1_84' title='bbox 1095 1112 1326 1142; x_wconf 86' lang='lat' dir='ltr'>accenseor</span> <span class='ocrx_word' id='word_1_85' title='bbox 1346 1092 1426 1141; x_wconf 89' lang='lat' dir='ltr'>illi.</span> <span class='ocrx_word' id='word_1_86' title='bbox 1449 1114 1473 1136; x_wconf 89' lang='lat'>»</span> 
     </span>
     <span class='ocr_line' id='line_1_15' title="bbox 302 1167 1256 1233; baseline 0.004 -19"><span class='ocrx_word' id='word_1_87' title='bbox 302 1167 406 1215; x_wconf 89' lang='lat' dir='ltr'>Non</span> <span class='ocrx_word' id='word_1_88' title='bbox 429 1179 574 1216; x_wconf 87' lang='lat' dir='ltr'>tamen</span> <span class='ocrx_word' id='word_1_89' title='bbox 595 1169 766 1233; x_wconf 85' lang='lat' dir='ltr'>Egeriae</span> <span class='ocrx_word' id='word_1_90' title='bbox 788 1169 936 1219; x_wconf 90' lang='lat' dir='ltr'>luctus</span> <span class='ocrx_word' id='word_1_91' title='bbox 953 1169 1094 1220; x_wconf 89' lang='lat' dir='ltr'>aliena</span> <span class='ocrx_word' id='word_1_92' title='bbox 1115 1170 1256 1219; x_wconf 87' lang='lat' dir='ltr'>levare</span> 
     </span>
    </p>

    <p class='ocr_par' dir='ltr' id='par_1_11' title="bbox 236 1242 1414 1312">
     <span class='ocr_line' id='line_1_16' title="bbox 236 1242 1414 1312; baseline 0.003 -22"><span class='ocrx_word' id='word_1_93' title='bbox 236 1242 410 1291; x_wconf 86' lang='lat' dir='ltr'>Damna</span> <span class='ocrx_word' id='word_1_94' title='bbox 431 1243 576 1292; x_wconf 90' lang='lat' dir='ltr'>valent</span> <span class='ocrx_word' id='word_1_95' title='bbox 591 1283 603 1303; x_wconf 89' lang='lat'>,</span> <span class='ocrx_word' id='word_1_96' title='bbox 623 1246 877 1312; x_wconf 86' lang='lat' dir='ltr'>montisque</span> <span class='ocrx_word' id='word_1_97' title='bbox 899 1246 1045 1311; x_wconf 87' lang='lat' dir='ltr'>jacens</span> <span class='ocrx_word' id='word_1_98' title='bbox 1069 1247 1291 1295; x_wconf 83' lang='lat' dir='ltr'>radicibus</span> <span class='ocrx_word' id='word_1_99' title='bbox 1314 1245 1414 1294; x_wconf 89' lang='lat' dir='ltr'>imis</span> 
     </span>
    </p>

    <p class='ocr_par' dir='ltr' id='par_1_12' title="bbox 237 1319 1374 1389">
     <span class='ocr_line' id='line_1_17' title="bbox 237 1319 1374 1389; baseline 0.003 -22"><span class='ocrx_word' id='word_1_100' title='bbox 237 1319 447 1385; x_wconf 88' lang='lat' dir='ltr'>Liquitur</span> <span class='ocrx_word' id='word_1_101' title='bbox 470 1319 515 1368; x_wconf 86' lang='lat' dir='ltr'>in</span> <span class='ocrx_word' id='word_1_102' title='bbox 541 1320 752 1388; x_wconf 87' lang='lat' dir='ltr'>lacrymas</span> <span class='ocrx_word' id='word_1_103' title='bbox 773 1342 784 1371; x_wconf 91' lang='lat'>:</span> <span class='ocrx_word' id='word_1_104' title='bbox 806 1323 944 1371; x_wconf 89' lang='lat' dir='ltr'>donec</span> <span class='ocrx_word' id='word_1_105' title='bbox 962 1361 975 1383; x_wconf 88' lang='lat'><strong><em>‚</em></strong></span> <span class='ocrx_word' id='word_1_106' title='bbox 996 1323 1159 1389; x_wconf 87' lang='lat' dir='ltr'>pietate</span> <span class='ocrx_word' id='word_1_107' title='bbox 1181 1321 1374 1371; x_wconf 89' lang='lat' dir='ltr'>dolentis</span> 
     </span>
    </p>
   </div>
   <div class='ocr_carea' id='block_1_11' title="bbox 238 1429 929 2779">
    <p class='ocr_par' dir='ltr' id='par_1_13' title="bbox 238 1429 924 2039">
     <span class='ocr_line' id='line_1_18' title="bbox 238 1429 919 1477; baseline 0.004 -14"><span class='ocrx_word' id='word_1_108' title='bbox 238 1435 338 1464; x_wconf 85' lang='lat' dir='ltr'>cutus</span> <span class='ocrx_word' id='word_1_109' title='bbox 360 1436 413 1477; x_wconf 86' lang='lat' dir='ltr'>est</span> <span class='ocrx_word' id='word_1_110' title='bbox 436 1429 603 1464; x_wconf 82' lang='lat' dir='ltr'>Horatius</span> <span class='ocrx_word' id='word_1_111' title='bbox 620 1456 629 1473; x_wconf 92' lang='lat'>,</span> <span class='ocrx_word' id='word_1_112' title='bbox 656 1430 712 1465; x_wconf 92' lang='lat' dir='ltr'>IV</span> <span class='ocrx_word' id='word_1_113' title='bbox 724 1456 734 1474; x_wconf 88' lang='lat'>,</span> <span class='ocrx_word' id='word_1_114' title='bbox 753 1430 823 1466; x_wconf 86' lang='lat' dir='ltr'>Od.</span> <span class='ocrx_word' id='word_1_115' title='bbox 841 1443 897 1466; x_wconf 85' lang='lat' dir='ltr'>vn</span> <span class='ocrx_word' id='word_1_116' title='bbox 909 1458 919 1475; x_wconf 90' lang='lat'>,</span> 
     </span>
     <span class='ocr_line' id='line_1_19' title="bbox 242 1481 918 1527; baseline 0.003 -12"><span class='ocrx_word' id='word_1_117' title='bbox 242 1484 303 1525; x_wconf 79' lang='lat'>25,</span> <span class='ocrx_word' id='word_1_118' title='bbox 321 1495 362 1515; x_wconf 87' lang='lat' dir='ltr'>ex</span> <span class='ocrx_word' id='word_1_119' title='bbox 379 1495 448 1526; x_wconf 91' lang='lat' dir='ltr'>quo</span> <span class='ocrx_word' id='word_1_120' title='bbox 465 1481 630 1526; x_wconf 89' lang='lat' dir='ltr'>pudicum</span> <span class='ocrx_word' id='word_1_121' title='bbox 647 1483 814 1527; x_wconf 79' lang='lat' dir='ltr'>juvenem</span> <span class='ocrx_word' id='word_1_122' title='bbox 833 1484 918 1517; x_wconf 82' lang='lat' dir='ltr'>fru—</span> 
     </span>
     <span class='ocr_line' id='line_1_20' title="bbox 238 1533 920 1572; baseline 0.007 -5"><span class='ocrx_word' id='word_1_123' title='bbox 238 1540 309 1567; x_wconf 80' lang='lat' dir='ltr'>stra</span> <span class='ocrx_word' id='word_1_124' title='bbox 332 1533 368 1568; x_wconf 91' lang='lat' dir='ltr'>in</span> <span class='ocrx_word' id='word_1_125' title='bbox 397 1533 503 1567; x_wconf 85' lang='lat' dir='ltr'>vitam</span> <span class='ocrx_word' id='word_1_126' title='bbox 529 1546 691 1569; x_wconf 88' lang='lat' dir='ltr'>revocare</span> <span class='ocrx_word' id='word_1_127' title='bbox 718 1543 843 1570; x_wconf 87' lang='lat' dir='ltr'>conata</span> <span class='ocrx_word' id='word_1_128' title='bbox 869 1544 920 1572; x_wconf 89' lang='lat' dir='ltr'>est</span> 
     </span>
     <span class='ocr_line' id='line_1_21' title="bbox 240 1586 920 1632; baseline 0.004 -13"><span class='ocrx_word' id='word_1_129' title='bbox 240 1586 526 1620; x_wconf 60' lang='lat' dir='ltr'>Diana—Paean</span> <span class='ocrx_word' id='word_1_130' title='bbox 538 1598 669 1620; x_wconf 88' lang='lat' dir='ltr'>nomen</span> <span class='ocrx_word' id='word_1_131' title='bbox 686 1586 811 1620; x_wconf 87' lang='lat' dir='ltr'>medici</span> <span class='ocrx_word' id='word_1_132' title='bbox 827 1587 920 1632; x_wconf 84' lang='lat' dir='ltr'>apud</span> 
     </span>
     <span class='ocr_line' id='line_1_22' title="bbox 242 1638 919 1681; baseline 0.004 -10"><span class='ocrx_word' id='word_1_133' title='bbox 242 1638 462 1679; x_wconf 86' lang='lat' dir='ltr'>Homerum,</span> <span class='ocrx_word' id='word_1_134' title='bbox 489 1650 508 1671; x_wconf 90' lang='lat' dir='ltr'>a</span> <span class='ocrx_word' id='word_1_135' title='bbox 532 1650 601 1681; x_wconf 90' lang='lat' dir='ltr'>quo</span> <span class='ocrx_word' id='word_1_136' title='bbox 627 1644 765 1672; x_wconf 88' lang='lat' dir='ltr'>curatus</span> <span class='ocrx_word' id='word_1_137' title='bbox 786 1638 919 1674; x_wconf 87' lang='lat' dir='ltr'>Pluto:</span> 
     </span>
     <span class='ocr_line' id='line_1_23' title="bbox 241 1689 922 1734; baseline 0.004 -12"><span class='ocrx_word' id='word_1_138' title='bbox 241 1690 326 1734; x_wconf 87' lang='lat' dir='ltr'>quin</span> <span class='ocrx_word' id='word_1_139' title='bbox 343 1696 380 1724; x_wconf 85' lang='lat' dir='ltr'>et</span> <span class='ocrx_word' id='word_1_140' title='bbox 395 1690 499 1723; x_wconf 85' lang='lat' dir='ltr'>Paean</span> <span class='ocrx_word' id='word_1_141' title='bbox 515 1695 658 1722; x_wconf 83' lang='lat' dir='ltr'>vocatur</span> <span class='ocrx_word' id='word_1_142' title='bbox 675 1689 799 1734; x_wconf 86' lang='lat' dir='ltr'>Apollo</span> <span class='ocrx_word' id='word_1_143' title='bbox 813 1717 822 1733; x_wconf 92' lang='lat'>‚</span> <span class='ocrx_word' id='word_1_144' title='bbox 842 1705 922 1725; x_wconf 90' lang='lat' dir='ltr'>me—</span> 
     </span>
     <span class='ocr_line' id='line_1_24' title="bbox 242 1741 922 1777; baseline 0.001 -2"><span class='ocrx_word' id='word_1_145' title='bbox 242 1742 365 1777; x_wconf 89' lang='lat' dir='ltr'>dicinae</span> <span class='ocrx_word' id='word_1_146' title='bbox 386 1741 558 1776; x_wconf 88' lang='lat' dir='ltr'>inventor.</span> <span class='ocrx_word' id='word_1_147' title='bbox 581 1742 647 1775; x_wconf 86' lang='lat' dir='ltr'>Ed.</span> <span class='ocrx_word' id='word_1_148' title='bbox 665 1759 709 1766; x_wconf 89' lang='lat'><em>—</em></span> <span class='ocrx_word' id='word_1_149' title='bbox 725 1743 807 1776; x_wconf 81' lang='lat' dir='ltr'>Dite</span> <span class='ocrx_word' id='word_1_150' title='bbox 824 1744 922 1776; x_wconf 76' lang='lat' dir='ltr'>indi-</span> 
     </span>
     <span class='ocr_line' id='line_1_25' title="bbox 238 1792 922 1839; baseline -0.001 -10"><span class='ocrx_word' id='word_1_151' title='bbox 238 1802 365 1839; x_wconf 78' lang='lat' dir='ltr'>gnante</span> <span class='ocrx_word' id='word_1_152' title='bbox 375 1794 487 1828; x_wconf 88' lang='lat' dir='ltr'>minui</span> <span class='ocrx_word' id='word_1_153' title='bbox 498 1792 560 1827; x_wconf 89' lang='lat' dir='ltr'>sibi</span> <span class='ocrx_word' id='word_1_154' title='bbox 574 1792 762 1838; x_wconf 89' lang='lat' dir='ltr'>imperium</span> <span class='ocrx_word' id='word_1_155' title='bbox 773 1819 783 1836; x_wconf 88' lang='lat'>‚</span> <span class='ocrx_word' id='word_1_156' title='bbox 802 1792 922 1828; x_wconf 86' lang='lat' dir='ltr'>violari</span> 
     </span>
     <span class='ocr_line' id='line_1_26' title="bbox 241 1844 923 1892; baseline -0.003 -11"><span class='ocrx_word' id='word_1_157' title='bbox 241 1846 343 1892; x_wconf 82' lang='lat' dir='ltr'>regni</span> <span class='ocrx_word' id='word_1_158' title='bbox 355 1846 489 1881; x_wconf 74' lang='lat' dir='ltr'>foedera</span> <span class='ocrx_word' id='word_1_159' title='bbox 503 1871 512 1887; x_wconf 89' lang='lat'>,</span> <span class='ocrx_word' id='word_1_160' title='bbox 530 1857 638 1889; x_wconf 88' lang='lat' dir='ltr'>quum</span> <span class='ocrx_word' id='word_1_161' title='bbox 652 1844 693 1878; x_wconf 90' lang='lat' dir='ltr'>ad</span> <span class='ocrx_word' id='word_1_162' title='bbox 709 1844 823 1879; x_wconf 81' lang='lat' dir='ltr'>lucem</span> <span class='ocrx_word' id='word_1_163' title='bbox 835 1858 923 1880; x_wconf 91' lang='lat' dir='ltr'>con-</span> 
     </span>
     <span class='ocr_line' id='line_1_27' title="bbox 245 1898 923 1944; baseline -0.006 -9"><span class='ocrx_word' id='word_1_164' title='bbox 245 1908 299 1935; x_wconf 87' lang='lat' dir='ltr'>tra</span> <span class='ocrx_word' id='word_1_165' title='bbox 314 1900 365 1934; x_wconf 79' lang='lat' dir='ltr'>fas</span> <span class='ocrx_word' id='word_1_166' title='bbox 375 1898 614 1933; x_wconf 82' lang='lat' dir='ltr'>retraheretur</span> <span class='ocrx_word' id='word_1_167' title='bbox 625 1923 634 1940; x_wconf 94' lang='lat'>,</span> <span class='ocrx_word' id='word_1_168' title='bbox 653 1898 711 1942; x_wconf 90' lang='lat' dir='ltr'>qui</span> <span class='ocrx_word' id='word_1_169' title='bbox 730 1898 836 1944; x_wconf 86' lang='lat' dir='ltr'>Styga</span> <span class='ocrx_word' id='word_1_170' title='bbox 850 1899 923 1942; x_wconf 78' lang='lat' dir='ltr'>jam</span> 
     </span>
     <span class='ocr_line' id='line_1_28' title="bbox 243 1949 924 1995; baseline -0.003 -10"><span class='ocrx_word' id='word_1_171' title='bbox 243 1951 395 1994; x_wconf 80' lang='lat' dir='ltr'>viderat,</span> <span class='ocrx_word' id='word_1_172' title='bbox 408 1958 443 1985; x_wconf 91' lang='lat' dir='ltr'>et</span> <span class='ocrx_word' id='word_1_173' title='bbox 454 1949 619 1995; x_wconf 82' lang='lat' dir='ltr'>paludem</span> <span class='ocrx_word' id='word_1_174' title='bbox 635 1952 851 1986; x_wconf 73' lang='lat' dir='ltr'>irremeabms</span> <span class='ocrx_word' id='word_1_175' title='bbox 865 1963 924 1984; x_wconf 82' lang='lat' dir='ltr'>un-</span> 
     </span>
     <span class='ocr_line' id='line_1_29' title="bbox 246 2003 589 2039; baseline -0.009 0"><span class='ocrx_word' id='word_1_176' title='bbox 246 2007 298 2039; x_wconf 84' lang='lat' dir='ltr'>doe</span> <span class='ocrx_word' id='word_1_177' title='bbox 313 2003 507 2038; x_wconf 85' lang='lat' dir='ltr'>transierat.</span> <span class='ocrx_word' id='word_1_178' title='bbox 523 2004 589 2036; x_wconf 84' lang='lat' dir='ltr'>Ed.</span> 
     </span>
    </p>

    <p class='ocr_par' dir='ltr' id='par_1_14' title="bbox 244 2052 929 2779">
     <span class='ocr_line' id='line_1_30' title="bbox 289 2052 922 2098; baseline -0.005 -9"><span class='ocrx_word' id='word_1_179' title='bbox 289 2055 364 2089; x_wconf 83' lang='lat'>536.</span> <span class='ocrx_word' id='word_1_180' title='bbox 382 2057 535 2089; x_wconf 73' lang='lat' dir='ltr'>Proeseas</span> <span class='ocrx_word' id='word_1_181' title='bbox 550 2053 587 2087; x_wconf 90' lang='lat' dir='ltr'>in</span> <span class='ocrx_word' id='word_1_182' title='bbox 605 2053 710 2095; x_wconf 84' lang='lat' dir='ltr'>caelo;</span> <span class='ocrx_word' id='word_1_183' title='bbox 731 2052 896 2098; x_wconf 84' lang='lat' dir='ltr'>Virgilius</span> <span class='ocrx_word' id='word_1_184' title='bbox 913 2079 922 2096; x_wconf 89' lang='lat'><strong>‚</strong></span> 
     </span>
     <span class='ocr_line' id='line_1_31' title="bbox 245 2104 925 2151; baseline -0.006 -9"><span class='ocrx_word' id='word_1_185' title='bbox 245 2122 264 2137; x_wconf 71' lang='grc' dir='ltr'>«ε</span> <span class='ocrx_word' id='word_1_186' title='bbox 284 2108 378 2142; x_wconf 80' lang='lat' dir='ltr'>Turn</span> <span class='ocrx_word' id='word_1_187' title='bbox 395 2113 493 2151; x_wconf 84' lang='lat' dir='ltr'>pater</span> <span class='ocrx_word' id='word_1_188' title='bbox 508 2104 729 2150; x_wconf 82' lang='lat' dir='ltr'>omnipotens</span> <span class='ocrx_word' id='word_1_189' title='bbox 742 2131 751 2147; x_wconf 93' lang='lat'>,</span> <span class='ocrx_word' id='word_1_190' title='bbox 773 2105 925 2149; x_wconf 87' lang='lat' dir='ltr'>aliquem</span> 
     </span>
     <span class='ocr_line' id='line_1_32' title="bbox 244 2157 925 2205; baseline -0.003 -13"><span class='ocrx_word' id='word_1_191' title='bbox 244 2175 263 2192; x_wconf 68' lang='lat' dir='ltr'>&gt;s</span> <span class='ocrx_word' id='word_1_192' title='bbox 281 2160 481 2205; x_wconf 85' lang='lat' dir='ltr'>indignatus</span> <span class='ocrx_word' id='word_1_193' title='bbox 506 2159 548 2193; x_wconf 91' lang='lat' dir='ltr'>ab</span> <span class='ocrx_word' id='word_1_194' title='bbox 575 2158 706 2192; x_wconf 89' lang='lat' dir='ltr'>umbris</span> <span class='ocrx_word' id='word_1_195' title='bbox 736 2157 925 2192; x_wconf 87' lang='lat' dir='ltr'>Mortalem</span> 
     </span>
     <span class='ocr_line' id='line_1_33' title="bbox 246 2209 925 2256; baseline -0.007 -8"><span class='ocrx_word' id='word_1_196' title='bbox 246 2227 268 2245; x_wconf 87' lang='lat'>&gt;›</span> <span class='ocrx_word' id='word_1_197' title='bbox 285 2213 433 2248; x_wconf 73' lang='lat' dir='ltr'>infernis</span> <span class='ocrx_word' id='word_1_198' title='bbox 455 2211 497 2246; x_wconf 86' lang='lat' dir='ltr'>ad</span> <span class='ocrx_word' id='word_1_199' title='bbox 524 2211 657 2246; x_wconf 90' lang='lat' dir='ltr'>lumina</span> <span class='ocrx_word' id='word_1_200' title='bbox 680 2223 822 2256; x_wconf 84' lang='lat' dir='ltr'>surgere</span> <span class='ocrx_word' id='word_1_201' title='bbox 847 2209 925 2243; x_wconf 83' lang='lat' dir='ltr'>vitae</span> 
     </span>
     <span class='ocr_line' id='line_1_34' title="bbox 247 2262 927 2307; baseline -0.01 -6"><span class='ocrx_word' id='word_1_202' title='bbox 247 2281 267 2297; x_wconf 78' lang='lat'>»</span> <span class='ocrx_word' id='word_1_203' title='bbox 286 2274 349 2301; x_wconf 87' lang='lat' dir='ltr'>etc.</span> <span class='ocrx_word' id='word_1_204' title='bbox 363 2280 381 2296; x_wconf 69' lang='grc' dir='ltr'>υ</span> <span class='ocrx_word' id='word_1_205' title='bbox 399 2265 531 2300; x_wconf 84' lang='lat' dir='ltr'>Aricini</span> <span class='ocrx_word' id='word_1_206' title='bbox 548 2263 738 2298; x_wconf 82' lang='lat' dir='ltr'>narrabant</span> <span class='ocrx_word' id='word_1_207' title='bbox 749 2289 758 2306; x_wconf 92' lang='lat'>,</span> <span class='ocrx_word' id='word_1_208' title='bbox 786 2262 927 2307; x_wconf 85' lang='lat' dir='ltr'>Hippo-</span> 
     </span>
     <span class='ocr_line' id='line_1_35' title="bbox 244 2318 926 2366; baseline -0.009 -12"><span class='ocrx_word' id='word_1_209' title='bbox 244 2318 359 2366; x_wconf 87' lang='lat' dir='ltr'>lytum</span> <span class='ocrx_word' id='word_1_210' title='bbox 383 2319 421 2353; x_wconf 85' lang='lat' dir='ltr'>in</span> <span class='ocrx_word' id='word_1_211' title='bbox 449 2318 555 2352; x_wconf 90' lang='lat' dir='ltr'>vitam</span> <span class='ocrx_word' id='word_1_212' title='bbox 574 2323 795 2358; x_wconf 84' lang='lat' dir='ltr'>revocatum,</span> <span class='ocrx_word' id='word_1_213' title='bbox 817 2327 926 2359; x_wconf 89' lang='lat' dir='ltr'>quum</span> 
     </span>
     <span class='ocr_line' id='line_1_36' title="bbox 248 2366 926 2417; baseline -0.009 -11"><span class='ocrx_word' id='word_1_214' title='bbox 248 2373 428 2417; x_wconf 81' lang='lat' dir='ltr'>ignoscere</span> <span class='ocrx_word' id='word_1_215' title='bbox 452 2370 541 2415; x_wconf 77' lang='lat' dir='ltr'>patri</span> <span class='ocrx_word' id='word_1_216' title='bbox 564 2369 672 2403; x_wconf 90' lang='lat' dir='ltr'>nollet</span> <span class='ocrx_word' id='word_1_217' title='bbox 690 2394 699 2411; x_wconf 94' lang='lat'><strong>‚</strong></span> <span class='ocrx_word' id='word_1_218' title='bbox 727 2368 764 2402; x_wconf 88' lang='lat' dir='ltr'>in</span> <span class='ocrx_word' id='word_1_219' title='bbox 790 2366 926 2402; x_wconf 78' lang='lat' dir='ltr'>Italiam</span> 
     </span>
     <span class='ocr_line' id='line_1_37' title="bbox 245 2418 927 2466; baseline -0.009 -8"><span class='ocrx_word' id='word_1_220' title='bbox 245 2425 380 2458; x_wconf 86' lang='lat' dir='ltr'>venisse</span> <span class='ocrx_word' id='word_1_221' title='bbox 392 2449 400 2463; x_wconf 90' lang='lat'><strong><em>‚</em></strong></span> <span class='ocrx_word' id='word_1_222' title='bbox 424 2422 541 2466; x_wconf 86' lang='lat' dir='ltr'>ibique</span> <span class='ocrx_word' id='word_1_223' title='bbox 557 2427 756 2455; x_wconf 77' lang='lat' dir='ltr'>consecrato</span> <span class='ocrx_word' id='word_1_224' title='bbox 775 2418 927 2453; x_wconf 81' lang='lat' dir='ltr'>Aricinae</span> 
     </span>
     <span class='ocr_line' id='line_1_38' title="bbox 247 2469 925 2518; baseline -0.006 -10"><span class='ocrx_word' id='word_1_225' title='bbox 247 2474 375 2508; x_wconf 87' lang='lat' dir='ltr'>Dianae</span> <span class='ocrx_word' id='word_1_226' title='bbox 387 2473 687 2518; x_wconf 81' lang='lat' dir='ltr'>temploregnasse</span> <span class='ocrx_word' id='word_1_227' title='bbox 702 2485 710 2512; x_wconf 85' lang='lat'>;</span> <span class='ocrx_word' id='word_1_228' title='bbox 726 2469 925 2513; x_wconf 86' lang='lat' dir='ltr'>Pausanias,</span> 
     </span>
     <span class='ocr_line' id='line_1_39' title="bbox 253 2523 925 2572; baseline -0.006 -11"><span class='ocrx_word' id='word_1_229' title='bbox 253 2526 416 2562; x_wconf 86' lang='lat' dir='ltr'>Corinth.</span> <span class='ocrx_word' id='word_1_230' title='bbox 435 2540 467 2572; x_wconf 91' lang='lat' dir='ltr'>p.</span> <span class='ocrx_word' id='word_1_231' title='bbox 490 2527 560 2570; x_wconf 80' lang='lat'>173.</span> <span class='ocrx_word' id='word_1_232' title='bbox 577 2524 681 2569; x_wconf 86' lang='lat' dir='ltr'>Apud</span> <span class='ocrx_word' id='word_1_233' title='bbox 699 2523 902 2569; x_wconf 89' lang='lat' dir='ltr'>Euripidem</span> <span class='ocrx_word' id='word_1_234' title='bbox 915 2549 925 2567; x_wconf 88' lang='lat'>,</span> 
     </span>
     <span class='ocr_line' id='line_1_40' title="bbox 253 2575 928 2623; baseline -0.006 -11"><span class='ocrx_word' id='word_1_235' title='bbox 253 2579 337 2621; x_wconf 77' lang='lat'>1423</span> <span class='ocrx_word' id='word_1_236' title='bbox 353 2591 414 2623; x_wconf 88' lang='lat' dir='ltr'>sqq</span> <span class='ocrx_word' id='word_1_237' title='bbox 428 2604 437 2621; x_wconf 90' lang='lat'>,</span> <span class='ocrx_word' id='word_1_238' title='bbox 456 2577 571 2612; x_wconf 90' lang='lat' dir='ltr'>Diana</span> <span class='ocrx_word' id='word_1_239' title='bbox 582 2575 791 2610; x_wconf 89' lang='lat' dir='ltr'>morientem</span> <span class='ocrx_word' id='word_1_240' title='bbox 803 2587 928 2610; x_wconf 89' lang='lat' dir='ltr'>conso-</span> 
     </span>
     <span class='ocr_line' id='line_1_41' title="bbox 249 2627 926 2673; baseline -0.004 -10"><span class='ocrx_word' id='word_1_241' title='bbox 249 2629 341 2664; x_wconf 84' lang='lat' dir='ltr'>latur</span> <span class='ocrx_word' id='word_1_242' title='bbox 356 2628 565 2672; x_wconf 90' lang='lat' dir='ltr'>honoribus,</span> <span class='ocrx_word' id='word_1_243' title='bbox 581 2641 666 2673; x_wconf 91' lang='lat' dir='ltr'>quos</span> <span class='ocrx_word' id='word_1_244' title='bbox 681 2627 773 2662; x_wconf 84' lang='lat' dir='ltr'>inter</span> <span class='ocrx_word' id='word_1_245' title='bbox 783 2627 926 2661; x_wconf 88' lang='lat' dir='ltr'>Troeze-</span> 
     </span>
     <span class='ocr_line' id='line_1_42' title="bbox 250 2681 929 2726; baseline -0.004 -10"><span class='ocrx_word' id='word_1_246' title='bbox 250 2682 329 2717; x_wconf 82' lang='lat' dir='ltr'>nios</span> <span class='ocrx_word' id='word_1_247' title='bbox 354 2688 600 2716; x_wconf 87' lang='lat' dir='ltr'>consecuturus</span> <span class='ocrx_word' id='word_1_248' title='bbox 621 2681 674 2715; x_wconf 84' lang='lat' dir='ltr'>sit.</span> <span class='ocrx_word' id='word_1_249' title='bbox 695 2699 739 2706; x_wconf 91' lang='lat'>——</span> <span class='ocrx_word' id='word_1_250' title='bbox 758 2681 902 2726; x_wconf 78' lang='lat' dir='ltr'>Cynthia</span> <span class='ocrx_word' id='word_1_251' title='bbox 914 2689 929 2721; x_wconf 88' lang='lat'>,·</span> 
     </span>
     <span class='ocr_line' id='line_1_43' title="bbox 251 2730 929 2779; baseline -0.003 -11"><span class='ocrx_word' id='word_1_252' title='bbox 251 2733 367 2768; x_wconf 85' lang='lat' dir='ltr'>Diana</span> <span class='ocrx_word' id='word_1_253' title='bbox 379 2759 390 2778; x_wconf 86' lang='lat'>‚</span> <span class='ocrx_word' id='word_1_254' title='bbox 404 2740 445 2768; x_wconf 87' lang='lat' dir='ltr'>ut</span> <span class='ocrx_word' id='word_1_255' title='bbox 458 2732 580 2778; x_wconf 91' lang='lat' dir='ltr'>Apollo</span> <span class='ocrx_word' id='word_1_256' title='bbox 593 2731 785 2779; x_wconf 83' lang='lat' dir='ltr'>Cynthius,</span> <span class='ocrx_word' id='word_1_257' title='bbox 802 2745 820 2766; x_wconf 88' lang='lat' dir='ltr'>a</span> <span class='ocrx_word' id='word_1_258' title='bbox 835 2730 929 2778; x_wconf 86' lang='lat' dir='ltr'>Cyn-</span> 
     </span>
    </p>
   </div>
   <div class='ocr_carea' id='block_1_12' title="bbox 985 1429 1672 2773">
    <p class='ocr_par' dir='ltr' id='par_1_15' title="bbox 985 1429 1662 1474">
     <span class='ocr_line' id='line_1_44' title="bbox 985 1429 1662 1474; baseline -0.004 -8"><span class='ocrx_word' id='word_1_259' title='bbox 985 1431 1047 1466; x_wconf 81' lang='lat' dir='ltr'>tho</span> <span class='ocrx_word' id='word_1_260' title='bbox 1063 1439 1185 1467; x_wconf 84' lang='lat' dir='ltr'>monte</span> <span class='ocrx_word' id='word_1_261' title='bbox 1202 1431 1303 1474; x_wconf 88' lang='lat' dir='ltr'>Deli,</span> <span class='ocrx_word' id='word_1_262' title='bbox 1322 1430 1382 1465; x_wconf 90' lang='lat' dir='ltr'>ubi</span> <span class='ocrx_word' id='word_1_263' title='bbox 1396 1429 1469 1465; x_wconf 83' lang='lat' dir='ltr'>nati</span> <span class='ocrx_word' id='word_1_264' title='bbox 1485 1435 1578 1465; x_wconf 82' lang='lat' dir='ltr'>sunt.</span> <span class='ocrx_word' id='word_1_265' title='bbox 1595 1430 1662 1464; x_wconf 86' lang='lat' dir='ltr'>Ed.</span> 
     </span>
    </p>

    <p class='ocr_par' dir='ltr' id='par_1_16' title="bbox 985 1484 1665 1633">
     <span class='ocr_line' id='line_1_45' title="bbox 1030 1484 1665 1530; baseline -0.005 -13"><span class='ocrx_word' id='word_1_266' title='bbox 1030 1484 1104 1530; x_wconf 82' lang='lat'>539.</span> <span class='ocrx_word' id='word_1_267' title='bbox 1113 1484 1262 1518; x_wconf 77' lang='lat' dir='ltr'>Addidit</span> <span class='ocrx_word' id='word_1_268' title='bbox 1268 1489 1398 1517; x_wconf 83' lang='lat' dir='ltr'>oetatem</span> <span class='ocrx_word' id='word_1_269' title='bbox 1408 1493 1420 1524; x_wconf 90' lang='grc'><strong><em>;</em></strong></span> <span class='ocrx_word' id='word_1_270' title='bbox 1429 1494 1487 1516; x_wconf 90' lang='lat' dir='ltr'>me</span> <span class='ocrx_word' id='word_1_271' title='bbox 1498 1487 1584 1515; x_wconf 85' lang='lat' dir='ltr'>natu</span> <span class='ocrx_word' id='word_1_272' title='bbox 1594 1492 1665 1514; x_wconf 89' lang='lat' dir='ltr'>ma-</span> 
     </span>
     <span class='ocr_line' id='line_1_46' title="bbox 985 1532 1663 1579; baseline -0.003 -11"><span class='ocrx_word' id='word_1_273' title='bbox 985 1534 1098 1579; x_wconf 81' lang='lat' dir='ltr'>jorem</span> <span class='ocrx_word' id='word_1_274' title='bbox 1110 1535 1192 1569; x_wconf 83' lang='lat' dir='ltr'>fecit</span> <span class='ocrx_word' id='word_1_275' title='bbox 1205 1560 1214 1576; x_wconf 94' lang='lat'>,</span> <span class='ocrx_word' id='word_1_276' title='bbox 1227 1546 1332 1578; x_wconf 87' lang='lat' dir='ltr'>quam</span> <span class='ocrx_word' id='word_1_277' title='bbox 1344 1546 1455 1568; x_wconf 88' lang='lat' dir='ltr'>essem</span> <span class='ocrx_word' id='word_1_278' title='bbox 1470 1559 1480 1577; x_wconf 89' lang='lat'>,</span> <span class='ocrx_word' id='word_1_279' title='bbox 1494 1545 1605 1577; x_wconf 88' lang='lat' dir='ltr'>quum</span> <span class='ocrx_word' id='word_1_280' title='bbox 1620 1532 1663 1567; x_wconf 88' lang='lat' dir='ltr'>ab</span> 
     </span>
     <span class='ocr_line' id='line_1_47' title="bbox 985 1587 1470 1633; baseline -0.004 -11"><span class='ocrx_word' id='word_1_281' title='bbox 985 1588 1083 1633; x_wconf 89' lang='lat' dir='ltr'>equis</span> <span class='ocrx_word' id='word_1_282' title='bbox 1099 1588 1152 1622; x_wconf 84' lang='lat' dir='ltr'>fui</span> <span class='ocrx_word' id='word_1_283' title='bbox 1171 1587 1384 1622; x_wconf 86' lang='lat' dir='ltr'>dilaceratus.</span> <span class='ocrx_word' id='word_1_284' title='bbox 1403 1587 1470 1620; x_wconf 84' lang='lat' dir='ltr'>Ed.</span> 
     </span>
    </p>

    <p class='ocr_par' dir='ltr' id='par_1_17' title="bbox 986 1636 1670 2149">
     <span class='ocr_line' id='line_1_48' title="bbox 1030 1636 1667 1683; baseline -0.005 -10"><span class='ocrx_word' id='word_1_285' title='bbox 1030 1641 1105 1683; x_wconf 77' lang='lat'>542.</span> <span class='ocrx_word' id='word_1_286' title='bbox 1117 1641 1306 1682; x_wconf 63' lang='lat' dir='ltr'>Hit-posuit</span> <span class='ocrx_word' id='word_1_287' title='bbox 1316 1644 1379 1673; x_wconf 88' lang='lat' dir='ltr'>etc.</span> <span class='ocrx_word' id='word_1_288' title='bbox 1391 1636 1574 1682; x_wconf 81' lang='lat' dir='ltr'>Virgilius:</span> <span class='ocrx_word' id='word_1_289' title='bbox 1587 1650 1606 1667; x_wconf 90' lang='lat'>«</span> <span class='ocrx_word' id='word_1_290' title='bbox 1621 1637 1667 1671; x_wconf 82' lang='lat' dir='ltr'>At</span> 
     </span>
     <span class='ocr_line' id='line_1_49' title="bbox 986 1687 1668 1736; baseline -0.004 -11"><span class='ocrx_word' id='word_1_291' title='bbox 986 1705 1006 1721; x_wconf 70' lang='lat'>³»</span> <span class='ocrx_word' id='word_1_292' title='bbox 1023 1690 1143 1725; x_wconf 89' lang='lat' dir='ltr'>Trivia</span> <span class='ocrx_word' id='word_1_293' title='bbox 1169 1689 1404 1736; x_wconf 82' lang='lat' dir='ltr'>Hippolytum</span> <span class='ocrx_word' id='word_1_294' title='bbox 1418 1688 1558 1723; x_wconf 84' lang='lat' dir='ltr'>secretis</span> <span class='ocrx_word' id='word_1_295' title='bbox 1576 1687 1668 1723; x_wconf 84' lang='lat' dir='ltr'>alma</span> 
     </span>
     <span class='ocr_line' id='line_1_50' title="bbox 988 1739 1669 1786; baseline -0.003 -10"><span class='ocrx_word' id='word_1_296' title='bbox 988 1741 1184 1776; x_wconf 79' lang='lat' dir='ltr'>»recondit</span> <span class='ocrx_word' id='word_1_297' title='bbox 1215 1740 1363 1775; x_wconf 86' lang='lat' dir='ltr'>Sedibus</span> <span class='ocrx_word' id='word_1_298' title='bbox 1387 1767 1397 1784; x_wconf 89' lang='lat'>,</span> <span class='ocrx_word' id='word_1_299' title='bbox 1434 1746 1470 1774; x_wconf 83' lang='lat' dir='ltr'>et</span> <span class='ocrx_word' id='word_1_300' title='bbox 1494 1739 1669 1786; x_wconf 79' lang='lat' dir='ltr'>Nymphae</span> 
     </span>
     <span class='ocr_line' id='line_1_51' title="bbox 989 1791 1670 1838; baseline -0.001 -11"><span class='ocrx_word' id='word_1_301' title='bbox 989 1807 1008 1823; x_wconf 72' lang='lat'>²»</span> <span class='ocrx_word' id='word_1_302' title='bbox 1028 1793 1164 1838; x_wconf 82' lang='lat' dir='ltr'>Egeriae</span> <span class='ocrx_word' id='word_1_303' title='bbox 1194 1793 1403 1837; x_wconf 88' lang='lat' dir='ltr'>nemorique</span> <span class='ocrx_word' id='word_1_304' title='bbox 1432 1791 1573 1837; x_wconf 80' lang='lat' dir='ltr'>relegat.</span> <span class='ocrx_word' id='word_1_305' title='bbox 1590 1805 1608 1821; x_wconf 72' lang='grc' dir='ltr'>υ</span> <span class='ocrx_word' id='word_1_306' title='bbox 1625 1809 1670 1818; x_wconf 83' lang='grc'><strong>-</strong></span> 
     </span>
     <span class='ocr_line' id='line_1_52' title="bbox 994 1843 1668 1889; baseline -0.001 -11"><span class='ocrx_word' id='word_1_307' title='bbox 994 1846 1130 1879; x_wconf 75' lang='lat' dir='ltr'>Virbius</span> <span class='ocrx_word' id='word_1_308' title='bbox 1160 1843 1256 1889; x_wconf 87' lang='lat' dir='ltr'>quasi</span> <span class='ocrx_word' id='word_1_309' title='bbox 1289 1844 1341 1878; x_wconf 89' lang='lat' dir='ltr'>bis</span> <span class='ocrx_word' id='word_1_310' title='bbox 1371 1843 1426 1877; x_wconf 89' lang='lat' dir='ltr'>vir</span> <span class='ocrx_word' id='word_1_311' title='bbox 1438 1869 1447 1886; x_wconf 91' lang='lat'>,</span> <span class='ocrx_word' id='word_1_312' title='bbox 1478 1847 1639 1887; x_wconf 74' lang='grc' dir='ltr'><strong><em>ποιλίμέισς</em></strong></span> <span class='ocrx_word' id='word_1_313' title='bbox 1658 1854 1668 1877; x_wconf 86' lang='lat'><strong>:</strong></span> 
     </span>
     <span class='ocr_line' id='line_1_53' title="bbox 987 1893 1669 1943; baseline -0.004 -10"><span class='ocrx_word' id='word_1_314' title='bbox 987 1911 1116 1943; x_wconf 88' lang='lat' dir='ltr'>nempe</span> <span class='ocrx_word' id='word_1_315' title='bbox 1146 1898 1186 1932; x_wconf 90' lang='lat' dir='ltr'>in</span> <span class='ocrx_word' id='word_1_316' title='bbox 1211 1896 1344 1942; x_wconf 83' lang='lat' dir='ltr'>templo</span> <span class='ocrx_word' id='word_1_317' title='bbox 1369 1895 1493 1930; x_wconf 85' lang='lat' dir='ltr'>Dianae</span> <span class='ocrx_word' id='word_1_318' title='bbox 1518 1893 1669 1930; x_wconf 84' lang='lat' dir='ltr'>Aricinae</span> 
     </span>
     <span class='ocr_line' id='line_1_54' title="bbox 988 1945 1669 1994; baseline -0.009 -9"><span class='ocrx_word' id='word_1_319' title='bbox 988 1950 1176 1985; x_wconf 87' lang='lat' dir='ltr'>domestica</span> <span class='ocrx_word' id='word_1_320' title='bbox 1195 1949 1362 1994; x_wconf 84' lang='lat' dir='ltr'>religione</span> <span class='ocrx_word' id='word_1_321' title='bbox 1385 1947 1563 1982; x_wconf 85' lang='lat' dir='ltr'>colebatur</span> <span class='ocrx_word' id='word_1_322' title='bbox 1582 1945 1669 1980; x_wconf 86' lang='lat' dir='ltr'>Vir-</span> 
     </span>
     <span class='ocr_line' id='line_1_55' title="bbox 988 1998 1668 2045; baseline -0.004 -11"><span class='ocrx_word' id='word_1_323' title='bbox 988 2000 1065 2035; x_wconf 88' lang='lat' dir='ltr'>bius</span> <span class='ocrx_word' id='word_1_324' title='bbox 1079 2000 1221 2045; x_wconf 90' lang='lat' dir='ltr'>quidam</span> <span class='ocrx_word' id='word_1_325' title='bbox 1233 2026 1242 2043; x_wconf 96' lang='lat'>,</span> <span class='ocrx_word' id='word_1_326' title='bbox 1269 2012 1375 2044; x_wconf 87' lang='lat' dir='ltr'>quem</span> <span class='ocrx_word' id='word_1_327' title='bbox 1399 1998 1545 2032; x_wconf 88' lang='lat' dir='ltr'>seriores</span> <span class='ocrx_word' id='word_1_328' title='bbox 1559 2024 1570 2042; x_wconf 89' lang='lat'>‚</span> <span class='ocrx_word' id='word_1_329' title='bbox 1593 2009 1668 2032; x_wconf 88' lang='lat' dir='ltr'>non</span> 
     </span>
     <span class='ocr_line' id='line_1_56' title="bbox 989 2049 1667 2096; baseline -0.006 -9"><span class='ocrx_word' id='word_1_330' title='bbox 989 2053 1069 2087; x_wconf 86' lang='lat' dir='ltr'>satis</span> <span class='ocrx_word' id='word_1_331' title='bbox 1084 2059 1219 2087; x_wconf 86' lang='lat' dir='ltr'>constat</span> <span class='ocrx_word' id='word_1_332' title='bbox 1240 2064 1303 2085; x_wconf 90' lang='lat' dir='ltr'>cur</span> <span class='ocrx_word' id='word_1_333' title='bbox 1318 2077 1328 2095; x_wconf 85' lang='lat'>‚</span> <span class='ocrx_word' id='word_1_334' title='bbox 1353 2049 1588 2096; x_wconf 83' lang='lat' dir='ltr'>Hippolytum</span> <span class='ocrx_word' id='word_1_335' title='bbox 1604 2049 1667 2084; x_wconf 89' lang='lat' dir='ltr'>in-</span> 
     </span>
     <span class='ocr_line' id='line_1_57' title="bbox 989 2104 1276 2149; baseline -0.003 -11"><span class='ocrx_word' id='word_1_336' title='bbox 989 2104 1169 2149; x_wconf 84' lang='lat' dir='ltr'>terpretati</span> <span class='ocrx_word' id='word_1_337' title='bbox 1184 2110 1276 2138; x_wconf 80' lang='lat' dir='ltr'>sunt.</span> 
     </span>
    </p>

    <p class='ocr_par' dir='ltr' id='par_1_18' title="bbox 989 2154 1672 2773">
     <span class='ocr_line' id='line_1_58' title="bbox 1034 2154 1669 2200; baseline -0.003 -10"><span class='ocrx_word' id='word_1_338' title='bbox 1034 2155 1108 2200; x_wconf 77' lang='lat'>546.</span> <span class='ocrx_word' id='word_1_339' title='bbox 1126 2156 1318 2190; x_wconf 82' lang='lat' dir='ltr'>Accenseor</span> <span class='ocrx_word' id='word_1_340' title='bbox 1330 2157 1403 2195; x_wconf 80' lang='lat' dir='ltr'>illi,</span> <span class='ocrx_word' id='word_1_341' title='bbox 1430 2154 1530 2190; x_wconf 84' lang='lat' dir='ltr'>datus</span> <span class='ocrx_word' id='word_1_342' title='bbox 1541 2154 1574 2189; x_wconf 88' lang='lat' dir='ltr'>ei</span> <span class='ocrx_word' id='word_1_343' title='bbox 1588 2166 1669 2189; x_wconf 83' lang='lat' dir='ltr'>sum</span> 
     </span>
     <span class='ocr_line' id='line_1_59' title="bbox 989 2207 1666 2259; baseline -0.003 -16"><span class='ocrx_word' id='word_1_344' title='bbox 989 2211 1142 2259; x_wconf 61' lang='grc' dir='ltr'><strong><em>πάρεδρος.</em></strong></span> <span class='ocrx_word' id='word_1_345' title='bbox 1160 2208 1344 2253; x_wconf 85' lang='lat' dir='ltr'>Inscriptio</span> <span class='ocrx_word' id='word_1_346' title='bbox 1371 2207 1463 2252; x_wconf 89' lang='lat' dir='ltr'>apud</span> <span class='ocrx_word' id='word_1_347' title='bbox 1484 2207 1642 2242; x_wconf 80' lang='lat' dir='ltr'>Gadium</span> <span class='ocrx_word' id='word_1_348' title='bbox 1656 2233 1666 2251; x_wconf 92' lang='lat'>,</span> 
     </span>
     <span class='ocr_line' id='line_1_60' title="bbox 989 2261 1672 2306; baseline -0.003 -11"><span class='ocrx_word' id='word_1_349' title='bbox 989 2274 1065 2306; x_wconf 83' lang='lat' dir='ltr'>pag.</span> <span class='ocrx_word' id='word_1_350' title='bbox 1083 2262 1126 2296; x_wconf 86' lang='lat'>30</span> <span class='ocrx_word' id='word_1_351' title='bbox 1143 2287 1152 2303; x_wconf 93' lang='lat'>,</span> <span class='ocrx_word' id='word_1_352' title='bbox 1173 2262 1295 2295; x_wconf 74' lang='lat' dir='ltr'>Dianae</span> <span class='ocrx_word' id='word_1_353' title='bbox 1315 2261 1481 2294; x_wconf 75' lang='lat' dir='ltr'>Arecim‘ae</span> <span class='ocrx_word' id='word_1_354' title='bbox 1499 2266 1537 2294; x_wconf 80' lang='lat' dir='ltr'>et</span> <span class='ocrx_word' id='word_1_355' title='bbox 1553 2262 1672 2294; x_wconf 64' lang='lat' dir='ltr'>Virdio</span> 
     </span>
     <span class='ocr_line' id='line_1_61' title="bbox 990 2311 1669 2348; baseline -0.003 -1"><span class='ocrx_word' id='word_1_356' title='bbox 990 2314 1081 2347; x_wconf 85' lang='lat' dir='ltr'>Sacr.</span> <span class='ocrx_word' id='word_1_357' title='bbox 1107 2314 1261 2348; x_wconf 74' lang='lat' dir='ltr'>Accensz‘</span> <span class='ocrx_word' id='word_1_358' title='bbox 1286 2312 1494 2346; x_wconf 86' lang='lat' dir='ltr'>dicebantur</span> <span class='ocrx_word' id='word_1_359' title='bbox 1517 2311 1669 2346; x_wconf 87' lang='lat' dir='ltr'>ministri</span> 
     </span>
     <span class='ocr_line' id='line_1_62' title="bbox 990 2364 1669 2412; baseline -0.001 -12"><span class='ocrx_word' id='word_1_360' title='bbox 990 2366 1117 2412; x_wconf 88' lang='lat' dir='ltr'>publici</span> <span class='ocrx_word' id='word_1_361' title='bbox 1134 2365 1386 2411; x_wconf 83' lang='lat' dir='ltr'>magistratibus</span> <span class='ocrx_word' id='word_1_362' title='bbox 1405 2364 1580 2399; x_wconf 87' lang='lat' dir='ltr'>adtributi.</span> <span class='ocrx_word' id='word_1_363' title='bbox 1592 2365 1669 2399; x_wconf 72' lang='lat' dir='ltr'>Ac—</span> 
     </span>
     <span class='ocr_line' id='line_1_63' title="bbox 990 2416 1670 2462; baseline -0.003 -10"><span class='ocrx_word' id='word_1_364' title='bbox 990 2430 1126 2452; x_wconf 80' lang='lat' dir='ltr'>censeor</span> <span class='ocrx_word' id='word_1_365' title='bbox 1138 2418 1268 2452; x_wconf 86' lang='lat' dir='ltr'>habent</span> <span class='ocrx_word' id='word_1_366' title='bbox 1280 2417 1381 2462; x_wconf 86' lang='lat' dir='ltr'>prim.</span> <span class='ocrx_word' id='word_1_367' title='bbox 1394 2416 1560 2460; x_wconf 82' lang='lat' dir='ltr'>Strozzae,</span> <span class='ocrx_word' id='word_1_368' title='bbox 1576 2429 1670 2451; x_wconf 85' lang='lat' dir='ltr'>unus</span> 
     </span>
     <span class='ocr_line' id='line_1_64' title="bbox 991 2468 1668 2510; baseline -0.003 -6"><span class='ocrx_word' id='word_1_369' title='bbox 991 2469 1170 2505; x_wconf 90' lang='lat' dir='ltr'>Leidensis</span> <span class='ocrx_word' id='word_1_370' title='bbox 1180 2477 1216 2504; x_wconf 84' lang='lat' dir='ltr'>et</span> <span class='ocrx_word' id='word_1_371' title='bbox 1228 2482 1320 2503; x_wconf 90' lang='lat' dir='ltr'>unus</span> <span class='ocrx_word' id='word_1_372' title='bbox 1331 2468 1597 2510; x_wconf 86' lang='lat' dir='ltr'>Ambrosianus;</span> <span class='ocrx_word' id='word_1_373' title='bbox 1611 2468 1668 2502; x_wconf 88' lang='lat' dir='ltr'>alii</span> 
     </span>
     <span class='ocr_line' id='line_1_65' title="bbox 991 2520 1670 2566; baseline 0 -11"><span class='ocrx_word' id='word_1_374' title='bbox 991 2524 1170 2556; x_wconf 72' lang='lat' dir='ltr'>adsentior.</span> <span class='ocrx_word' id='word_1_375' title='bbox 1184 2541 1228 2547; x_wconf 94' lang='lat'><strong>—</strong></span> <span class='ocrx_word' id='word_1_376' title='bbox 1242 2521 1348 2556; x_wconf 90' lang='lat' dir='ltr'>Plura</span> <span class='ocrx_word' id='word_1_377' title='bbox 1366 2528 1448 2555; x_wconf 89' lang='lat' dir='ltr'>sunt</span> <span class='ocrx_word' id='word_1_378' title='bbox 1467 2520 1523 2555; x_wconf 89' lang='lat' dir='ltr'>hic</span> <span class='ocrx_word' id='word_1_379' title='bbox 1538 2533 1670 2566; x_wconf 78' lang='lat' dir='ltr'>genera</span> 
     </span>
     <span class='ocr_line' id='line_1_66' title="bbox 991 2572 1669 2618; baseline -0.001 -10"><span class='ocrx_word' id='word_1_380' title='bbox 991 2573 1147 2608; x_wconf 81' lang='lat' dir='ltr'>lectionis</span> <span class='ocrx_word' id='word_1_381' title='bbox 1159 2600 1169 2617; x_wconf 89' lang='lat'>‚</span> <span class='ocrx_word' id='word_1_382' title='bbox 1188 2587 1265 2618; x_wconf 85' lang='lat' dir='ltr'>quae</span> <span class='ocrx_word' id='word_1_383' title='bbox 1276 2573 1354 2607; x_wconf 85' lang='lat' dir='ltr'>vide</span> <span class='ocrx_word' id='word_1_384' title='bbox 1365 2572 1456 2618; x_wconf 82' lang='lat' dir='ltr'>apud</span> <span class='ocrx_word' id='word_1_385' title='bbox 1469 2573 1669 2607; x_wconf 77' lang='lat' dir='ltr'>Heinsium·.</span> 
     </span>
     <span class='ocr_line' id='line_1_67' title="bbox 993 2624 1669 2670; baseline -0.003 -11"><span class='ocrx_word' id='word_1_386' title='bbox 993 2624 1117 2659; x_wconf 85' lang='lat' dir='ltr'>Codex</span> <span class='ocrx_word' id='word_1_387' title='bbox 1137 2632 1257 2660; x_wconf 88' lang='lat' dir='ltr'>noster</span> <span class='ocrx_word' id='word_1_388' title='bbox 1274 2624 1404 2670; x_wconf 86' lang='lat' dir='ltr'>Regius</span> <span class='ocrx_word' id='word_1_389' title='bbox 1424 2624 1456 2658; x_wconf 92' lang='lat' dir='ltr'>A</span> <span class='ocrx_word' id='word_1_390' title='bbox 1473 2626 1669 2666; x_wconf 70' lang='lat' dir='ltr'>adsentior,-</span> 
     </span>
     <span class='ocr_line' id='line_1_68' title="bbox 992 2676 1671 2723; baseline -0.001 -11"><span class='ocrx_word' id='word_1_391' title='bbox 992 2678 1100 2713; x_wconf 85' lang='lat' dir='ltr'>codex</span> <span class='ocrx_word' id='word_1_392' title='bbox 1119 2679 1148 2712; x_wconf 94' lang='lat' dir='ltr'><strong>B</strong></span> <span class='ocrx_word' id='word_1_393' title='bbox 1163 2681 1330 2713; x_wconf 80' lang='lat' dir='ltr'>accersior</span> <span class='ocrx_word' id='word_1_394' title='bbox 1341 2703 1350 2717; x_wconf 90' lang='lat'>‚</span> <span class='ocrx_word' id='word_1_395' title='bbox 1374 2684 1409 2712; x_wconf 86' lang='lat' dir='ltr'>et</span> <span class='ocrx_word' id='word_1_396' title='bbox 1426 2690 1490 2723; x_wconf 86' lang='lat' dir='ltr'>pro</span> <span class='ocrx_word' id='word_1_397' title='bbox 1505 2676 1599 2713; x_wconf 71' lang='lat' dir='ltr'>varia</span> <span class='ocrx_word' id='word_1_398' title='bbox 1617 2676 1671 2711; x_wconf 87' lang='lat' dir='ltr'>le-</span> 
     </span>
     <span class='ocr_line' id='line_1_69' title="bbox 991 2727 1376 2773; baseline -0.008 -9"><span class='ocrx_word' id='word_1_399' title='bbox 991 2730 1104 2764; x_wconf 85' lang='lat' dir='ltr'>ctione</span> <span class='ocrx_word' id='word_1_400' title='bbox 1121 2732 1295 2773; x_wconf 72' lang='lat' dir='ltr'>acceptior.</span> <span class='ocrx_word' id='word_1_401' title='bbox 1309 2727 1376 2763; x_wconf 86' lang='lat' dir='ltr'>Ed.</span> 
     </span>
    </p>
   </div>
   <div class='ocr_carea' id='block_1_13' title="bbox 1593 1026 1722 1072">
    <p class='ocr_par' dir='ltr' id='par_1_19' title="bbox 1593 1026 1722 1072">
     <span class='ocr_line' id='line_1_70' title="bbox 1593 1026 1722 1072; baseline 0 -12"><span class='ocrx_word' id='word_1_402' title='bbox 1593 1026 1660 1072; x_wconf 80' lang='lat'>⁵4⁵</span> <span class='ocrx_word' id='word_1_403' title='bbox 1718 1033 1722 1036; x_wconf 54' lang='lat'>&gt;</span> 
     </span>
    </p>
   </div>
  </div>
 </body>
</html>
