1820 3106
249 236 305 293 40
620 239 672 281 P.
714 239 950 284 ov1n11
979 206 1278 286 NAs'ole

248 331 402 394 Quum
424 329 543 378 videt
564 314 801 380 exstinctos
822 331 977 382 fratres
999 333 1171 382 Althaea
1191 333 1369 382 referri:

248 408 362 472 Quae
378 446 390 466 ‚
414 407 628 475 plangore
651 409 753 457 dato
768 447 781 467 ‚
806 412 973 459 moestis
993 410 1238 460 ululatibus
1259 411 1414 459 urbem

248 485 410 552 Implet
424 521 436 544 ,
460 498 504 535 et
524 498 697 535 auratas
721 488 906 536 mutavit
926 488 1124 536 vestibus
1143 488 1261 536 atris,

247 564 311 613 At
330 563 461 612 simul
485 576 552 612 est
575 577 729 613 auctor
750 564 869 614 necis
890 565 1059 623 editus;
1085 565 1245 613 excidit
1267 565 1410 613 omnis

247 642 438 700 Luctus,
465 653 509 690 et
530 661 554 689 a
575 641 777 709 lacrymis
800 642 847 690 in
871 661 1011 709 poenae
1031 662 1181 691 versus
1206 639 1396 692 amorem
1418 655 1495 692 est.

1603 657 1669 704 450

253 717 400 784 Stipes
424 731 540 776 erat,
569 738 723 786 quem,
751 739 886 787 quum
907 733 1061 786 partus
1085 721 1209 769 enixa
1229 721 1391 786 jaceret

250 800 481 859 Thestias,
507 802 553 850 in
574 803 789 851 flammam
814 802 1009 869 triplices
1029 822 1215 869 posuere
1240 821 1441 862 sorores;

255 884 536 950 staminaque
558 883 771 951 impresso
795 885 942 934 fatalia
963 885 1122 952 pollice
1145 897 1325 943 nentes,

257 985 280 1007 «
307 966 551 1031 Tempora,
579 965 808 1029 dixerunt,
833 967 982 1016 eadem
1003 966 1213 1033 lignoque
1235 967 1429 1032 tibique,

261 1070 283 1090 »
314 1049 356 1096 Ο
374 1048 506 1097 modo
519 1062 633 1107 nate,
653 1050 806 1098 damus
824 1070 834 1098 :
856 1072 878 1092 »
902 1070 990 1116 quo
1009 1062 1246 1116 postquam
1264 1050 1451 1099 carmine
1471 1048 1590 1098 dicto
1607 1062 1676 1108 455

255 1131 489 1179 Excessere
511 1131 641 1189 Deae3
664 1131 919 1194 flagrantem
939 1143 1078 1181 mater
1100 1132 1155 1180 ab
1180 1133 1282 1194 igne

253 1211 434 1277 Eripuit
457 1224 644 1271 torrem,
672 1213 919 1280 sparsitque
941 1212 1217 1279 liquentibus
1236 1213 1380 1262 undis.

254 1292 334 1340 Ille
361 1292 436 1340 diu
459 1293 600 1341 fuerat
622 1295 922 1360 penetralibus
946 1295 1123 1343 abditus
1146 1295 1245 1344 imis
1264 1315 1274 1353 ;

257 1375 550 1441 Servatusque
575 1388 701 1434 tuos,
723 1376 916 1441 juvenis,
942 1389 1183 1426 servaverat
1206 1395 1362 1425 annos.

257 1456 451 1504 Protulit
471 1458 590 1505 hunc
613 1459 832 1521 genetrix,
859 1459 1079 1525 taedasque
1098 1459 1145 1506 in
1166 1459 1380 1521 fragmina
1400 1459 1509 1525 poni

1612 1472 1678 1518 460

257 1540 474 1604 Imperat,
499 1551 543 1588 et
564 1539 723 1606 positis
747 1541 950 1590 inimicos
972 1541 1174 1589 admovet
1197 1541 1334 1604 ignes.

260 1620 376 1668 Tum
404 1632 559 1669 conata
582 1634 735 1687 quater
757 1622 940 1671 flammis
964 1623 1190 1690 imponere
1213 1641 1383 1670 ramum
1398 1659 1410 1680 ,

261 1758 368 1794 fando
377 1759 552 1805 cognoscit
563 1759 708 1804 caedem‚
721 1760 780 1796 sed
791 1764 939 1797 videtex-

261 1813 403 1854 stinctos
415 1813 593 1847 fratres.—
603 1813 730 1848 Melius
746 1815 836 1849 forte
851 1822 937 1859 erat,

264 1864 356 1909 quod
378 1871 457 1899 ante
475 1865 724 1900 Burmannum
746 1866 915 1901 edebatur
928 1893 937 1910 ,

261 1921 408 1951 auratis.
425 1943 432 1950 .
447 1944 454 1952 .
471 1943 478 1950 .
496 1923 590 1951 atras
616 1918 630 1961 (
646 1924 681 1952 et
700 1918 792 1963 quod
810 1918 941 1954 habent

262 1968 364 2013 Regii
380 1967 516 2013 nostri)
530 1983 538 2010 ;
557 1982 709 2015 namque
725 1971 787 2004 etsi
800 1971 940 2016 proprie

267 2025 445 2061 mutamus
458 2045 467 2062 ,
486 2032 562 2064 quae
578 2021 776 2064 abjicimus,
803 2034 885 2056 cum
902 2022 943 2056 iis

267 2083 344 2115 quae
372 2071 577 2106 assumimus
590 2098 599 2115 ‚
619 2079 738 2110 tamen
762 2080 873 2118 poetae
892 2085 944 2108 so-

265 2121 339 2156 lent
357 2122 531 2157 invertere
552 2130 763 2158 structuram
781 2137 944 2159 commu-

266 2187 361 2209 nem.
380 2174 470 2209 Vide
488 2175 530 2209 ad
548 2176 640 2220 VII,
658 2176 936 2218 Go.--Auralas‚

267 2242 353 2264 auro
375 2236 523 2264 ornatas.
545 2230 635 2264 Vide
654 2231 696 2265 ad
716 2231 768 2265 Vl
782 2257 791 2275 ‚
809 2231 883 2266 init.
900 2251 944 2258 -

266 2285 408 2323 Editus,
426 2281 605 2317 indicatus,
621 2283 673 2325 ΙΙ,
690 2283 937 2326 43.--·Exc1’d1't‚

266 2334 393 2369 scilicet
406 2360 416 2378 ,
430 2346 449 2368 e
462 2341 591 2369 mente.
605 2332 641 2368 11
654 2360 663 2377 ,
681 2334 766 2375 601;
785 2335 852 2377 IV,
872 2338 942 2379 175.

311 2387 385 2429 451.
403 2388 555 2427 Jaceret,
578 2385 812 2420 decumberet.
829 2387 945 2421 Puer-

267 2451 349 2483 pera
362 2438 858 2482 describitur.--Inflammam‚·
873 2438 943 2472 duo

268 2489 419 2524 Medicei
431 2497 467 2524 et
482 2497 551 2525 tres
564 2489 636 2531 alii,
658 2492 860 2534 1'nflamma3
876 2502 944 2523 un-

267 2539 381 2574 decim
397 2544 609 2585 inflammas.
633 2541 734 2587 Regii
753 2541 884 2585 nostri,
906 2541 945 2575 in

258 2593 444 2636 stammam.
453 2592 685 2627 —Venerunt
697 2600 814 2628 autem
827 2593 944 2628 Parcae

267 2643 415 2688 septimo
428 2651 504 2689 post
514 2652 653 2689 partum
664 2645 719 2679 die
732 2672 741 2690 ,
754 2658 850 2680 nunc
862 2657 944 2690 quo·

269 2709 335 2741 que
345 2722 354 2739 ‚
368 2702 408 2729 ut
418 2708 556 2741 semper
565 2722 575 2739 ,
593 2704 706 2732 nentes
720 2702 867 2733 stamina
879 2698 945 2731 ho-

267 2747 414 2782 minum.
436 2746 538 2793 Apud
559 2747 813 2793 Apollodorum
839 2749 942 2795 stipes

1004 1763 1093 1806 jacet
1107 1762 1143 1796 in
1160 1774 1227 1796 ara.
1244 1761 1424 1809 Hyginus:
1435 1762 1476 1795 In
1489 1762 1580 1805 regia
1592 1760 1678 1794 dici·

1004 1820 1059 1848 ίαν
1071 1817 1145 1848 titio
1160 1814 1281 1848 ardens
1295 1815 1498 1857 apparmtrse.

1049 1866 1122 1909 455.
1139 1866 1306 1904 Carmine,
1320 1864 1492 1899 vaticinio.
1505 1863 1679 1911 Hyginus,

1005 1919 1175 1961 Meleagro
1181 1917 1266 1961 sata
1278 1919 1472 1951 cecinerunt.
1480 1916 1682 1956 -Torrem‚·

1006 1969 1176 2003 editiones
1187 1975 1322 2003 veteres
1335 1968 1464 2002 dabant
1479 1980 1605 2001 ramum
1615 1993 1624 2006 ,
1642 1973 1684 2000 ut

1007 2033 1109 2054 versu
1128 2019 1191 2062 462
1205 2045 1214 2063 ‚
1241 2031 1442 2064 quanquam
1458 2025 1494 2052 et
1509 2018 1556 2052 ibi
1573 2017 1683 2053 MSS.

1007 2073 1190 2116 nonnulli,
1207 2079 1331 2107 torrem.
1350 2071 1451 2117 Regii
1467 2070 1599 2114 nostri,
1618 2083 1685 2105 ra-

1007 2137 1105 2158 mum.
1119 2141 1163 2149 —-
1182 2125 1312 2164 Turris,
1332 2122 1467 2168 lignum
1482 2129 1683 2167 praeustum.

1008 2176 1120 2211 Graeci
1134 2182 1291 2210 auctores
1303 2201 1313 2219 ,
1329 2178 1471 2213 dodoke—
1478 2175 1631 2209 Servatus
1642 2175 1683 2209 ab

1007 2227 1170 2263 incendio
1199 2233 1383 2262 servaverat
1398 2253 1407 2267 ‚
1437 2233 1684 2272 prorogaverat

1009 2292 1128 2314 annos.
1160 2279 1261 2313 Idem
1287 2279 1434 2313 verbum
1456 2278 1508 2313 bis
1532 2277 1685 2323 positum

1008 2332 1099 2366 bene
1120 2331 1281 2377 exprimit
1303 2331 1590 2376 conjunctionem
1605 2329 1686 2365 vitae
1710 2356 1712 2358 -

1009 2389 1043 2417 et
1059 2383 1192 2428 stipitis.
1304 2417 1306 2420 r

1052 2436 1127 2479 460.
1151 2438 1193 2469 In
1205 2435 1383 2480 fragmina
1396 2460 1405 2475 ,
1437 2433 1473 2468 id
1490 2439 1562 2475 est,
1581 2431 1685 2467 taedas

1008 2488 1131 2522 sractas
1143 2487 1238 2522 dedit
1252 2486 1417 2522 Heinsius
1427 2498 1446 2520 e
1456 2485 1566 2520 tribus
1576 2483 1685 2519 MSS.

1008 2541 1149 2585 conjicit
1174 2547 1291 2574 tamen
1325 2545 1360 2573 et
1389 2540 1482 2573 taedae
1498 2537 1685 2583 fragmina.

1008 2593 1126 2639 Vulgo
1141 2595 1247 2627 taedas
1258 2598 1292 2627 et
1294 2591 1471 2636 fragmina
1482 2618 1491 2633 ,
1517 2589 1612 2636 quod
1628 2590 1687 2625 ha-

1007 2646 1092 2681 bent
1110 2646 1219 2680 nostri
1237 2643 1347 2689 Regii.

1053 2698 1126 2742 463.
1145 2699 1260 2741 Capta
1273 2701 1378 2730 tenere
1396 2694 1475 2729 alibi
1491 2701 1544 2730 est
1560 2706 1686 2740 perse-

1009 2749 1089 2795 qut,
1114 2762 1186 2784 non
1204 2747 1379 2783 dimittere
1393 2773 1403 2791 ‚
1434 2747 1493 2791 ΙΙ,
1519 2749 1601 2791 ¹⁰43
1620 2745 1686 2780 hoc
