1820 3106
322 284 379 323 (μ
687 269 738 312 Ρ.
785 270 1025 314 OVIDII
1070 271 1375 317 NASONIS

321 361 480 409 Victor
501 359 556 410 ab
581 361 795 411 OEchalia
812 360 978 413 Cenaeo
1004 383 1123 414 sacra
1142 366 1328 432 parabat

321 439 441 486 Vota
460 440 583 497 Jovi3
609 459 745 506 quum
770 442 902 490 Fama
923 441 1087 509 loquax
1110 444 1334 510 praecessit
1356 442 1411 491 ad
1429 460 1579 502 aures,

322 516 553 580 Dejanira,
577 528 696 575 tuas,
718 537 814 583 quae
835 519 949 567 veris
974 519 1131 568 addere
1153 520 1261 568 falsa

323 592 517 651 Gaudet,
544 605 588 642 et
610 615 632 642 a
653 595 837 643 minimo
863 615 942 645 sua
965 616 1046 664 per
1067 597 1293 646 mendacia
1315 598 1469 646 crescit
1483 635 1495 656 ,

317 671 747 737 Amphitryoniaden
769 673 886 722 Ioles
909 674 1065 722 ardore
1090 674 1241 722 teneri.

1679 700 1692 723 ι
1699 689 1743 734 4⁰

320 747 474 795 Credit
497 767 671 805 amans;
696 749 951 815 venerisque
975 768 1099 799 novae
1123 750 1355 818 perterrita
1374 751 1488 800 fama

318 823 512 872 Indulsit
535 826 681 891 primo
704 825 928 893 lacrymis,
953 827 1186 895 flendoque
1213 827 1411 876 dolorem

319 903 518 951 Diffudit
540 904 787 953 miseranda
810 924 967 964 suum;
993 924 1095 954 mox
1122 905 1279 953 deinde
1301 925 1311 953 ε
1337 927 1359 947 «
1387 904 1512 968 Quid
1535 916 1680 954 autem

361 1006 433 1041 136.
455 1009 604 1042 Cena-um
622 1008 724 1043 fuisse
747 1009 890 1044 Euboeae
905 1021 996 1055 pro-

317 1060 550 1103 montorium,
561 1060 677 1104 ibique
687 1062 772 1095 Joai
780 1063 894 1095 Cenoeo
903 1062 998 1096 Her-

315 1111 430 1145 culem
452 1111 669 1146 constituisse
694 1125 791 1146 aram
805 1138 814 1156 ,
835 1120 997 1148 constans

313 1163 488 1198 Veterum
506 1163 647 1198 traditio
660 1171 720 1199 est.
739 1166 861 1210 Neque
874 1165 908 1199 id
921 1165 995 1200 du-

313 1214 412 1248 bium
434 1222 485 1250 est
503 1242 513 1259 ,
543 1216 670 1250 saetam
692 1230 763 1251 esse
792 1230 871 1251 eam
892 1229 991 1261 rem,

312 1274 496 1311 postquam
530 1268 706 1315 Eurytum
736 1268 966 1302 debellaverat
983 1295 992 1311 ,

311 1318 456 1363 ejusque
470 1320 596 1354 urbem
614 1322 804 1354 OEchall'am
820 1333 995 1366 expugna-

312 1379 420 1406 verat.
437 1373 593 1420 Eurytus
608 1373 703 1407 enim
714 1400 722 1416 ‚
742 1374 867 1408 nobilis
881 1374 992 1418 sagit-

312 1424 441 1468 tarius,
467 1425 674 1470 promiserat
702 1439 736 1460 se
761 1425 869 1459 filiam
893 1439 992 1460 suam

311 1478 597 1512 formosissimam
623 1480 715 1512 Iolen
744 1478 774 1512 ei
802 1478 967 1512 daturum
981 1504 990 1522 ,

312 1531 371 1576 qui
383 1545 418 1566 se
430 1538 488 1565 aut
498 1532 588 1567 filios
596 1545 677 1567 suos
684 1533 720 1566 in
727 1532 912 1578 sagittandi
922 1546 993 1568 cer-

311 1583 444 1617 tamine
460 1591 674 1629 superasset;
692 1584 752 1619 sed
770 1584 915 1619 Herculi
926 1584 993 1619 vic-

310 1636 378 1670 tori
404 1636 589 1681 praemium
609 1637 826 1682 propositum
844 1637 992 1681 negavit.

313 1688 345 1722 Is
363 1701 448 1732 ergo
460 1688 566 1723 iratus
579 1688 764 1734 aliquando
776 1696 852 1734 post
864 1688 967 1723 rediit
982 1715 991 1732 ,

314 1740 554 1776 auxiliantibus
579 1741 771 1775 Arcadibus
795 1741 992 1777 OEchaliam

311 1792 422 1837 cepit,
443 1793 620 1840 Eurytum
638 1801 673 1828 et
691 1793 780 1828 filios
797 1794 990 1838 interfecit,

313 1845 412 1879 loten
430 1852 549 1879 autem
563 1846 733 1891 captivam
751 1846 912 1886 abduxit;
930 1846 992 1881 So-

312 1897 451 1942 phocles
466 1924 475 1941 ,
495 1898 620 1933 Trach.
638 1898 713 1933 Act.
727 1899 783 1939 II,
800 1899 992 1944 Apollodo-

310 1961 382 1992 rus,
394 1949 486 1984 dicto
498 1949 583 1984 loco.
594 1951 773 1985 Homerus
785 1950 992 1985 credebatur

311 1999 403 2034 hanc
419 2005 574 2045 Οἰχαλίας
591 2003 704 2037 ἅλωσιν
719 2002 873 2036 carmine
892 2002 991 2036 cele—

309 2050 423 2086 brasse
435 2066 444 2093 ς
458 2052 597 2096 Strabo,
606 2054 663 2088 lib.
672 2054 774 2097 XIV,
786 2067 818 2099 p.
828 2054 903 2088 δια.
916 2054 991 2086 Ve-

309 2115 390 2136 rum
407 2103 442 2137 id
460 2105 628 2149 quaeritur
641 2131 650 2147 ,
672 2106 731 2139 ubi
751 2107 910 2139 OEchall'a
926 2104 990 2138 sita

309 2153 426 2191 fuerit.
442 2156 568 2191 Strabo
579 2183 588 2200 ,
606 2157 663 2192 lib.
682 2158 715 2191 X
728 2184 737 2201 ,
755 2172 788 2203 p.
805 2158 888 2201 448,
911 2170 989 2191 eam

308 2207 389 2242 sacit
404 2208 545 2243 Euboeae
560 2209 726 2244 Eretricae
742 2210 876 2244 urbem.
894 2209 990 2243 Pau-

309 2259 421 2294 sanias
432 2286 442 2304 ,
456 2260 607 2295 Messen.
620 2274 652 2306 p.
664 2262 727 2295 283
737 2288 746 2304 ,
763 2260 915 2295 ostendit
926 2286 935 2303 ,
952 2273 988 2294 se

308 2313 346 2346 in
360 2311 424 2346 bac
435 2314 670 2347 controversia
685 2314 761 2359 plus
777 2313 988 2348 auctoritatis

308 2364 461 2399 tribuere
478 2365 662 2400 Messeniis
673 2391 682 2408 ,
701 2365 759 2410 qui
776 2365 844 2399 suis
861 2365 989 2399 finibus

308 2415 404 2449 illam
438 2416 563 2451 urbem
585 2443 594 2460 ‚
630 2423 748 2462 postea
779 2416 988 2451 Carnasium

308 2467 457 2512 dictam,
479 2468 678 2512 vindicent,
697 2475 732 2503 et
747 2482 779 2514 p.
800 2469 862 2503 362
874 2494 883 2511 ,
902 2480 987 2503 me-

305 2527 421 2554 morat
432 2546 442 2563 ,
462 2520 588 2567 Euryti
602 2520 650 2554 ibi
665 2533 738 2555 ossa
751 2521 890 2556 servari.
910 2522 988 2555 Ho-

308 2583 426 2605 merus
442 2571 594 2616 denique
607 2598 616 2615 ,
630 2572 668 2607 ll.
681 2573 711 2607 B
721 2599 730 2615 ,
746 2573 808 2619 730
820 2598 830 2617 ,
846 2585 924 2608 eam
936 2572 987 2607 in-

308 2629 362 2656 ter
376 2623 561 2658 Thessaliae
574 2625 677 2659 urbes
692 2625 808 2660 refert.
818 2643 862 2652 -·-
876 2627 990 2660 Victor

306 2676 351 2707 ab
371 2675 546 2716 OE'chalia,
569 2676 697 2711 scilicet
713 2676 851 2711 rediens
869 2689 876 2711 :
894 2676 986 2721 apud

310 2727 591 2771 Anacreontem,
611 2728 682 2763 Od.
699 2729 811 2773 XLV,
830 2730 869 2773 8,
889 2730 986 2764 Mars

308 2778 444 2814 hastam
458 2780 570 2815 vibrat
588 2783 619 2825 ἐξ
634 2782 725 2820 ἀῠτῐς
735 2808 744 2824 ,
763 2796 781 2817 e
796 2783 914 2827 praelio
926 2782 986 2818 sci-

1060 1008 1140 1043 licet
1150 1015 1384 1043 revex-tens.—
1391 1010 1491 1049 Vota,
1503 1021 1580 1054 quae
1585 1017 1743 1055 voverat,

1060 1060 1088 1095 si
1098 1060 1239 1105 Jupiter
1250 1060 1312 1094 sibi
1325 1059 1459 1094 adesset
1468 1060 1504 1094 in
1514 1061 1743 1107 expugnanda

1060 1111 1204 1146 urbe.—
1214 1112 1320 1154 Quum
1330 1112 1700 1148 Famaetc.Verissima
1709 1120 1745 1148 et

1061 1164 1223 1209 praeclara
1235 1163 1351 1199 Famae
1365 1163 1549 1209 descriptio
1562 1191 1571 1209 ,
1590 1178 1742 1210 quacum

1012 1225 1015 1231 ·
1059 1215 1180 1249 confer
1192 1215 1264 1250 XII
1276 1240 1286 1258 ,
1304 1215 1667 1262 39—63.-Proecessil,
1682 1230 1743 1252 ce-

1060 1267 1233 1302 leritatem
1247 1267 1276 1301 F
1278 1280 1364 1302 amae
1379 1267 1530 1303 declarat
1545 1280 1552 1302 :
1566 1268 1656 1303 male
1671 1268 1740 1315 igi-

1059 1326 1118 1354 tur
1132 1319 1274 1364 quidam
1284 1345 1293 1363 ,
1305 1322 1463 1363 pervem't.
1475 1319 1547 1355 Liv.
1558 1320 1663 1363 XXI,
1679 1321 1739 1355 32:

1059 1374 1166 1407 Fama
1172 1399 1180 1414 ‚
1201 1386 1268 1418 qua
1277 1377 1406 1407 incerta
1413 1374 1449 1406 in
1458 1373 1569 1417 majus
1577 1372 1746 1417 veroscrn‘

1056 1429 1167 1460 solent
1179 1453 1187 1467 ,
1204 1432 1372 1470 precepta
1394 1438 1447 1460 res
1462 1431 1543 1460 erat.
1564 1425 1744 1461 Minutius

1058 1479 1153 1513 Felix
1166 1505 1175 1522 ,
1188 1479 1374 1514 XXVIII:
1390 1481 1515 1520 Fama,
1530 1492 1602 1524 quoe
1615 1491 1743 1523 semper

1057 1533 1222 1574 insparsllr
1239 1532 1424 1565 mendaciis
1439 1533 1552 1566 alitur.
1570 1529 1741 1566 Classicus

1058 1582 1101 1617 de
1120 1583 1227 1617 Fama
1244 1582 1338 1616 locus
1355 1588 1406 1617 est
1423 1582 1529 1616 etiam
1546 1582 1639 1628 apud
1655 1582 1740 1616 Vir-

1058 1635 1179 1682 gilium
1192 1662 1201 1679 ,
1220 1636 1304 1671 AEn.
1317 1635 1384 1678 IV,
1407 1635 1467 1680 173
1481 1636 1742 1680 sqq—Gaudet

1058 1688 1182 1723 melius
1206 1700 1312 1733 quam
1336 1689 1429 1722 solet.
1457 1705 1500 1713 —-
1523 1687 1560 1721 A
1576 1690 1712 1722 minimo
1725 1700 1738 1731 ‚-

1058 1741 1169 1775 nostri
1183 1740 1282 1786 Regii
1295 1766 1304 1783 ,
1316 1753 1335 1773 c
1345 1739 1619 1774 mz'nimo.-—Duo
1627 1738 1737 1774 MSS.

1058 1798 1193 1826 veteres
1207 1798 1242 1826 et
1255 1792 1368 1837 prima
1377 1791 1459 1826 Aldi
1470 1791 1577 1826 editio
1587 1794 1736 1831 minima,

1058 1843 1151 1889 quod
1166 1843 1313 1878 Heinsio
1328 1843 1448 1889 placet.
1465 1842 1628 1877 Alterum
1642 1842 1738 1877 Bur-

1057 1907 1209 1929 mannus
1223 1895 1383 1939 praefert,
1401 1901 1440 1929 ut
1455 1894 1546 1940 apud
1564 1893 1741 1929 Claudia-

1057 1959 1144 1980 num
1156 1947 1230 1990 ,11,
1244 1946 1344 1981 Eutr.
1355 1947 1398 1990 34
1410 1959 1418 1980 ;
1429 1947 1535 1980 Fama
1539 1949 1636 1990 prius
1638 1944 1739 1988 falsa

1056 2002 1188 2033 st'tnz'ltlt.
1200 2018 1245 2026 —-
1259 2001 1378 2034 Teneri
1394 2011 1513 2032 amore
1528 1997 1738 2044 significan-

1055 2058 1111 2085 ter
1125 2077 1134 2094 ,
1160 2057 1327 2095 tanquam
1351 2050 1577 2094 illaqueatum
1604 2061 1735 2084 amore.

1057 2103 1114 2138 Sic
1128 2105 1365 2143 teneristudio,
1388 2104 1434 2147 V,
1452 2103 1558 2138 Trist.
1570 2114 1644 2147 ΧΠ,
1664 2117 1696 2149 9.

1092 2157 1148 2199 141
1156 2182 1163 2189 .
1173 2156 1408 2189 Credaamans
1417 2162 1480 2190 etc.
1492 2155 1544 2189 Ea
1553 2155 1646 2189 sama
1657 2168 1734 2199 per-

1055 2206 1175 2240 territa
1184 2205 1300 2241 literas
1314 2206 1420 2241 etiam
1434 2206 1531 2241 dedit
1543 2205 1586 2240 ad
1597 2206 1733 2240 Hercu-

1054 2255 1124 2291 lem
1136 2282 1145 2300 ,
1164 2270 1248 2302 quas
1262 2257 1341 2291 vide
1357 2257 1504 2292 Heroid.
1522 2257 1576 2292 IX
1589 2269 1729 2292 :amans

1054 2323 1135 2345 cum
1160 2310 1295 2345 delectu
1319 2323 1384 2356 pro
1404 2311 1554 2356 conjuge.
1582 2309 1734 2345 Causam

1053 2362 1170 2397 reddit
1185 2363 1251 2398 hoc
1267 2364 1414 2398 verbum
1427 2376 1490 2399 cur
1506 2362 1648 2398 sollicita
1662 2369 1735 2397 sta-

1053 2417 1117 2450 tim
1141 2416 1330 2451 crediderit
1350 2424 1385 2451 et
1400 2423 1582 2461 tantopere
1602 2415 1733 2450 dolue-

1050 2468 1106 2503 rit.
1131 2470 1291 2502 Dolorem
1318 2467 1462 2512 diffiada
1472 2469 1591 2512 flendo
1600 2494 1609 2508 ‚
1639 2481 1657 2497 «
1682 2471 1739 2501 sie

1054 2534 1072 2550 ³>
1089 2522 1328 2554 machteffirem
1335 2521 1491 2554 Scbmerz
1499 2521 1603 2553 durch
1610 2520 1734 2553 Thrae-

1054 2587 1071 2603 »
1090 2584 1153 2606 nen
1169 2573 1263 2617 Lust.
1275 2587 1292 2602 »
1310 2571 1476 2606 Heinsius
1487 2571 1627 2607 volebat
1636 2573 1677 2606 de
1692 2586 1735 2606 u-

1052 2628 1123 2668 d1·t;
1140 2625 1200 2660 sed
1214 2626 1303 2661 bene
1317 2623 1467 2667 dzssudz'l,
1483 2624 1623 2659 minuit.
1640 2624 1734 2659 Nam

1052 2691 1130 2723 quae
1148 2677 1385 2722 diffunduntur
1393 2702 1402 2717 ,
1425 2676 1463 2710 in
1486 2676 1594 2711 varias
1618 2682 1734 2722 partes

1051 2729 1250 2765 funduntur
1263 2754 1272 2771 ,
1301 2741 1341 2762 ea
1365 2735 1586 2763 evanescunt.
1613 2727 1733 2762 Etiam

1050 2781 1198 2817 Heroid.
1214 2781 1329 2824 VIII,
1342 2780 1381 2815 61
1396 2806 1405 2825 ,
1413 2782 1530 2825 flendo
1539 2780 1732 2826 dzssundere:
