1820 3106
325 207 1033 257 METAMORPHOSEON
1071 209 1206 253 LIB.
1244 211 1372 253 XII.

1483 212 1567 254 353

144 307 244 354 Jam
267 305 402 354 timor
423 301 497 352 ille
517 295 766 368 Phrygum,
792 300 925 350 decus
951 312 996 350 et
1017 299 1152 349 tutela
1178 300 1353 364 Pelasgi

144 382 369 442 Nominis,
393 378 596 430 AEacides
611 417 624 438 ‚
646 390 782 446 caput
799 377 1095 445 insuperabile
1116 377 1260 437 bello,

145 461 329 510 Arserat
345 479 356 508 :
375 469 562 508 armarat
582 457 706 506 Deus
728 456 846 505 idem
860 493 873 515 ‚
899 456 1104 523 idemque
1128 468 1356 505 cremarat.

145 539 245 589 Jam
262 527 381 587 *cinis
402 549 493 596 est,
518 548 563 585 et
583 535 637 585 de
660 547 750 584 tam
772 554 934 599 magno
958 547 1095 583 restat
1116 534 1291 586 Achille
1501 550 1568 586 615

145 617 304 668 Nescio
327 615 459 684 quid,
482 634 660 683 parvam
679 614 804 682 quod
824 633 919 662 non
938 614 1053 663 bene
1074 613 1296 681 compleat
1315 634 1485 665 urnam.

144 694 208 743 At
231 693 361 759 virit,
386 704 530 741 totum
553 711 650 758 qnae
675 691 814 754 gloria
839 689 1059 757 compleat
1080 689 1259 740 orbem:

145 770 251 820 Haec
273 767 340 817 illi
363 787 567 818 mensura
590 768 686 815 viro
711 766 977 833 respondet,
1004 778 1049 815 et
1066 766 1147 814 hac
1172 778 1240 815 est

144 846 231 895 Par
249 845 337 894 sibi
358 844 560 902 Pelides;
585 861 666 892 nec
688 843 836 891 inania
859 843 1044 891 Tartara
1070 842 1218 891 sentit.

143 926 247 992 Ipse
268 925 398 974 etiam
413 962 426 983 ‚
451 935 528 983 ut,
553 923 677 989 cujus
701 922 858 980 fuerit,
882 940 1149 985 cognoscere
1171 922 1343 990 possis,

145 1071 229 1094 eum
235 1070 308 1105 pm
316 1071 352 1094 sc
358 1070 536 1104 spernere.
548 1056 618 1093 Sed
633 1064 668 1092 et
678 1058 829 1092 Amazo-

146 1111 235 1147 num
246 1110 413 1146 auxilium
427 1117 505 1156 post
518 1109 668 1145 Homer.
682 1123 700 1144 a
718 1109 830 1155 poetis

147 1170 342 1205 assumtum
371 1163 409 1198 in
436 1161 517 1197 belli
539 1161 687 1207 Troiani
712 1161 829 1196 histo-

148 1218 238 1253 riam
253 1231 262 1259 3
278 1216 358 1252 vide
374 1215 559 1264 Heynium
574 1214 617 1249 ad
627 1214 726 1261 Virg.
742 1214 775 1249 d.
787 1215 808 1250 l.

193 1269 270 1314 614.
281 1270 433 1304 Arsemt.
444 1267 500 1303 De
512 1267 754 1302 combustione
766 1266 832 1302 hac

150 1321 230 1357 vide
251 1321 455 1356 Homerum
471 1346 481 1363 ‚
507 1318 579 1355 Od.
599 1325 633 1354 Ω
650 1346 660 1362 ,
687 1321 727 1363 57
743 1331 830 1364 sqq;

155 1374 336 1420 Quintum
364 1371 439 1409 Cal.
465 1373 533 1408 ΙΙΙ.
549 1391 593 1398 —
609 1372 832 1418 Ineptissimo

153 1439 274 1462 rursus
294 1425 427 1472 ingenii
447 1424 527 1460 lusu
546 1423 696 1459 maculat
715 1424 833 1459 locum

150 1479 428 1526 pulcherrimum
446 1492 456 1515 ε
472 1483 624 1513 armarat
635 1480 717 1513 deus
725 1481 813 1513 idem
821 1505 831 1520 ,

151 1535 301 1579 idemne
313 1539 493 1577 cremarat,
512 1544 641 1577 nempe
653 1531 833 1567 Vulcanus

153 1598 250 1621 arma
270 1586 345 1632 ejus
360 1584 611 1628 fabricaverat,
636 1590 672 1619 et
694 1584 833 1619 Vulca—

152 1651 240 1682 nus,
257 1637 323 1674 hoc
331 1644 404 1682 est,
419 1636 508 1683 ignis
519 1663 529 1682 ,
545 1650 671 1683 corpus
682 1637 757 1682 ejus
772 1637 834 1672 ab-

151 1696 344 1732 sumen-an
363 1689 565 1732 Homerus,
583 1687 616 1723 d.
631 1688 652 1723 l.
667 1701 755 1723 vers.
769 1701 806 1735 7¹
821 1714 832 1733 ,

154 1749 187 1781 σι’
204 1737 399 1793 γλόξζῆνυσεν
413 1734 594 1788 liniemu-

194 1796 274 1833 615.
289 1796 386 1830 cinis
392 1802 447 1831 est
454 1802 515 1830 aut
525 1798 613 1830 cimtr
625 1794 837 1839 exe‘guusja-

151 1855 226 1890 cet,
251 1847 422 1883 sollemne
437 1847 482 1881 de
498 1853 640 1882 mortuo
652 1873 663 1890 ‚
686 1845 798 1881 sed'h.
815 1844 837 1879 l.

153 1913 283 1946 magna
298 1912 381 1935 cum
398 1898 432 1933 vi
455 1905 533 1945 post
551 1898 731 1944 superiora
754 1897 810 1931 illa
825 1923 835 1941 ‚

152 1957 254 1988 timor
264 1954 324 1987 ille
337 1953 505 1998 Phrygum
519 1957 584 1986 etc.
599 1957 635 1986 et
649 1953 683 1986 τὸ
697 1953 839 1994 exiguus

154 2004 318 2051 preclare
333 2003 381 2038 sic
397 2009 543 2038 exornat
554 2029 564 2046 ,
581 2005 621 2037 de
631 2009 700 2037 tam
718 2015 839 2047 magno

155 2062 263 2092 restat
275 2056 414 2091 Achille
422 2057 547 2092 Nescio
559 2057 654 2100 quid,
664 2055 839 2100 particula

157 2108 304 2144 minima
313 2134 323 2152 ,
345 2115 380 2144 et
393 2108 449 2143 vix
463 2108 631 2144 sensibilis
643 2134 654 2152 ‚
670 2110 763 2153 quod
771 2122 839 2143 non

157 2163 240 2196 bem·
255 2160 448 2207 (exquisite
468 2174 531 2206 pro
542 2187 552 2204 ‚
575 2173 649 2195 non
673 2173 814 2206 prorsus
826 2186 838 2205 ‚

158 2225 232 2247 non
243 2211 345 2258 plane
356 2212 498 2255 )ut11am
508 2215 681 2257 compleat.
695 2213 767 2247 Pro
779 2226 841 2247 ne-

159 2269 233 2300 scio
253 2266 356 2311 quid,
371 2278 513 2309 parvam
531 2267 623 2310 quod
635 2272 700 2300 etc.
716 2278 840 2301 omnes

157 2315 233 2351 sere
247 2315 326 2351 libri
336 2316 453 2362 scripti
466 2317 479 2360 (
489 2316 638 2362 exceptis
651 2317 769 2364 Regiis
779 2330 841 2352 no-

159 2368 258 2414 stris)
284 2368 415 2403 habent
439 2371 554 2403 nescio
583 2372 667 2413 quid
678 2382 816 2412 parvum
828 2397 839 2412 ‚

159 2424 252 2467 quod
259 2428 324 2457 etc.
336 2428 469 2456 mutata
482 2420 715 2456 distinctione.
726 2423 842 2456 Parva

162 2480 282 2508 autem
297 2480 333 2508 et
347 2473 450 2509 exiles
464 2487 536 2508 esse
551 2473 710 2508 solebant
721 2486 819 2509 urnae
830 2499 840 2518 ,

163 2532 203 2561 ut
219 2532 362 2571 apparet
377 2539 418 2560 ex
434 2526 474 2560 iis
489 2552 499 2570 ,
524 2538 602 2571 quae
622 2526 727 2560 etiam
746 2538 843 2561 nunc

163 2584 363 2624 supersunt.
382 2579 572 2613 Praeiverat
593 2579 722 2613 Nostro
744 2579 842 2613 Pro-

164 2631 295 2676 pertius
304 2630 381 2674 ,11,
394 2641 450 2665 vu
459 2656 468 2674 ,
480 2633 519 2665 51
533 2656 542 2673 ,
552 2630 610 2664 ubi
622 2629 748 2665 Briseis
757 2633 849 2665 tanti

162 2696 282 2728 corpus
292 2683 448 2718 Achillei
458 2684 677 2727 Maximoque
690 2685 726 2717 in
736 2695 845 2727 parva

164 2738 302 2772 sustulit
316 2749 398 2770 ossa
415 2748 535 2780 manu‚·
556 2742 591 2771 et
608 2735 681 2778 IV,
700 2746 760 2780 XI,
782 2737 842 2779 14,

290 2804 383 2848 IV.

1507 939 1576 972 620

893 1055 952 1090 ubi
968 1056 1101 1102 sepulta
1118 1054 1286 1091 Cornelia
1298 1083 1307 1100 ,
1325 1063 1509 1103 postquam
1523 1058 1576 1093 di-

894 1107 1064 1154 gnitatem
1086 1121 1186 1143 suam
1209 1108 1297 1143 nihil
1314 1109 1379 1144 sibi
1405 1109 1575 1155 profuisse

895 1169 1016 1207 questa
1029 1169 1079 1196 est
1091 1189 1100 1206 ‚
1117 1162 1212 1198 addit
1225 1176 1232 1198 :
1246 1162 1323 1198 En!
1335 1176 1409 1198 sum
1419 1167 1511 1209 quod
1519 1167 1577 1200 di-

892 1217 975 1258 gem
988 1218 1132 1259 quinque
1146 1217 1275 1249 leuatur
1286 1229 1380 1250 onus.
1400 1216 1470 1251 Sed
1486 1230 1577 1263 pue—

896 1266 1007 1300 riliter
1022 1267 1258 1311 gravissimam
1274 1269 1485 1303 sententiam
1503 1277 1579 1305 tra·-

898 1317 1006 1351 ctavit
1016 1317 1139 1353 senec.
1155 1319 1262 1353 Herc.
1277 1319 1352 1354 OEt.
1364 1333 1410 1356 vs.
1427 1324 1510 1367 1758
1518 1335 1580 1368 sq:

898 1384 915 1399 «
933 1370 1024 1404 Tam
1042 1383 1167 1416 parvus
1183 1371 1271 1406 cinis
1287 1372 1484 1410 Herculeus
1501 1383 1577 1418 est;

896 1435 914 1451 »
931 1421 1000 1458 huc
1014 1422 1070 1457 ille
1088 1423 1244 1458 decrevit
1261 1423 1364 1470 gigas.
1376 1424 1411 1460 Ο
1424 1434 1576 1472 quanta,

896 1487 914 1504 »ι
933 1473 1040 1509 Titan
1052 1501 1062 1519 ,
1075 1474 1113 1509 in
1124 1475 1211 1510 nihil
1221 1477 1331 1512 moles
1347 1478 1433 1513 abit!
1444 1505 1469 1519 .,
1478 1507 1486 1515 .
1498 1493 1579 1515 ecce

897 1539 915 1555 »
934 1526 989 1560 vix
1001 1533 1110 1561 totam
1120 1528 1292 1564 Hercules
1303 1529 1505 1576 Complevit
1518 1546 1579 1567 ur-

897 1590 916 1607 »
937 1590 1020 1612 nam
1034 1592 1043 1619 3
1056 1591 1163 1624 quam
1174 1580 1249 1617 leve
1261 1588 1312 1616 est
1323 1583 1461 1626 pondus
1471 1584 1558 1619 mihi
1568 1611 1578 1628 ‚

899 1643 916 1659 »
938 1628 1006 1664 Cui
1030 1637 1123 1666 totus
1140 1632 1250 1667 aether
1268 1634 1406 1679 pondus
1420 1635 1582 1671 incubuit

899 1695 918 1711 »
935 1681 1022 1717 leve.
1035 1697 1052 1714 »
1076 1684 1219 1721 Achillis
1238 1686 1372 1723 cineres
1389 1689 1578 1738 vino-con-

898 1747 1034 1779 spersos
1047 1743 1083 1771 et
1095 1745 1278 1783 unguento
1289 1739 1412 1775 Thetis
1422 1741 1581 1777 condidit

898 1788 936 1822 in
960 1802 1049 1823 urna
1063 1816 1073 1833 ,
1098 1803 1204 1835 quam
1222 1818 1231 1835 ‚
1251 1793 1402 1828 Vulcani
1425 1807 1512 1840 opus
1525 1822 1535 1841 ,
1561 1810 1581 1831 a

899 1839 1038 1874 Baccho
1052 1850 1231 1888 acceperat
1246 1855 1254 1877 :
1273 1844 1382 1879 Hom.
1399 1846 1432 1880 d.
1449 1848 1471 1882 l.

943 1891 1020 1935 617.
1035 1893 1089 1928 At
1097 1897 1196 1937 vivit,
1219 1901 1324 1931 totum
1334 1910 1406 1942 quoe
1417 1906 1482 1935 etc.
1497 1901 1582 1937 Nou

900 1943 1018 1979 minus
1032 1945 1123 1980 bene
1138 1949 1319 1992 sequentia
1336 1949 1379 1985 de
1398 1952 1508 1998 gloria
1526 1955 1584 1989 di—

900 2003 965 2031 cta.
977 2014 1021 2024 —-
1036 2000 1245 2044 Respondet,
1266 2014 1420 2048 congrua
1439 2012 1491 2040 est
1506 2007 1583 2042 viro

900 2050 958 2085 illi.
970 2069 1014 2078 -·
1024 2053 1120 2095 Hac,
1140 2054 1181 2088 ab
1199 2054 1262 2089 hac
1277 2064 1387 2101 parte.
1398 2076 1443 2085 —
1458 2062 1584 2096 luania

908 2104 1053 2139 Tartara
1065 2119 1134 2140 non
1153 2111 1271 2149 sentit,
1297 2121 1481 2155 nunquam
1504 2126 1584 2148 mo—

901 2156 1023 2191 rietur.
1038 2176 1083 2183 —
1093 2158 1202 2194 Hunc
1215 2159 1331 2195 locum
1343 2162 1391 2197 ita
1403 2177 1421 2198 e
1435 2166 1585 2211 vestigiis

902 2208 1063 2244 codicum
1074 2212 1252 2247 constituit
1268 2214 1435 2251 Heinsius
1448 2243 1458 2261 ,
1477 2231 1584 2263 quem

903 2260 982 2296 vide
996 2262 1040 2296 ad
1058 2263 1204 2298 Heroid.
1221 2264 1291 2299 XX
1305 2292 1314 2310 ‚
1330 2267 1384 2300 62.
1404 2268 1445 2302 In
1466 2269 1584 2316 Regiis

903 2315 1030 2350 nostris
1049 2315 1176 2361 legitur
1192 2318 1264 2351 Par
1280 2321 1366 2361 tibi,
1392 2333 1464 2355 non
1491 2323 1583 2357 male

904 2381 967 2413 per
989 2368 1222 2415 apostrophen
1244 2385 1254 2413 ;
1286 2371 1347 2406 sed
1377 2386 1478 2409 voces
1510 2387 1584 2409 non

903 2422 1141 2465 concordant;
1166 2422 1232 2469 legi
1243 2425 1350 2459 enim
1368 2425 1515 2462 deberet
1530 2441 1538 2462 :
1553 2435 1590 2463 et

905 2476 971 2509 bac
984 2487 1021 2508 es
1036 2476 1107 2509 Par
1121 2478 1202 2517 tibi,
1231 2478 1346 2512 Pelide
1358 2505 1367 2520 ‚
1387 2492 1449 2514 nec
1466 2483 1587 2516 inania

912 2528 1056 2561 Tartara
1072 2531 1186 2562 sentis.
1204 2527 1270 2563 Ed.

950 2579 1026 2613 620.
1045 2580 1247 2623 Cognoscere
1261 2582 1307 2617 sic
1320 2583 1426 2618 etiam
1436 2585 1585 2633 Heroid.

907 2631 961 2666 IX
974 2657 984 2674 ,
1000 2644 1011 2664 1
1019 2633 1055 2664 51
1063 2657 1073 2674 ‚
1088 2632 1123 2665 T
1117 2646 1140 2665 u
1151 2645 1274 2678 quoque
1281 2647 1462 2680 cognosces
1470 2641 1505 2673 in
1514 2652 1565 2673 me
1573 2667 1583 2682 ‚

907 2686 1095 2729 Meleagre,
1119 2698 1285 2731 sororem,·
1305 2697 1341 2725 et
1359 2691 1451 2737 apud
1467 2693 1587 2728 Justi—

907 2749 995 2771 num
1006 2763 1017 2782 ,
1033 2737 1134 2782 XIV,
1152 2749 1190 2775 vl
1203 2766 1211 2784 ‚
1233 2754 1268 2775 11
1280 2767 1290 2787 ,
1308 2749 1347 2778 ut
1354 2744 1587 2780 Alexandrum

1311 2812 1369 2853 23
