1820 3106
264 214 315 256 16

616 217 667 259 P.
713 194 949 263 ovum
984 199 1281 264 NASONIS

253 307 580 375 Multiplicique
603 310 734 360 domo
749 348 761 370 ‚
785 312 992 379 caecisque
1015 313 1235 363 includere
1260 313 1402 363 tectis.

253 384 456 434 Daedalus
471 423 482 443 ‚
508 387 684 450 ingenio
707 388 839 437 fabrae
862 389 1167 439 celeberrimus
1188 392 1292 440 artis
1307 429 1318 447 ‚

252 462 386 510 Ponit
407 482 543 529 opus;
569 465 803 531 turbatque
826 479 953 515 notas
967 504 979 524 ,
1006 480 1048 515 et
1069 466 1237 516 lumina
1255 468 1415 516 flexum

1598 485 1658 519 160

251 540 388 587 Ducit
410 539 454 587 in
477 559 667 589 errorem
689 542 902 591 variarum
923 544 1102 607 ambage
1124 546 1303 593 viarum.

250 617 353 665 Non
377 635 501 666 secus
523 637 570 666 ac
594 618 789 684 liquidus
813 619 1016 687 Phrygiis
1042 622 1290 670 Maeandros
1314 623 1360 670 in
1383 623 1495 671 arvis

296 755 308 775 1
316 742 366 776 58.
374 742 616 786 Mullt'plz'dque
625 743 732 780 domo.
745 749 809 776 etc.
821 742 919 788 Inge-

248 792 437 828 niosissima
448 793 630 839 descriptio
640 794 824 841 labyrinthi
835 793 920 829 Cre-

249 845 351 879 tensis
368 871 377 888 ,
401 845 438 879 in
464 858 531 890 qua
556 853 636 880 ante
658 846 773 880 oculos
799 845 919 881 habuit

249 896 458 941 AEneidem,
488 897 522 929 V
534 923 542 939 ‚
564 898 627 932 588
642 910 715 943 sqq.
735 896 869 931 Confer
885 904 919 931 et

250 949 429 984 Catullum
448 976 457 993 ,
488 949 592 992 LXI,
625 963 707 990 1123
739 949 917 992 Plinium,

248 1002 429 1045 XXXVI,
458 1002 496 1035 13
515 1017 523 1044 ;
550 1001 748 1036 Diodorum
762 1027 771 1044 ,
800 1002 835 1044 Ι,
865 1001 918 1035 61.

247 1053 416 1087 Struxisse
441 1053 625 1087 Daedalum
652 1053 717 1087 hoc
733 1052 918 1087 aedificium

249 1106 293 1140 ad
308 1106 483 1151 exemplar
504 1105 699 1152 AEgyptiaci
719 1105 808 1139 illius
824 1130 834 1148 ,
857 1103 918 1138 sed

247 1159 474 1194 centesimam
506 1165 644 1193 tantum
679 1158 753 1202 ejus
784 1164 919 1202 partem

249 1211 424 1245 imitatum
440 1222 511 1244 esse
525 1236 533 1252 ,
562 1222 638 1254 quae
655 1209 821 1244 itinerum
847 1222 920 1243 am-

246 1265 360 1309 bages,
370 1275 597 1307 occursusque
611 1270 645 1297 et
655 1275 812 1297 recursus
822 1262 920 1296 inex-

249 1314 419 1360 plicabiles
441 1314 637 1348 contineret
649 1340 658 1356 ,
684 1314 811 1348 crebris
828 1314 920 1347 sori-

248 1367 312 1401 bus
334 1365 451 1399 inditis
475 1364 518 1398 ad
542 1364 709 1399 fallendos
730 1377 890 1399 occursus
908 1391 917 1408 ,

248 1416 539 1461 redeundumque
554 1416 591 1450 in
608 1429 743 1450 errores
757 1415 897 1450 eosdem
908 1442 918 1458 ,

249 1474 369 1503 auctor
392 1474 442 1502 est
460 1467 594 1502 Plinius
606 1494 616 1511 ,
634 1467 726 1502 dicto
745 1467 830 1502 loco.
849 1467 918 1502 Sed

249 1533 356 1565 quum
379 1531 485 1553 nemo
513 1520 684 1553 Veterum
707 1519 774 1553 hoc
789 1531 920 1553 monu-

247 1578 410 1606 mentum
429 1571 499 1616 ipse
521 1570 668 1614 viderit,
697 1583 812 1615 neque
839 1570 919 1604 Ho—

247 1636 365 1658 merus
383 1650 392 1667 ,
417 1624 475 1668 qui
499 1635 587 1668 saepe
611 1621 754 1657 Cretam
776 1622 892 1656 laudat
907 1649 916 1665 ,

248 1677 323 1721 ejus
339 1675 557 1709 mentionem
569 1674 690 1709 fecerit
704 1700 713 1718 ,
733 1684 842 1719 quum
855 1674 918 1708 de-

247 1728 354 1773 nique
370 1739 493 1772 parum
507 1726 673 1761 credibile
690 1727 752 1769 sit,
773 1727 845 1771 jam
862 1738 919 1760 an-

246 1779 444 1825 tiquissimis
459 1778 671 1823 temporibus
684 1778 749 1812 tale
762 1785 919 1813 tantum-

247 1846 314 1878 que
327 1831 511 1867 aedificium
522 1843 593 1865 esse
605 1837 814 1865 exstructum
823 1857 832 1874 ,
845 1843 917 1864 non

246 1885 367 1920 dubito
383 1883 543 1919 accedere
563 1883 744 1918 sententiae
763 1882 918 1918 Cedreni

247 1945 282 1972 et
298 1935 488 1979 Eustathii,
507 1948 582 1980 quae
596 1935 801 1970 confirmata
813 1935 917 1969 etiam

247 1996 297 2024 est
308 2001 327 2022 a
342 1987 550 2031 Taumefort,
569 1989 605 2020 V
598 2000 701 2031 oyage
711 1989 755 2021 du
769 1988 899 2021 Leuant
907 2014 915 2028 ,

248 2047 334 2074 tom.
349 2039 367 2072 I
379 2065 387 2081 ,
405 2051 438 2083 p.
459 2038 501 2072 65
519 2050 527 2071 :
549 2038 650 2072 fuisse
668 2050 796 2083 nempe
813 2037 917 2084 laby—

247 2090 406 2136 rinthum
417 2089 515 2123 illum
526 2088 614 2124 nihil
628 2088 717 2122 aliud
731 2115 740 2132 ,
757 2088 824 2123 nisi
838 2101 918 2133 spe·-

245 2145 385 2179 luncam
414 2142 676 2177 subterraneam
696 2154 775 2176 cum
799 2142 918 2176 multis

247 2194 446 2240 ambagibus
457 2220 466 2237 ,
479 2193 516 2227 in
529 2206 596 2238 qua
607 2206 660 2228 ars
670 2193 840 2237 adjuverit
852 2205 917 2227 na-

247 2254 373 2281 turam.
396 2244 537 2280 Conser.
559 2247 705 2289 Goguet,
723 2258 787 2279 voa
805 2246 916 2288 Urspr.

248 2302 279 2334 d.
301 2300 457 2339 Gnate,
474 2304 557 2332 tom.
571 2298 627 2340 11,
651 2310 683 2343 p.
703 2299 825 2332 185.—-
843 2300 917 2332 Do-

248 2365 320 2386 mus
336 2353 516 2395 multiplex.
540 2350 771 2396 Apollodorus
790 2377 799 2394 ,
824 2350 916 2385 dicto

249 2405 324 2438 loco
335 2430 344 2447 ‚
370 2409 482 2448 οἴκημα
496 2411 628 2448 κοεμπαῖς
643 2405 829 2441 πολυπλόκοις
839 2408 917 2437 πλα-

248 2463 305 2489 νῶν
328 2461 381 2496 τὴν
400 2459 510 2498 ἵξυδον.
526 2473 570 2480 --
589 2455 711 2493 cacis,
739 2454 775 2487 in
794 2454 915 2498 quibus

247 2507 363 2541 nullus
383 2514 590 2552 prospectus.
613 2506 797 2552 Virgilius,
824 2506 915 2541 dicto

247 2559 323 2594 loco
337 2584 346 2601 ,
364 2562 461 2592 coecis
476 2561 668 2601 part'etibus.

294 2611 365 2656 159.
381 2610 542 2642 Doedalus
552 2636 559 2650 ,
580 2623 705 2654 genere
718 2610 916 2645 Athenien—

246 2662 310 2705 sis,
335 2674 376 2696 ex
388 2662 428 2697 iis
437 2674 533 2696 <unus
550 2663 608 2706 qui
624 2665 830 2698 Erechthidoe
846 2676 916 2697 vo—

247 2722 390 2759 cantur,
414 2714 500 2749 adeo
517 2715 698 2759 praeclarus
715 2716 779 2750 suit
803 2716 916 2750 archi-

985 751 1115 789 tectus,
1142 753 1181 780 ut
1210 753 1245 781 et
1268 759 1372 792 opera
1402 746 1562 792 quaedam
1586 748 1657 782 mi-

984 795 1092 830 randa
1105 797 1274 839 effecerit,
1294 805 1329 831 et
1340 805 1467 833 statuas
1477 812 1552 844 quae
1567 800 1658 845 aspi-

984 859 1061 882 cere
1075 874 1084 892 ,
1102 849 1346 893 ambulareque
1364 875 1374 892 ,
1399 856 1436 884 et
1452 850 1580 894 spirare
1603 850 1658 885 vi-

984 899 1155 933 debantur
1174 925 1183 942 ,
1209 900 1408 942 effinxerit;
1440 908 1542 946 atque
1573 901 1656 936 hinc

982 952 1145 985 Doedalea
1167 959 1290 986 vocant
1306 951 1417 986 Graeci
1437 965 1542 998 opera
1562 956 1656 988 αὖτέ-

983 1019 1067 1047 (aava
1085 1015 1092 1037 ι
1108 1003 1174 1037 hoc
1184 1010 1235 1037 est
1247 1028 1256 1046 ,
1276 1016 1351 1048 quae
1363 1011 1486 1049 sponte
1501 1017 1560 1039 sua
1575 1017 1655 1039 mo-

983 1061 1131 1096 ventur,
1161 1061 1220 1088 aut
1246 1067 1367 1089 vocem
1390 1054 1510 1090 edunt.
1534 1058 1656 1091 Ed.-—

982 1106 1094 1139 Fabra
1109 1118 1166 1140 ars
1178 1132 1186 1145 ,
1204 1106 1441 1141 architectura.
1459 1125 1503 1133 -·
1518 1109 1655 1152 Ingenio
1672 1128 1675 1135 ι

983 1160 1084 1196 artis,
1109 1157 1148 1191 iis
1160 1183 1169 1200 ,
1188 1169 1263 1201 quae
1277 1157 1453 1203 ingeniose
1467 1159 1601 1194 invenit
1616 1158 1654 1192 in

983 1221 1023 1242 ea
1035 1215 1117 1243 arte.
1130 1209 1298 1244 Similiter
1311 1222 1416 1256 prope
1430 1210 1562 1245 Plinius
1571 1215 1655 1256 ,pa-

983 1273 1102 1307 negyr.
1120 1272 1204 1295 Xle
1217 1288 1226 1305 ,
1255 1276 1271 1308 7
1284 1288 1293 1306 ,
1321 1265 1455 1306 ingenia
1467 1270 1647 1302 cartarum,

983 1313 1042 1346 ubi
1061 1312 1137 1347 vide
1155 1320 1311 1348 notas.-
1318 1315 1444 1348 Turbat
1456 1321 1570 1354 notas,
1588 1315 1654 1350 sci-

981 1365 1060 1399 licet
1086 1365 1242 1407 viarum,
1266 1365 1450 1400 confundit
1475 1378 1553 1410 eas,
1580 1379 1654 1400 non

981 1429 1058 1451 suas
1073 1417 1196 1461 cuique
1216 1416 1274 1451 dat
1292 1424 1392 1452 notas
1411 1444 1420 1461 ,
1449 1418 1507 1452 sed
1531 1419 1654 1453 omni—

980 1466 1044 1500 bus
1060 1465 1207 1500 easdem.
1227 1466 1321 1501 Hinc
1333 1467 1486 1512 dignosci
1501 1481 1574 1502 non
1589 1481 1655 1514 po—

982 1525 1106 1553 terant.
1135 1519 1300 1563 Virgilius
1317 1545 1325 1562 ‚
1351 1519 1443 1554 dicto
1470 1520 1547 1555 loco
1564 1527 1655 1566 :qua

980 1573 1077 1615 signa
1096 1573 1256 1615 sequendi
1273 1572 1416 1606 Fallere!
1437 1574 1652 1616 indeprensus

979 1629 1013 1656 et
1028 1625 1241 1656 irremeabilis
1255 1636 1351 1657 error.
1361 1642 1405 1648 —
1416 1624 1552 1658 Motum
1562 1650 1570 1663 ‚
1590 1637 1654 1669 pro

980 1674 1111 1720 vulgari
1124 1677 1239 1720 flexu,
1264 1687 1283 1709 e
1308 1675 1512 1710 Florentino
1534 1675 1653 1710 Sancti

982 1726 1093 1761 Marci
1107 1753 1116 1770 ,
1140 1726 1292 1761 secundo
1310 1727 1469 1762 Palatino
1481 1754 1490 1771 ,
1512 1728 1654 1773 Neapo—

980 1778 1087 1814 litano
1099 1804 1108 1821 ,
1130 1778 1282 1823 Spirensi
1299 1785 1334 1813 et
1351 1779 1458 1813 tribus
1475 1779 1546 1814 aliis
1557 1779 1653 1813 dedit

982 1831 1168 1865 Heinsius:
1184 1830 1253 1865 duo
1264 1838 1396 1866 veteres
1407 1833 1535 1876 ,fla-xa,
1552 1844 1654 1866 nem-

981 1896 1022 1928 pe
1041 1909 1050 1927 ,
1076 1886 1226 1927 ambage.
1256 1883 1356 1929 Regii
1389 1883 1498 1919 nostri
1516 1910 1526 1928 ,
1553 1886 1652 1927 fhxu.

980 1954 1023 1960 -
1039 1937 1174 1969 Flexum
1196 1934 1328 1979 poetice
1349 1961 1358 1978 ,
1386 1934 1465 1979 quia
1492 1934 1554 1979 ipsi
1580 1947 1651 1968 an-

979 1988 1126 2029 fractus,
1149 1987 1326 2030 ambages,
1354 1985 1443 2020 flexi.
1464 1985 1648 2031 Virgilius:

978 2043 1049 2083 ipse
1067 2041 1161 2073 dolos
1178 2039 1258 2074 tecti
1280 2041 1495 2084 ambagesque
1508 2041 1650 2074 resolvit.

1027 2093 1096 2127 162.
1115 2093 1276 2137 liquidus
1291 2094 1446 2139 Phrygiis
1460 2099 1522 2127 etc.
1549 2092 1651 2126 Prior

981 2143 1171 2179 Twisdenii
1197 2145 1340 2188 liquidos
1363 2145 1527 2190 Phrygius
1545 2144 1600 2177 M
1615 2148 1650 2178 in

979 2208 1100 2238 arcus,·
1119 2196 1154 2230 id
1170 2203 1242 2239 est,
1263 2203 1398 2230 arcuata
1422 2196 1623 2231 curvamina
1638 2223 1648 2241 ,

981 2249 1072 2294 quod
1094 2249 1203 2294 placet
1219 2249 1376 2283 Heinsio.
1393 2267 1436 2274 -—-·
1448 2249 1575 2294 Regius
1594 2249 1626 2283 A
1637 2274 1648 2292 ,

978 2303 1113 2345 liqul'dth·
1135 2302 1300 2346 Phrygius
1315 2300 1365 2333 M
1385 2302 1421 2333 in
1435 2302 1556 2342 und1155
1572 2310 1649 2344 quae

979 2352 1079 2386 lectio
1095 2351 1284 2396 elegantior
1311 2351 1397 2385 mihi
1413 2350 1558 2384 videtur.
1581 2352 1647 2386 Ed.

978 2421 1022 2428 —
1040 2402 1094 2436 De
1111 2402 1416 2436 Maeandrilusibus
1432 2400 1510 2435 vide
1525 2400 1567 2435 ad
1587 2401 1622 2436 II
1636 2428 1646 2445 ,

980 2454 1042 2497 246
1057 2468 1065 2494 ;
1082 2461 1116 2488 et
1132 2455 1261 2489 confer.
1277 2454 1410 2489 Seneca
1423 2478 1432 2496 ,
1452 2453 1559 2487 Herc.
1580 2453 1647 2486 sur.

979 2507 1063 2547 683;
1081 2505 1203 2540 Phoen.
1216 2506 1280 2539 605
1295 2520 1303 2547 ;
1324 2504 1427 2538 Silius
1441 2528 1451 2546 ,
1470 2503 1555 2547 Vll,
1577 2505 1648 2552 ¹39-

981 2557 1112 2592 Seneca
1123 2584 1132 2600 ,
1150 2558 1264 2602 priore
1274 2556 1369 2590 loco:
1386 2557 1505 2598 Qualis
1512 2558 1647 2590 incertis·

979 2623 1086 2654 vagus
1100 2612 1269 2644 Moeander
1280 2611 1378 2643 undis
1391 2615 1481 2643 errat
1491 2636 1498 2647 ‚
1514 2611 1604 2644 ludit
1615 2615 1650 2642 et

979 2665 1068 2698 cedit
1088 2666 1172 2703 sibi,
1204 2664 1375 2705 Ins-ratque
1399 2663 1519 2695 dubius
1533 2688 1542 2703 ,
1566 2664 1647 2696 litus

979 2729 1024 2750 aa
1030 2716 1161 2760 sontem
1177 2720 1278 2759 petat,
1288 2731 1331 2739 -—
1342 2714 1508 2758 Ambzpuo
1521 2717 1617 2758 lapsu
1629 2724 1643 2756 ,·

1683 915 1697 932 Ι
