1820 3106
324 252 352 307 4
705 256 758 299 P.
801 252 1033 301 OVIDII
1067 256 1358 317 NASONIS

324 347 526 413 Spectare
550 366 602 396 ex
625 346 699 396 illa
722 347 854 411 rigidi
878 349 1110 399 certamina
1130 352 1301 400 Martis.
1689 341 1730 400 26

323 427 508 492 Jamque
531 444 654 474 mora
671 424 779 474 belli
798 444 1029 492 procerum
1053 446 1230 493 quoque
1253 427 1432 476 nomina
1453 439 1606 486 norat,

322 504 567 568 Armaque,
587 521 832 568 equosque,
856 502 1140 570 habitusque,
1161 504 1724 573 Cydoneasquepharetras.
1771 570 1774 574 Ι

321 582 515 628 Noverat
534 591 633 628 ante
658 579 765 627 alios
783 579 936 628 faciem
957 580 1079 629 ducis
1102 583 1336 648 Europaei;

322 656 429 705 Plus
453 656 606 713 etiam,
633 675 763 721 quam
783 675 914 705 nosse
940 668 1006 706 sat
1027 669 1127 706 est:
1154 659 1235 707 hac
1253 659 1423 724 judice,
1447 661 1624 720 Minos,

322 735 409 783 Seu
431 745 563 801 caput
583 733 811 782 abdiderat
833 734 1009 782 cristata
1033 734 1198 782 casside
1221 735 1403 801 pennis,
1687 742 1736 786 25-

320 814 377 859 In
401 811 521 875 galea
542 811 764 860 formosus
789 823 880 859 erat
901 831 910 858 :
931 829 1007 859 seu
1029 824 1242 860 sumserat
1260 831 1342 860 aere

319 934 403 966 pore
416 920 581 956 ludorum
591 947 600 962 ,
614 920 860 956 sacrificiorum
876 933 884 955 z
898 920 992 955 abla-

318 973 378 1008 tivi
395 980 575 1019 ponuntur
589 972 636 1007 sic
653 972 825 1016 absolute,
839 980 877 1007 ut
894 980 991 1007 tem-

320 1038 383 1070 pus
393 1024 589 1071 significent
601 1050 610 1068 ,
625 1037 694 1069 quo
705 1024 787 1068 quid
799 1025 927 1058 factum
939 1025 992 1059 sit.

319 1076 410 1110 Vide
423 1076 670 1110 Burmannum
686 1075 729 1109 ad
745 1074 838 1109 hunc
854 1074 989 1118 locum,

318 1134 353 1162 et
373 1127 511 1162 Ernesti
531 1126 574 1161 ad
594 1126 803 1161 Suetonium
814 1152 824 1168 ,
847 1126 883 1159 in
905 1125 991 1160 Caes.

323 1192 337 1214 1
346 1193 357 1213 1
366 1206 372 1212 .
381 1197 424 1204 --
437 1180 590 1222 Spe-ctare
603 1191 644 1213 ex
661 1181 723 1212 illa
735 1185 798 1212 etc.
809 1177 992 1223 Spectabat

319 1239 428 1267 castra
444 1231 578 1267 hostilia
591 1258 600 1275 ,
622 1238 661 1266 ut
681 1231 855 1277 Antigone
872 1258 881 1275 ,
900 1230 991 1276 apud

322 1283 540 1329 Euripidem,
554 1283 676 1317 Phoen.
693 1297 705 1316 1
715 1295 754 1317 10
765 1296 837 1327 sqq.
848 1309 857 1326 ,
876 1290 910 1317 et
922 1284 992 1318 He—

319 1337 397 1371 lena
411 1363 420 1380 ,
442 1336 532 1381 apud
556 1336 756 1369 Homerum
768 1360 777 1378 ,
804 1335 843 1369 Il.
868 1342 909 1379 Γ,
932 1337 993 1378 154

319 1401 392 1433 sqq.
405 1388 512 1422 :confi
523 1394 559 1421 et
571 1387 706 1433 Virgilii
721 1386 834 1431 Cirin,
852 1401 863 1422 1
871 1402 909 1434 7²
920 1401 993 1433 sqq.

364 1452 416 1473 21.
431 1441 572 1483 Jamque
586 1451 678 1473 mora
694 1441 780 1474 belli.
795 1439 996 1485 Neapolita-

320 1504 386 1525 nus
397 1497 431 1525 et
442 1491 537 1536 prior
549 1490 774 1534 Ersurtensis,
785 1503 895 1525 moras
904 1493 991 1531 belli,

318 1547 359 1575 ut
366 1552 525 1586 proceres
532 1543 614 1575 belli
620 1554 716 1575 moroe
726 1540 993 1585 dicantur,quod

318 1592 467 1627 illustrat
476 1592 651 1627 Heinsius.
660 1592 761 1638 Regii
772 1593 892 1636 nostri,
903 1606 995 1627 mora

319 1649 413 1687 belli,
434 1645 526 1691 quod
538 1645 727 1692 elegantius
739 1671 748 1689 ,
770 1653 805 1680 et
821 1653 995 1690 praestan-

319 1697 398 1732 tius.
414 1698 633 1738 Ede-Mora,
648 1696 874 1731 diuturnitate
886 1723 895 1740 ,
907 1703 946 1730 ut
957 1697 992 1739 I',

320 1750 447 1792 402—
456 1750 692 1795 Cydoneasque
703 1748 786 1782 olim
796 1743 970 1781 ‘edebatur
982 1772 992 1789 ,

322 1800 416 1846 quod
426 1800 594 1835 Ciosanus
605 1813 646 1834 ex
655 1800 848 1844 antiquiore
856 1811 919 1834 suo
929 1798 995 1833 Co-

259 1863 270 1870 *
321 1852 395 1887 dice
415 1852 451 1886 in
470 1853 697 1898 Cydoru'asque
712 1852 866 1886 mutavit.
887 1850 935 1885 At
947 1850 995 1884 al-

320 1911 437 1939 terum
447 1905 615 1939 Burman.
626 1905 811 1948 revocavit,
822 1904 900 1950 quia
909 1910 943 1938 et
953 1904 995 1938 A.

323 1957 355 1991 A
364 1983 373 2000 ,
387 1958 404 1992 I
416 1983 426 2000 ‚
441 1959 502 2004 293
513 1984 522 2001 ,
540 1958 876 2004 Cydoneoejuoencoe;
891 1957 996 1991 etiam

323 2008 488 2053 Virgilius
501 2035 510 2052 ,
531 2008 602 2043 Ecl.
619 2009 671 2052 X,
689 2012 740 2055 59.
759 2010 906 2043 Variant
921 2007 996 2042 Co-

323 2059 415 2094 dices
432 2061 468 2093 in
485 2060 551 2094 hoc
562 2060 717 2094 nomine.
735 2060 913 2094 Berkelius
924 2086 933 2103 ,
952 2059 996 2094 ad

324 2113 490 2159 Stephan.
500 2113 536 2147 in
546 2120 590 2148 Κυ
596 2117 700 2156 δ’ωνιά,
710 2113 784 2146 vult
795 2114 825 2146 C
816 2116 996 2158 ydoneus-

324 2178 385 2209 que
400 2177 471 2199 esse
486 2163 718 2198 scribendum.
733 2183 776 2190 —
789 2163 909 2198 Codex
923 2164 996 2198 Re-

323 2218 396 2262 gius
408 2224 527 2251 noster
536 2216 566 2250 A
579 2218 763 2262 Cydom'as,
779 2217 866 2251 sicut
877 2223 912 2250 et
922 2215 997 2250 Co-

325 2268 391 2302 dex
409 2268 458 2311 B,
484 2281 501 2302 a
522 2268 633 2313 prima
654 2280 761 2302 manu
781 2283 790 2310 ;
815 2275 849 2302 at
872 2280 996 2301 manus

324 2320 476 2355 secunda
493 2319 628 2354 literam
643 2320 704 2354 iin
720 2333 739 2354 e
754 2320 857 2354 vertit
875 2320 911 2353 in
930 2319 997 2354 hoc

328 2372 457 2407 Codice
471 2399 480 2416 ,
498 2380 533 2407 et
544 2373 689 2418 margini
704 2373 872 2417 inscripsit
887 2373 998 2419 Cydo-

325 2436 415 2457 neas.
434 2422 500 2457 Ed.
516 2442 558 2449 -
577 2425 726 2470 Cydonia
743 2436 810 2457 una
833 2437 873 2457 ex
890 2423 997 2457 tribus

327 2475 558 2509 celeberrimis
583 2474 698 2510 Cretae
718 2475 868 2509 urbibus.
891 2474 997 2508 Creta

327 2525 523 2560 abundabat
537 2527 682 2570 materia
695 2553 704 2570 ,
731 2526 824 2561 unde
847 2527 995 2571 sagittae,

327 2590 425 2613 arcus
435 2604 444 2622 ,
468 2578 637 2623 pharetrae
660 2579 915 2614 conficerentur
929 2605 937 2622 ,
963 2585 998 2612 et

330 2628 515 2664 Cretenses
553 2630 754 2665 excellentes
781 2630 997 2665 habebantur

327 2681 500 2726 sagittarii.
552 2691 555 2694 ·

374 2732 423 2767 23.
437 2734 598 2776 Europa-i.
612 2732 702 2767 Vide
719 2733 759 2767 ad
773 2746 910 2768 versum
925 2746 995 2768 120.

1060 919 1175 954 Amor
1195 920 1251 954 ille
1272 920 1395 967 Sryllae
1415 920 1563 965 injectus
1585 920 1732 956 traditur

1057 972 1110 1006 vel
1124 986 1143 1007 a
1154 974 1295 1008 Venere
1309 973 1486 1020 (Hyginus
1498 1000 1507 1017 ,
1519 974 1611 1009 dicto
1622 973 1728 1020 loco),

1058 1024 1110 1059 vel
1128 1038 1145 1059 a
1160 1026 1303 1060 Junone
1323 1039 1331 1060 :
1350 1026 1514 1071 Virgilius
1530 1053 1538 1066 ‚
1557 1025 1595 1060 in
1609 1025 1708 1061 Cirin
1720 1053 1730 1071 ,

1062 1076 1132 1110 133.
1146 1076 1251 1122 Apud
1263 1078 1433 1112 Nostrum
1444 1077 1615 1123 originem
1627 1077 1732 1112 babet

1057 1129 1136 1164 satis
1146 1130 1352 1164 naturalem.
1360 1149 1404 1156 --
1413 1131 1474 1164 Sat
1480 1137 1546 1171 est,
1558 1129 1731 1165 conducit.

1058 1182 1234 1215 —Faciem
1244 1188 1279 1216 et
1289 1181 1445 1216 habitum
1456 1181 1588 1217 Minois
1599 1188 1676 1227 apte
1687 1181 1729 1216 ad

1058 1234 1273 1278 propositum
1292 1233 1452 1268 describit
1462 1234 1497 1268 in
1511 1247 1584 1280 sqq.
1594 1253 1638 1262 —
1652 1236 1731 1270 Hac

1049 1285 1169 1328 judice
1192 1285 1280 1319 bene
1309 1284 1465 1319 additum
1482 1299 1491 1327 ;
1517 1298 1600 1320 nam
1619 1287 1730 1321 amori

1057 1335 1175 1370 omnia
1192 1336 1355 1370 videntur
1372 1336 1504 1372 eximia.
1521 1337 1574 1371 Ita
1592 1350 1644 1371 mc
1658 1337 1730 1381 ju—

1055 1387 1148 1426 dice,
1168 1386 1203 1420 11
1217 1412 1227 1429 ,
1245 1388 1318 1429 428.
1342 1387 1426 1421 Jam
1441 1399 1513 1432 seq.
1535 1387 1629 1422 locus
1645 1387 1727 1433 pul-

1055 1437 1139 1472 cher
1150 1464 1159 1481 ,
1180 1451 1356 1483 expressus
1373 1451 1391 1472 e
1411 1439 1550 1473 Tibullo
1563 1465 1572 1482 ,
1596 1439 1661 1484 IV,
1679 1451 1708 1475 11
1720 1466 1729 1483 ,

1058 1503 1146 1535 7—12
1164 1503 1172 1524 :
1187 1491 1286 1523 Illam
1299 1517 1307 1531 ,
1327 1492 1491 1535 quidquid
1502 1494 1590 1535 agit,
1607 1504 1732 1536 quoque

1054 1544 1197 1585 vestigia
1208 1545 1324 1582 movit,
1343 1543 1516 1586 Compom‘t
1518 1541 1639 1586 furtim
1650 1545 1732 1577 sub-

1056 1597 1261 1639 sequiturque
1279 1595 1398 1628 Decor.
1414 1594 1477 1629 Seu
1490 1596 1594 1629 solvit
1605 1597 1713 1630 crines
1722 1622 1731 1636 ,

1046 1646 1143 1690 fusis
1159 1647 1252 1680 decet
1263 1658 1336 1680 esse
1345 1648 1480 1690 capillis
1490 1672 1499 1687 ,
1515 1646 1578 1680 Seu
1592 1650 1713 1681 comsit
1721 1674 1731 1687 ,

1056 1699 1174 1730 comlis
1188 1702 1242 1730 est
1253 1698 1439 1731 veneranda
1450 1700 1563 1731 comis.
1580 1698 1664 1738 Urit,
1675 1709 1733 1732 sen

1063 1749 1165 1794 Tyria
1181 1750 1289 1782 voluit
1302 1750 1478 1792 procedere
1491 1750 1590 1791 palla
1607 1762 1616 1783 .-
1636 1750 1727 1790 Urit,

1056 1813 1115 1834 seu
1130 1804 1225 1834 nivea
1242 1802 1389 1835 candida
1405 1807 1494 1835 veste
1511 1802 1611 1835 venit.
1627 1799 1733 1835 Con-

1058 1852 1123 1894 fer,
1137 1851 1172 1886 Il
1184 1878 1193 1895 ,
1212 1851 1333 1886 Amor.
1346 1851 1399 1885 El.
1411 1863 1434 1886 v
1447 1877 1457 1895 ,
1475 1852 1528 1896 43.
1539 1851 1657 1886 Etiam
1669 1852 1736 1887 hoc

1058 1903 1134 1938 loco
1147 1909 1231 1948 quot
1248 1902 1360 1938 modis
1370 1902 1541 1938 variatum
1552 1903 1650 1947 illud,
1660 1905 1734 1938 for-

1058 1955 1187 1989 mosius
1198 1962 1280 1989 erat.
1296 1955 1342 1989 Et
1354 1961 1446 1989 totus
1460 1955 1624 1990 orationis
1640 1955 1734 1991 color

1058 2006 1243 2041 notandus.
1257 2025 1300 2031 —
1313 2007 1428 2040 Cristae
1443 2006 1654 2052 precipuum
1673 2019 1735 2052 ga-

1058 2059 1120 2093 leae
1148 2065 1406 2093 ornamentum.
1438 2059 1533 2094 Hinc
1561 2061 1732 2103 superbum

1058 2113 1233 2144 cristarum
1256 2112 1355 2144 decus
1373 2137 1383 2151 ,
1416 2109 1521 2146 Silius
1533 2135 1544 2153 ,
1574 2110 1610 2145 X
1621 2136 1631 2154 ,
1659 2110 1734 2158 399.

1060 2160 1147 2195 Erat
1158 2174 1230 2195 non
1240 2161 1354 2195 solum
1366 2174 1384 2196 e
1395 2161 1475 2196 setis
1484 2161 1619 2206 equinis
1629 2161 1732 2207 (XII,

1060 2215 1126 2257 88)
1138 2240 1148 2258 ,
1165 2214 1226 2249 sed
1241 2215 1347 2249 etiam
1361 2226 1401 2248 ex
1411 2218 1548 2258 pennis,
1564 2227 1641 2259 quae
1655 2214 1733 2260 pul—

1060 2265 1184 2300 chrum
1200 2267 1323 2300 Minoa
1338 2267 1447 2312 magis
1462 2266 1641 2301 decebant.
1659 2307 1663 2310 ⁴

1107 2318 1157 2352 26.
1166 2319 1247 2352 AEre
1255 2318 1411 2363 rescripsi
1420 2317 1620 2353 auctoritate
1627 2317 1734 2352 MSS.

1061 2369 1118 2414 qui
1130 2370 1200 2403 sere
1211 2382 1334 2404 omnes
1345 2370 1381 2404 in
1394 2370 1460 2404 hoc
1471 2369 1637 2404 vocabulo
1648 2381 1736 2403 con-

1060 2421 1202 2466 spirant
1216 2422 1262 2456 Et
1279 2434 1358 2455 mox
1373 2434 1472 2456 versu
1489 2421 1553 2464 32,
1578 2433 1651 2455 non
1670 2421 1736 2455 nisi

1062 2486 1149 2508 aerea
1162 2474 1255 2519 galea
1270 2473 1385 2507 Minoi
1396 2463 1580 2515 tribuitur,
1594 2479 1632 2507 ut
1643 2471 1735 2518 apud

1062 2525 1283 2567 Homerum,
1318 2524 1358 2559 Il.
1384 2523 1442 2567 K,
1467 2524 1533 2566 30,
1559 2523 1734 2558 Menelao.

1061 2577 1202 2611 Primus
1218 2577 1406 2611 Vaticanus
1422 2583 1457 2610 et
1473 2575 1543 2610 duo
1561 2575 1615 2610 alii
1627 2601 1637 2619 ,
1659 2588 1730 2616 ore,

1062 2629 1154 2675 quod
1166 2636 1282 2674 aperte
1295 2642 1335 2663 ex
1346 2642 1407 2663 oere
1417 2635 1544 2663 ortum.
1553 2628 1656 2663 Unus
1667 2627 1733 2663 Re-

1060 2683 1134 2727 gius
1150 2682 1289 2726 praesert
1306 2694 1387 2715 auro
1400 2708 1408 2721 ‚
1439 2679 1533 2726 quod
1553 2686 1730 2725 receptum

1062 2733 1103 2767 ab
1121 2733 1268 2768 Heinsio
1284 2732 1482 2778 propagavit
1496 2732 1729 2767 Burmannus.
