1820 3106
352 235 1053 282 METAMORPHOSEON
1084 238 1217 282 LIB.
1253 240 1345 283 IX.
1514 242 1571 302 93

134 351 159 373 »
184 329 362 379 Flemus
376 367 389 388 ,
412 330 504 378 ait?
518 316 671 396 ¹pellex
692 329 897 398 lacrymis
922 330 1144 380 laetabitur
1167 331 1266 380 istis
1289 352 1300 380 ε

137 429 162 451 »
184 408 296 472 Quae
306 407 516 474 quoniam
524 407 1087 476 adventat‚properandum
1103 409 1362 476 aliquidque
1373 411 1628 462 novandum
1646 426 1728 474 est,

137 505 161 528 >›
183 485 303 534 Dum
322 485 448 545 licet,
468 498 514 536 et
529 486 732 535 nondum
753 486 971 536 thalamos
991 499 1111 536 tenet
1133 487 1268 537 altera
1288 501 1485 539 nostros.
1511 505 1573 550 146

137 584 161 605 »
185 562 468 630 Conquerar,
491 583 546 613 an
572 564 723 614 sileam
739 567 759 613 Ρ
774 577 970 632 repetam
992 565 1220 632 Calydona
1236 603 1248 623 ‚
1267 569 1505 617 morerne?

134 660 160 682 »
181 640 404 690 Excedam
427 641 590 690 tectis?
614 662 668 691 an
683 680 695 700 ‚
722 642 760 691 si
782 642 896 691 nihil
919 642 1110 710 amplius
1126 681 1138 701 ‚
1167 643 1378 693 obstem?

134 739 158 760 »
186 718 338 783 Quid,
363 719 401 768 si
423 738 521 780 me,
545 721 768 785 Meleagre
784 759 796 780 ,
822 733 942 769 tuam
968 740 1136 769 memor
1159 741 1252 770 esse
1279 742 1502 784 sororem,

134 819 158 840 n
179 797 315 848 Forte
338 818 448 866 paro
473 799 670 858 facinus3
695 811 1000 867 quantumque
1022 800 1180 865 injuria
1207 803 1351 867 possit
1369 814 1398 862 ‚'

1509 820 1572 854 150

131 897 156 918 ι)
178 876 505 945 Femineusque
530 878 685 937 dolor,
704 878 907 944 jugulata
931 877 1088 946 pellice
1114 882 1290 929 testor?
1316 903 1339 924 »

129 954 343 1004 Incursus
368 956 541 1006 animus
559 957 707 1006 varios
731 956 868 1005 habet
891 977 901 1005 ε
927 956 1138 1005 omnibus
1162 956 1228 1005 illi

130 1030 340 1081 Praetulit
361 1033 581 1082 imbutam
604 1036 784 1083 Nessaeo
811 1036 1027 1098 sanguine
1051 1048 1218 1085 vestem

129 1109 313 1160 Mittere
329 1149 342 1170 ‚
372 1131 470 1178 quae
494 1112 608 1161 vires
632 1111 804 1161 defecto
829 1113 985 1162 reddat
1006 1114 1172 1172 amori;

129 1189 384 1257 Ignaroque
408 1190 581 1250 Lichae,
609 1191 719 1258 quid
741 1190 885 1241 tradat
907 1192 1076 1250 nescia,
1103 1191 1251 1241 luctus

129 1306 406 1340 iram—Deinde
418 1306 629 1353 pleonastice
646 1306 817 1343 additum.

130 1354 191 1390 Sic
206 1358 328 1392 deinde
344 1363 489 1403 postea,
506 1362 622 1405 itaque
636 1373 712 1405 ergo
729 1368 764 1395 et
781 1360 815 1394 id

131 1420 242 1453 genus
254 1409 329 1446 alia.
346 1412 441 1454 Quid
449 1418 560 1447 aulem
575 1413 719 1447 inservit
735 1427 817 1448 cor-

129 1462 279 1497 re'ctioni
287 1487 298 1507 ,
311 1465 397 1498 doch
407 1478 478 1499 vas
492 1468 590 1500 wez'ne
602 1466 680 1500 ich!
698 1467 818 1501 Hein-

128 1513 200 1548 sius
222 1513 319 1550 hunc
342 1515 460 1551 locum
483 1517 531 1552 ita
556 1518 792 1566 distinguebat
807 1534 815 1556 ε

127 1579 208 1602 mot
215 1593 226 1609 ,
237 1570 359 1603 deinde
366 1572 564 1615 quidautem
569 1574 694 1618 flemus
705 1576 725 1610 P
734 1574 816 1619 quia

126 1622 248 1656 deinde
255 1622 292 1657 in
302 1622 579 1671 interrogatione
591 1625 626 1660 id
638 1626 732 1672 quod
742 1633 816 1661 lan-

125 1675 262 1709 dem.-
270 1671 389 1712 Pelles
399 1679 560 1724 lacrymis
571 1685 636 1714 etc.
657 1680 738 1715 Hoc
755 1693 813 1715 ex-

125 1727 251 1772 pressit
266 1727 402 1764 Seneca
414 1756 424 1774 ,
443 1730 550 1766 Herc.
568 1732 644 1767 OEt.
665 1732 760 1778 1676.

174 1782 246 1824 145.
257 1782 432 1818 Adventat
440 1797 504 1830 pro
509 1786 665 1820 adveniet
674 1799 692 1821 e
704 1786 816 1822 tribus

125 1831 225 1868 dedit
240 1834 409 1871 Heinsius
421 1863 430 1880 ,
449 1850 557 1882 quem
571 1837 662 1872 vide.
673 1857 717 1864 —-
726 1839 816 1873 Ale·-

124 1888 419 1931 unmmndum,
438 1889 568 1935 aliquid
581 1890 815 1926 moliendum.

125 1956 170 1964 —
187 1940 372 1975 Thalamos
386 1946 476 1976 tenet
490 1946 623 1976 nostros
635 1968 644 1982 ‚
669 1955 734 1988 pro
756 1957 815 1978 me

125 1991 243 2026 uxoris
253 1992 332 2037 jure
344 1992 493 2036 sruitur3
511 1994 548 2029 ΙΙ
561 2020 570 2038 ‚
590 1995 654 2029 513
664 2022 673 2036 ‚
686 2009 751 2040 pro
764 2009 816 2031 me

125 2048 216 2080 tenet
229 2048 339 2081 altera
353 2048 480 2082 celum.
498 2047 541 2082 In
558 2047 612 2083 his
626 2051 735 2084 altera
752 2050 816 2084 in-

126 2097 259 2135 vidiose
277 2099 421 2136 dictum.

173 2152 247 2196 147.
267 2153 473 2198 Conquerar,
498 2168 544 2189 an
561 2158 691 2190 sileam.
714 2155 815 2200 Quid

128 2203 296 2238 moliatur
306 2205 434 2240 mulier
444 2206 577 2241 consilii
590 2208 691 2254 inops
705 2216 741 2243 et
756 2221 816 2244 so-

128 2255 187 2290 la?
203 2255 262 2291 Nil
273 2256 304 2291 ei
314 2258 388 2292 sere
398 2258 560 2293 relictum
572 2267 644 2304 est,
658 2261 723 2296 nisi
735 2275 815 2297 con-

125 2312 236 2354 queri,
249 2316 309 2344 aut
321 2316 462 2354 repetere
473 2310 618 2345 domum
631 2320 815 2358 paternam

128 2361 314 2407 (ultimum
323 2369 526 2397 vexatarum
537 2365 729 2411 conjugum
739 2380 816 2412 per-

125 2413 283 2461 fugium)
303 2422 363 2449 aut
377 2417 512 2450 obstare
526 2416 727 2462 aliquandiu
742 2419 816 2465 pel-

126 2467 193 2504 lici.
210 2467 266 2503 De
283 2467 336 2504 his
347 2481 431 2514 ergo
446 2482 565 2504 secum
584 2469 817 2506 deliberat.—

128 2521 189 2557 An
198 2548 206 2561 ‚
220 2525 274 2564 s1'‚·
286 2520 359 2556 haec
370 2521 475 2556 lectio
487 2535 559 2556 non
574 2522 640 2557 nisi
653 2523 688 2557 in
700 2524 816 2567 primo

128 2572 308 2617 Mediceo,
320 2573 477 2619 Spirensi
490 2581 525 2608 et
538 2574 647 2609 tribus
659 2575 731 2610 aliis
740 2589 816 2611 ser-

128 2631 207 2659 vata
225 2626 284 2669 (et
300 2625 337 2660 in
352 2633 475 2661 nostro
493 2627 605 2672 Regio
618 2627 648 2661 A
660 2625 695 2672 );
711 2628 815 2674 vulgo

128 2690 175 2712 an
187 2681 258 2721 se‘c‚·
272 2677 328 2712 alii
343 2680 402 2722 (et
418 2686 539 2714 noster
557 2678 688 2725 Regius
703 2679 756 2722 B)
772 2693 816 2714 ac

128 2733 192 2764 sic.
201 2748 244 2755 —
253 2730 295 2764 Se·
302 2733 391 2764 nihil
400 2734 546 2775 amplius
559 2731 710 2766 efficiam
720 2758 730 2775 ,
747 2732 817 2767 sal-

129 2789 203 2819 tem
219 2787 354 2819 obstem.
372 2784 459 2819 Mox
478 2792 598 2821 tamen
616 2786 731 2821 fratris
750 2799 816 2822 re-

1513 1210 1575 1244 155

884 1307 1041 1343 cordatio
1062 1308 1222 1342 animum
1242 1308 1273 1343 ei
1294 1308 1464 1344 audacem
1489 1310 1574 1345 red⁶

884 1360 935 1395 dit
947 1375 954 1403 ;
965 1361 1112 1395 virtutes
1125 1361 1221 1395 enim
1232 1361 1409 1410 majorum
1423 1369 1481 1397 aut
1493 1375 1575 1397 con-

878 1414 1156 1460 sanguineorum
1171 1427 1337 1459 magnam
1350 1414 1483 1450 hahent
1499 1416 1571 1449 vim.

879 1465 971 1511 apud
990 1466 1160 1501 animum.
1172 1486 1217 1493 —-
1229 1466 1284 1500 De
1301 1468 1474 1511 Meleagro
1492 1467 1570 1502 vide

879 1519 993 1562 VIII,
1012 1532 1076 1566 ²7⁰
1093 1533 1167 1565 sqq.
1184 1519 1303 1555 Etiam
1323 1519 1473 1554 Heroid.
1493 1520 1545 1555 IX
1560 1547 1570 1564 ,

882 1575 953 1607 151.
973 1573 1024 1607 Tu
1039 1586 1164 1618 quoque
1174 1585 1355 1617 cognosces
1367 1577 1403 1607 in
1414 1586 1480 1614 me,
1500 1574 1573 1607 lm·-

877 1627 989 1670 Ieagre
999 1653 1008 1670 ,
1019 1627 1363 1671 sororem.—Injur1‘a‚
1380 1640 1501 1661 sensus
1514 1627 1572 1660 in-

877 1678 979 1723 juriae
991 1681 1332 1724 acceptae.—Poss1·t‚
1351 1679 1463 1713 valeat
1478 1677 1571 1724 apud

881 1730 1241 1773 animum-Testor,
1265 1732 1393 1778 insigni
1413 1732 1574 1777 exemplo

878 1783 1070 1828 aequalibus
1086 1790 1122 1818 et
1140 1784 1286 1829 posteris
1305 1784 1465 1819 ostendo.

927 1838 999 1870 152.
1011 1838 1172 1872 Incursus
1185 1863 1192 1870 .
1206 1864 1212 1871 .
1224 1866 1231 1873 .
1244 1840 1366 1882 habel;
1378 1838 1490 1872 nostri
1499 1838 1575 1873 Re-

880 1889 945 1934 gii,
957 1890 998 1923 In
1011 1902 1145 1924 cursus.
1155 1917 1162 1924 .
1172 1917 1179 1924 .
1190 1893 1278 1932 abit,
1293 1891 1387 1935 quod
1402 1891 1573 1938 interpre-

880 1947 991 1984 tarer,
1007 1942 1043 1975 in
1058 1942 1210 1977 diversas
1223 1943 1453 1989 cogitationes
1468 1958 1475 1984 3
1489 1944 1572 1979 istos

879 2006 1001 2028 cursus
1021 1994 1130 2028 animi
1150 1999 1286 2034 διανοίας
1306 1994 1429 2030 dicunt
1447 1995 1573 2031 Graeci.

881 2045 952 2081 Sed
971 2046 1098 2081 melius
1115 2060 1156 2081 ex
1172 2047 1334 2082 Palatino
1348 2048 1473 2084 Heius.
1492 2049 1573 2083 lexit

880 2101 1045 2134 Incursus
1055 2102 1165 2135 babet.
1175 2101 1240 2135 Ed.
1251 2103 1463 2136 ——Jncursus
1475 2130 1484 2143 ‚
1502 2103 1573 2136 irn—

879 2160 990 2198 petus.
1010 2152 1162 2188 Animus
1181 2154 1258 2198 ejus
1285 2167 1382 2189 nunc
1406 2154 1475 2189 huc
1493 2156 1575 2189 fer-v

881 2212 952 2249 tur,
966 2218 1062 2240 nunc
1074 2206 1165 2240 illuc.
1178 2206 1356 2247 Tandem,
1367 2214 1503 2252 utsaepe
1519 2207 1571 2251 sit,

870 2260 995 2294 'nescia
1006 2259 1048 2294 ad
1063 2260 1395 2305 perniciosissimum
1410 2262 1573 2295 omnium

880 2310 1066 2345 consilium
1084 2311 1254 2347 defertur.
1271 2331 1315 2338 —
1337 2315 1501 2346 Omnibus
1520 2316 1579 2346 illi

880 2375 922 2397 ex
937 2364 1094 2398 secundo
1110 2364 1243 2399 Moreti
1262 2365 1392 2410 accepit
1406 2364 1574 2399 Heinsius

880 2431 945 2463 pro
972 2422 1125 2453 omnibus
1150 2422 1222 2452 illis
1249 2419 1342 2464 quod
1367 2419 1483 2452 caeteri
1508 2421 1575 2462 (et

881 2474 992 2508 nostri
1010 2474 1138 2519 Regii)
1155 2474 1296 2508 habent.
1320 2475 1494 2514 Omnibus,
1518 2474 1576 2508 in—

879 2525 1036 2560 cursibus
1050 2541 1058 2567 ;
1078 2529 1153 2566 illi,
1175 2525 1547 2570 Herculi—Defectus
1557 2554 1566 2569 ‚

882 2578 942 2622 qui
963 2577 1109 2621 defecit,
1129 2585 1168 2612 ut
1182 2578 1272 2612 XIII
1287 2605 1295 2621 ,
1316 2580 1390 2625 477.

930 2632 1001 2664 155.
1013 2632 1158 2674 Ignar05
1176 2630 1256 2665 vide
1274 2630 1315 2664 ad
1336 2631 1412 2674 Ill,
1426 2631 1574 2665 3.—L1·-

881 2684 972 2723 cha-5
998 2682 1041 2717 de
1064 2685 1234 2730 scriptura
1262 2684 1366 2730 hujus
1389 2686 1569 2728 nominis,

883 2734 978 2780 quod
994 2735 1051 2771 hic
1064 2736 1169 2783 vulgo
1187 2738 1312 2782 Lychoe
1324 2765 1332 2778 ,
1355 2737 1429 2773 haec
1449 2738 1575 2772 Hein-

881 2787 971 2823 sius:
986 2790 1101 2824 licha·
1113 2790 1239 2836 passim
1260 2791 1487 2826 scribendum
1502 2798 1575 2825 tam
