1820 3106
351 212 1053 263 METAMORPHOSEON
1086 214 1217 260 LIB.
1265 216 1379 263 XV.

1497 216 1585 280 527

158 313 267 378 Quo
290 311 421 361 simul
443 329 494 360 ac
517 308 678 367 casias,
702 320 748 358 et
770 308 898 358 nardi
919 307 1031 358 lenis
1051 309 1230 368 aristas,

162 390 426 455 Quassaque
446 404 546 435 cum
567 384 687 435 fulva
712 385 958 435 substravit
982 386 1182 436 cinnama
1201 386 1405 454 myrrha;

162 468 222 518 Se
245 484 378 534 super
397 463 614 532 imponit,
635 463 824 531 finitque
846 463 895 513 in
918 463 1133 514 odoribus
1154 483 1307 514 aevum.

1524 480 1595 527 400

162 545 272 596 Inde
290 544 465 604 ferunt,
488 542 676 593 totidem
704 543 783 611 qui
802 543 945 594 vivere
972 543 1130 592 debeat
1152 561 1314 603 annos,

161 625 362 693 Corpore
381 623 436 673 de
459 623 607 691 patrio
629 642 814 690 parvum
835 621 1047 672 Phoenica
1068 621 1250 671 renasci.

161 703 318 768 Quum
341 701 464 752 dedit
485 701 593 752 huic
616 713 721 752 aetas
742 702 857 751 vires
870 739 883 762 ‚

909 701 1120 768 onerique
1146 700 1328 750 ferendo
1349 713 1436 761 est,

159 782 445 833 Ponderibus
465 781 563 831 nidi
583 800 730 831 ramos
750 780 865 831 levat
888 779 1063 830 arboris
1085 779 1183 830 altae
1198 817 1211 839 ,

159 861 354 927 Fertque
376 859 480 927 pius
502 877 728 926 cunasque
754 876 856 907 suas
870 896 882 917 ,

905 857 1189 924 patriumque
1212 856 1462 924 sepulcrum
1476 896 1490 918 ,
1524 871 1591 919 405

158 937 332 1003 Perque
351 934 466 985 leves
491 954 619 986 auras
641 933 910 1003 Hyperionis
933 933 1046 982 urbe
1064 933 1238 1000 potitus
1253 971 1266 992 ‚

159 1013 279 1062 Ante
300 1012 418 1062 sores
442 1031 588 1062 sacras
609 1012 884 1080 Hyperionis
907 1011 998 1061 aede
1020 1010 1212 1078 reponit.

158 1124 479 1170 tribuiturpandum
486 1130 647 1166 rostrum,
664 1137 738 1160 non
755 1124 842 1160 item

159 1176 244 1213 aliti.
254 1177 374 1224 Vulgo
382 1179 465 1213 dum
473 1189 487 1221 ‚·
496 1176 560 1213 sed
572 1189 666 1212 unus
677 1176 819 1212 Ciofani
831 1202 841 1220 ,
856 1205 859 1208 Α

162 1228 302 1266 celest.
312 1228 535 1266 Francofurt.
549 1236 585 1265 et
594 1229 730 1265 Barthii
742 1229 842 1265 codd.

153 1293 260 1328 pro,
272 1281 367 1329 quod
381 1281 518 1317 adridet
527 1281 739 1317 Burmanno
750 1288 790 1316 ut
800 1282 844 1317 al-

157 1335 260 1379 ludat
270 1335 314 1370 ad
325 1347 571 1372 moremsssacra
579 1334 752 1379 faciendi,
767 1347 845 1380 quae

146 1383 153 1391 ¹
161 1387 295 1424 fiebant
302 1386 398 1434 puris
405 1387 724 1433 manibus—Regii
735 1387 850 1422 nostri

162 1441 268 1476 amhn
277 1440 364 1476 dant
374 1453 514 1486 quoque
520 1453 607 1486 puro
616 1467 625 1482 ‚
647 1439 742 1486 quod
751 1447 846 1476 recte

162 1500 284 1529 tuetur
291 1493 535 1535 ¹Burmannus.
550 1494 619 1528 Ed.
634 1510 678 1520 -
693 1493 846 1528 Lactan-

159 1546 232 1582 tius
241 1572 252 1590 ,
262 1559 310 1582 vs.
322 1559 379 1593 77:
390 1560 408 1576 «
418 1545 604 1581 construit
614 1544 696 1579 inde
709 1545 774 1585 sibi
783 1558 846 1579 seu

163 1613 184 1632 ι
196 1597 323 1634 nidum
332 1598 403 1633 nive
413 1597 628 1644 sepulcrum,
642 1612 660 1628 n
670 1604 707 1632 et
717 1596 845 1632 deinde

161 1651 271 1687 iidem
285 1650 411 1686 odores
420 1656 749 1686 commemorantur
759 1676 770 1694 ‚
785 1649 847 1695 qui

156 1702 241 1747 iliez
261 1704 419 1740 Plinius:
435 1717 456 1735 α
472 1702 726 1739 senescentem
748 1702 847 1737 casia

163 1770 182 1788 ι·
200 1757 358 1803 turisque
390 1755 535 1792 surculis
557 1762 762 1791 construere
782 1754 847 1789 ni—

163 1822 184 1840 »
199 1808 288 1845 dum
301 1835 312 1851 ,
330 1809 470 1855 replere
485 1807 651 1843 odoribus
672 1814 707 1842 et
724 1820 850 1852 super-

165 1875 184 1893 »
200 1862 323 1897 emori.
337 1876 357 1893 π
369 1879 413 1893 -ι-
427 1863 532 1897 Casia
540 1861 609 1896 fuit
619 1861 713 1896 inter
723 1861 848 1896 herbas

162 1921 200 1950 et
214 1913 320 1950 flores
340 1914 540 1950 coronat-ios
551 1940 562 1959 ,
583 1913 778 1961 thymelaeae
793 1914 848 1948 si-

165 1968 282 2010 milis;
302 1967 381 2002 vide
402 1967 547 2002 Martin.
567 1966 610 2001 ad
632 1967 822 2012 Virgilium
835 1991 845 2010 ,

165 2019 296 2066 Georg.
308 2020 344 2055 11
355 2045 366 2064 ,
387 2020 659 2059 ana—Nemus,
674 2018 812 2063 frutex,
828 2031 846 2052 e

165 2072 369 2119 cujussoliis
380 2098 390 2117 ,
407 2071 507 2118 spicis
517 2079 551 2107 et
562 2072 676 2107 radice
692 2085 848 2118 unguen-

167 2134 202 2163 ta
223 2127 468 2174 pretiosissima
490 2127 722 2163 confecerunt
743 2134 849 2162 vete·-

165 2193 240 2225 res,
254 2193 331 2226 quae
350 2180 392 2215 ab
408 2179 510 2216 Indis
521 2180 557 2215 in
575 2180 715 2227 Syriam
732 2187 768 2214 et
783 2180 849 2214 in—

164 2233 210 2268 de
221 2234 259 2269 in
278 2233 458 2279 Europam
471 2232 630 2274 advecta;
649 2231 727 2267 vide
743 2232 850 2268 Celsii

166 2285 354 2321 Hierobot.
372 2292 457 2320 tom.
479 2285 513 2320 ll
528 2312 538 2329 ,
557 2298 631 2331 pag.
653 2298 664 2319 ι
681 2299 763 2320 3.-
777 2287 849 2320 Pro

163 2341 251 2373 lenis
266 2337 433 2384 permulti
449 2337 547 2372 MSS
561 2337 623 2383 (et
634 2337 763 2384 Regius
782 2351 850 2372 no-

164 2397 238 2426 ster
258 2392 290 2426 A
308 2389 325 2436 )
349 2393 461 2429 laris,
490 2389 525 2423 id
553 2397 623 2433 est,
645 2390 701 2425 cui
721 2391 850 2436 lanugo

165 2445 293 2480 subest.
308 2444 464 2480 Lactant.
484 2456 572 2479 vers.
590 2444 632 2478 86
646 2457 654 2478 :
669 2459 686 2474 κ
706 2446 772 2480 His
788 2445 852 2480 ad-

166 2495 221 2531 dit
235 2503 375 2531 teneras
389 2495 491 2530 nardi
514 2495 675 2541 pubentis
691 2498 818 2531 aristas.
832 2512 850 2528 »

168 2547 290 2584 Glossa
306 2548 539 2583 interlinearis
556 2548 695 2583 alterius
712 2548 851 2584 Ersord.

169 2602 210 2634 td
217 2606 271 2634 est
281 2603 460 2635 redolentis
471 2613 482 2634 .·
496 2600 578 2635 hinc
588 2600 756 2634 Heinsius
765 2613 852 2635 con—

168 2653 243 2699 jicit
253 2656 355 2688 nardi
359 2654 622 2689 halanttk.—-De
633 2655 766 2700 myrrha
772 2653 852 2688 vide

168 2707 216 2742 ad
229 2707 282 2751 Χ,
299 2709 374 2742 500.
389 2726 433 2733 —
448 2708 556 2742 Fulvo
567 2733 577 2747 ‚
605 2707 685 2752 quia
709 2706 855 2755 myrrha

172 2759 451 2804 praestantissima
482 2759 586 2794 talem
614 2759 724 2794 refert
751 2758 854 2793 colo-

907 1136 984 1160 rem
999 1151 1008 1170 ,
1033 1124 1129 1160 unde
1148 1126 1319 1172 myrrheus
1346 1136 1411 1171 pro
1431 1150 1441 1169 ‚
1474 1124 1595 1161 ssavus.

907 1177 1064 1214 Broukh.
1076 1177 1120 1213 ad
1130 1177 1294 1224 Propert.
1304 1177 1361 1213 111
1370 1204 1380 1222 ,
1390 1187 1464 1212 vlu
1474 1203 1484 1222 ,
1499 1192 1597 1213 22.—

909 1231 984 1266 Pro
999 1243 1127 1275 quassa
1140 1229 1291 1265 Heinsio
1307 1229 1420 1275 placet
1433 1242 1475 1265 ex
1486 1229 1596 1265 altero

910 1283 1041 1319 Hamb.
1057 1296 1177 1326 cassa,
1205 1290 1245 1319 ut
1258 1284 1524 1329 ξυλοκιννάμωμεν
1539 1284 1599 1319 in-

910 1335 1108 1382 telligatur,
1131 1337 1225 1383 quod
1245 1338 1398 1373 maximo
1422 1338 1459 1372 in
1483 1338 1598 1384 pretio

908 1388 1030 1434 fuerit,
1043 1396 1162 1425 cortex
1171 1389 1399 1425 cinnamomo
1410 1389 1452 1424 de
1458 1397 1597 1429 tractus.

953 1444 1030 1487 401.
1056 1444 1141 1478 Inde
1154 1442 1275 1487 serunt
1287 1471 1296 1479 .
1312 1469 1321 1478 .
1338 1470 1345 1478 .
1362 1447 1502 1479 renasci.
1524 1445 1597 1480 Pro

908 1496 1038 1535 where,
1068 1493 1236 1530 Barthius
1253 1507 1294 1529 ex
1311 1494 1448 1530 duobus
1465 1508 1599 1542 perve—

909 1545 1009 1581 tustis
1025 1545 1108 1592 legit
1120 1549 1261 1582 vincere.
1271 1547 1406 1583 Plinius
1420 1561 1429 1583 t
1442 1563 1461 1579 ιι
1476 1548 1528 1583 Ex
1540 1561 1597 1584 os-

912 1611 930 1629 »
947 1598 1040 1634 sibus
1047 1598 1176 1634 deinde
1191 1606 1227 1634 et
1241 1599 1403 1635 medullis
1412 1600 1489 1646 ejus
1503 1601 1597 1636 nasci

912 1665 930 1681 n
947 1651 1064 1696 primo
1073 1664 1139 1687 ceu
1149 1651 1382 1688 vermiculum
1393 1678 1404 1697 ,
1423 1652 1505 1688 inde
1519 1652 1598 1688 fieri

911 1716 931 1734 u
949 1703 1096 1749 pullum.
1117 1719 1136 1735 >v
1162 1704 1370 1740 Secundum
1401 1705 1485 1740 alios
1517 1704 1598 1740 solis

909 1757 1014 1791 radiis
1024 1757 1261 1802 comburitur,
1272 1765 1376 1803 atque
1389 1771 1409 1792 e
1420 1757 1598 1793 cineribus

911 1809 1029 1855 prodit
1045 1823 1136 1844 nova
1153 1810 1223 1844 avis
1234 1836 1244 1853 ‚
1263 1822 1341 1855 quae
1353 1823 1461 1844 ovum
1477 1810 1561 1846 facit
1577 1824 1597 1845 e

913 1863 1058 1911 myrrha
1071 1877 1080 1904 ς
1098 1863 1146 1898 illi
1161 1871 1322 1898 excavato
1334 1862 1425 1898 indit
1435 1862 1598 1909 reliquias

911 1924 1073 1962 paternas
1089 1928 1215 1961 easque
1234 1915 1351 1950 defert
1366 1916 1403 1950 in
1422 1915 1596 1962 templum

913 1966 1439 2013 Heliopolitarum.——Heinsius
1455 1980 1599 2002 versum

912 2021 978 2063 404
995 2019 1233 2054 adulterinum
1257 2019 1424 2065 putabat,
1451 2019 1545 2054 forte
1563 2027 1600 2055 et

912 2082 982 2110 tres
995 2075 1311 2120 sequentes.-·Pro
1326 2076 1406 2108 alta·
1420 2075 1600 2110 Burman·

913 2139 980 2162 nus
991 2127 1114 2162 suadet
1122 2130 1220 2162 almoe
1234 2153 1243 2168 ‚
1259 2139 1336 2171 quae
1349 2126 1444 2172 qnasi
1463 2127 1547 2161 aluit
1565 2133 1601 2162 et

914 2179 1032 2214 eduxit
1059 2179 1265 2214 Phoenicem
1282 2194 1290 2221 ;
1317 2180 1495 2225 ingeniose
1520 2179 1601 2224 qui-

915 2232 1011 2276 dem,
1022 2231 1082 2267 sed
1094 2233 1216 2267 dubito
1226 2245 1270 2267 an
1283 2240 1318 2268 et
1330 2245 1410 2267 vere
1422 2246 1430 2267 :
1440 2233 1600 2268 Lactant.

914 2299 1000 2322 vers.
1020 2286 1063 2333 39
1079 2299 1087 2320 ε
1106 2300 1123 2315 «
1144 2285 1306 2320 Considit
1322 2286 1359 2320 in
1375 2285 1508 2320 arboris
1524 2285 1601 2320 altae

916 2355 933 2370 ›·
954 2340 1096 2380 Vertice
1110 2353 1119 2379 ς
1134 2354 1150 2368 »
1173 2345 1210 2373 et
1225 2339 1350 2386 vs.69‚
1371 2353 1388 2368 «ε
1401 2338 1497 2373 Tum
1516 2338 1601 2384 legit

917 2406 934 2423 n
952 2392 1047 2426 aerio
1057 2391 1245 2426 sublimem
1257 2391 1386 2426 vertice
1405 2391 1568 2436 palmam.
1581 2403 1600 2421 ι»

959 2444 1034 2488 406.
1051 2446 1254 2491 Hypert’onzlr
1269 2445 1365 2483 urbs,
1386 2442 1601 2488 Heliopolis,

915 2495 952 2530 in
969 2495 1130 2530 confiniis
1144 2495 1288 2543 AEgypti
1306 2502 1342 2530 et
1357 2494 1494 2530 Arabiae
1507 2521 1516 2538 ,
1535 2493 1603 2528 ho-

916 2548 972 2581 die
984 2548 1247 2582 Balbek.—Pro
1257 2549 1328 2581 oede
1342 2550 1471 2590 reponit
1479 2574 1487 2586 ,
1505 2545 1601 2592 quod

917 2599 1139 2633 manifestam
1148 2597 1462 2633 contradictionem
1472 2598 1601 2633 habere

919 2652 1000 2687 dicit
1013 2664 1093 2687 cum
1113 2652 1226 2686 verbis
1243 2651 1424 2696 anteferes
1435 2677 1444 2691 ,
1466 2650 1602 2696 Schep-

918 2717 1022 2750 perus
1054 2705 1194 2750 corrigit
1226 2706 1306 2738 urbe
1332 2706 1470 2749 reponit.
1498 2703 1603 2738 Unus

919 2757 1102 2794 Leidensis
1118 2764 1154 2793 et
1170 2757 1293 2805 Thysii
1309 2760 1406 2799 orbe,
1425 2763 1465 2791 ut
1482 2755 1603 2801 globus
