1820 3106
296 237 983 287 METAMORPHOSEON
1021 242 1153 285 LIB.
1195 242 1352 285 XIII.

1448 241 1532 302 373

116 336 264 401 Quam
285 336 395 387 mihi
414 335 640 385 mandarat
663 334 908 382 communis
936 334 1123 392 Graecia,
1150 353 1347 393 causam;

117 414 380 480 Accusoque
401 413 533 461 Parin
548 449 561 471 ‚
579 412 858 479 praedamque
871 450 882 469 ‚
911 411 1212 478 Helenamque
1227 426 1438 479 reposco;
1473 439 1538 462 200

118 491 180 538 Et
199 505 352 539 moveo
377 489 625 549 Priamum,
651 490 916 556 Priamoque
940 491 1170 538 Antenora
1189 489 1403 555 junctum.

117 567 182 616 At
203 567 352 638 Paris„-
371 567 588 616 et'sratres
603 604 616 626 ,
643 579 687 615 et
705 567 780 634 qui
802 586 983 634 rapuere
1009 567 1092 616 sub
1115 567 1215 624 illo,

116 645 205 695 Vix
227 658 405 695 tenuere
428 665 582 695 manus
598 684 610 705 ‚
636 646 721 694 scis
742 646 831 694 hoc
847 684 859 704 ‚
883 646 1106 705 Menelae‚
1129 648 1365 707 nefandas;

118 721 353 790 Primaque
373 721 450 772 lux
474 724 615 772 nostri
639 735 782 772 tecum
806 723 892 771 fuit
911 722 986 771 illa
1006 722 1172 789 pericli.

115 799 272 861 Longa
292 799 452 848 referre
479 819 601 848 mora
623 811 690 848 est
704 837 715 857 ‚
745 817 839 866 quae
862 798 1136 865 consilioque
1151 837 1163 859 ,
1187 819 1407 867 manuque
1473 815 1538 850 ηοξ)

115 876 298 927 Utiliter
319 877 402 926 feci
424 878 608 944 spatiosi
634 890 828 944 tempore
848 876 970 926 belli.

117 953 229 1003 Post
251 954 366 1003 acies
387 955 552 1021 primas
568 991 580 1013 ,
605 954 732 1003 urbis
755 973 799 1002 se
823 953 1042 1002 moenibus
1065 954 1218 1004 hostes

120 1030 390 1080 continuere
414 1031 518 1088 diu;
543 1049 623 1078 nec
648 1030 790 1097 aperti
812 1031 938 1097 copia
962 1032 1122 1080 Martis

119 1106 225 1157 Ulla
243 1106 330 1156 fuit
351 1127 362 1156 :
386 1107 556 1156 decimo
579 1107 751 1155 demum
775 1107 1068 1174 pugnavimus
1091 1127 1223 1157 anno.

122 1186 250 1252 Quid
270 1186 378 1234 facis
397 1186 588 1244 interea,
614 1185 691 1252 qui
714 1184 803 1241 nil,
827 1185 912 1233 nisi
929 1185 1103 1251 praelia,
1127 1186 1282 1235 nosti?

1479 1201 1542 1236 2'10

122 1264 239 1328 Quis
262 1275 366 1312 tuus
390 1283 498 1312 usus
520 1265 645 1312 erat?
665 1282 767 1311 nam
790 1263 827 1311 si
849 1282 941 1311 mea
965 1263 1076 1311 facta
1101 1264 1288 1330 requiris
1302 1303 1312 1323 ‚

123 1341 345 1390 Hostibus
365 1341 553 1390 insidior
575 1361 584 1388 :
609 1341 750 1390 fossas
771 1340 1013 1389 munimine
1036 1340 1192 1404 cingo:

124 1416 349 1466 Consolor
370 1417 538 1474 socios,
563 1429 616 1465 ut
638 1415 761 1479 longi
785 1415 910 1465 taedia
929 1415 1035 1464 belli

124 1495 278 1543 Mente
297 1493 440 1543 ferant
463 1493 634 1561 placida
652 1513 662 1540 ε
687 1493 822 1541 doceo
835 1530 847 1550 ‚
873 1512 962 1559 quo
983 1493 1121 1542 simus
1139 1492 1309 1553 alendi,

122 1571 387 1629 Armandive
409 1571 545 1620 modo
567 1590 577 1619 :
597 1570 767 1629 mittor,
793 1590 882 1636 quo
909 1570 1108 1637 postulat
1128 1590 1248 1620 usus.

1480 1588 1543 1623 215

122 1647 236 1696 Ecce
259 1647 288 1695 J
293 1647 388 1696 ovis
402 1647 577 1696 monitu
590 1684 603 1705 ‚
629 1647 838 1713 deceptus
860 1646 1049 1710 imagine
1071 1647 1242 1706 somni,

125 1761 222 1809 Quia
232 1763 337 1800 urbes
345 1762 507 1809 capitales
517 1762 600 1797 olim
609 1762 801 1798 securitatis

123 1828 227 1851 causa
249 1815 287 1850 in
311 1815 490 1850 montibus
517 1814 679 1850 aedificari
704 1814 803 1849 sole-

122 1867 209 1903 bant
219 1892 230 1910 ,
244 1866 327 1901 binc
341 1870 416 1901 alta
428 1869 507 1901 urbs
517 1893 527 1907 ,
546 1879 672 1912 magna
685 1892 694 1909 ,
712 1867 803 1901 bene

126 1919 262 1953 munita
275 1932 285 1960 ς
297 1917 375 1953 vide
387 1918 492 1953 Fabri
507 1918 782 1964 Archaeologiam
792 1945 802 1962 ,

127 1984 205 2017 pag.
218 1984 292 2018 272.
303 1970 453 2005 Lenzius
466 1984 550 2006 vero
566 1971 600 2006 h.
614 1971 635 2006 l.
652 1985 724 2006 non
739 1972 805 2006 nisi

128 2021 305 2068 acropolin
316 2021 485 2068 intelligit.
498 2021 550 2058 lbi
560 2049 570 2066 ,
581 2030 662 2058 ante
672 2022 805 2058 Priami

130 2074 235 2118 aedes,
243 2074 430 2110 conciones
438 2074 516 2110 fieri
525 2075 681 2110 solebant
692 2090 701 2118 ;
714 2076 752 2110 ll.
762 2082 786 2111 11
795 2101 805 2120 ,

130 2127 207 2171 345.
221 2126 316 2162 Eum
329 2126 446 2163 locum
459 2127 588 2163 Noster
602 2131 728 2162 curiam
743 2140 809 2162 vo-

131 2186 187 2214 cat
209 2191 251 2213 ex
272 2191 338 2215 usu
359 2192 519 2214 romano.
548 2180 605 2215 De
636 2180 808 2226 legatione

133 2237 253 2266 autem
267 2230 325 2266 illa
340 2230 462 2266 confer
475 2237 511 2266 et
523 2230 680 2266 Carmen
700 2230 810 2279 Cypr.

133 2287 342 2321 —Proedam
357 2311 367 2327 ,
400 2298 481 2332 opes
499 2311 509 2329 ,
531 2298 620 2330 quas
638 2299 710 2323 una
729 2299 813 2322 cum

140 2338 280 2374 Helena
290 2336 481 2373 abduxerat
492 2338 590 2373 Paris
602 2352 612 2380 ;
628 2338 668 2374 11.
684 2345 726 2383 R,
737 2339 813 2375 363.

140 2409 184 2419 -
197 2391 369 2431 Antenor,
391 2390 533 2426 Priamo
554 2390 721 2427 affinitate
727 2393 816 2436 jun-

140 2450 216 2479 ctus
231 2455 354 2489 pacem
368 2443 496 2485 suasit;
514 2443 678 2478 Hom211.
689 2449 714 2479 n
723 2469 733 2488 ,
751 2445 817 2488 348

141 2509 217 2541 sqq.
231 2496 322 2532 Eam
335 2496 380 2532 ob
395 2509 534 2531 causam
548 2507 654 2530 omne
669 2495 725 2540 ius
737 2495 819 2531 belli

145 2547 189 2582 ab
204 2559 247 2582 eo
262 2547 463 2583 abstinuisse
480 2547 630 2584 Achivos
646 2555 821 2585 memorat

147 2598 223 2634 Liv.
234 2600 269 2643 Ι,
286 2612 357 2633 1.—
362 2602 432 2644 Qui
441 2613 577 2645 rapuere
585 2602 648 2634 sub
661 2602 739 2641 illo,
755 2601 820 2635 mi-

141 2651 242 2687 nistri
251 2677 262 2694 ,
274 2652 333 2696 qui
344 2652 402 2687 illo
412 2651 500 2687 duce
512 2651 690 2686 Helenam
703 2665 822 2698 rapue-

141 2715 192 2738 re.
200 2721 244 2730 -·
256 2704 416 2745 Tenuere,
438 2704 628 2739 retinuere.
637 2722 681 2729 —
691 2704 824 2748 Nefan-

147 2756 223 2799 das,
237 2754 318 2800 quia
331 2754 451 2801 legatis
464 2755 741 2793 intentabantur·

912 1774 987 1796 210.
1014 1762 1214 1806 Quzidsacis
1235 1765 1362 1798 interca
1382 1770 1446 1800 ete.
1472 1764 1546 1800 Se-

867 1815 1011 1860 quentia
1025 1816 1187 1860 praeclare
1204 1816 1418 1860 ostendunt,
1433 1830 1548 1863 quan-

868 1873 946 1900 tum
961 1866 1073 1901 valeat
1087 1867 1124 1900 in
1142 1867 1233 1901 bello
1251 1868 1436 1902 consilium
1447 1895 1457 1912 ,
1482 1880 1548 1904 nee

868 1932 994 1965 parum
1020 1927 1187 1965 premunt
1216 1921 1372 1965 Ajacem.
1400 1921 1549 1957 Putidus

870 1971 908 2005 iu
925 1971 992 2006 hoc
1007 1979 1215 2016 argumento
1229 1979 1282 2007 est
1298 1974 1441 2021 Ulysses
1457 1975 1550 2020 apud

874 2023 1001 2068 Quint.
1020 2023 1096 2059 Cal.
1111 2037 1158 2059 vs.
1177 2025 1240 2060 238
1250 2038 1335 2071 sqq,
1355 2026 1414 2060 ubi
1427 2052 1436 2069 ,
1456 2034 1551 2061 tam-

873 2089 979 2121 quam
992 2076 1028 2110 in
1040 2075 1155 2110 schola
1164 2084 1362 2112 versaretur
1371 2104 1381 2121 ‚
1395 2078 1552 2123 plurimis

873 2129 1037 2175 exemplis
1045 2136 1079 2164 et
1090 2130 1282 2166 rationibus
1289 2131 1391 2166 docet
1400 2158 1409 2175 ,
1423 2139 1553 2177 quanta

874 2181 918 2217 sit
932 2182 982 2216 vis
996 2182 1206 2226 eloquentiae
1217 2189 1254 2218 et
1268 2182 1455 2228 sapientiae.
1465 2202 1509 2209 —
1518 2185 1559 2218 Se·

875 2232 1058 2277 measacta
1073 2238 1233 2279 requiris-5
1254 2234 1398 2269 Juuian.
1415 2242 1450 2269 et
1467 2235 1556 2270 Lei-

877 2285 993 2322 densis
1007 2289 1172 2331 requiras,
1197 2286 1365 2332 probante
1378 2287 1559 2322 Burman-

878 2350 950 2379 1¹03
967 2337 1103 2373 codices
1118 2338 1222 2384 Regii
1235 2342 1434 2383 rcquinlr.—
1444 2340 1559 2373 ,Muni-

879 2403 954 2426 men
970 2390 1055 2425 illud
1066 2417 1077 2435 ‚
1101 2392 1233 2441 ἆλεωρὴν
1248 2418 1257 2434 ,
1282 2391 1445 2426 describit
1473 2392 1560 2426 Ho-

881 2455 1000 2478 merus
1010 2469 1019 2487 ,
1036 2443 1075 2478 ll.
1090 2450 1121 2479 M
1132 2469 1142 2485 ‚
1161 2445 1285 2490 52-57.
1298 2443 1441 2478 Fossam
1455 2442 1560 2478 latam

882 2496 1062 2541 utrimque
1080 2495 1266 2541 cingebant
1282 2495 1467 2540 praecipitia
1491 2495 1562 2530 de—

884 2547 982 2584 clivia
992 2553 1135 2595 ,κρημνοὶ
1146 2549 1300 2593 ε’κηρεφέες
1311 2572 1321 2588 ,
1329 2546 1478 2591 desuper
1485 2547 1564 2582 valli

887 2598 977 2636 acuti
989 2623 999 2641 ‚
1010 2600 1145 2636 σκόλοπες
1156 2598 1232 2641 ὅξεῖς
1241 2623 1250 2640 ,
1259 2596 1361 2631 defixi
1371 2605 1481 2633 erant.
1491 2598 1563 2634 Sed

887 2651 944 2685 illa
966 2663 1052 2695 opus
1078 2649 1210 2696 Ulyssis
1225 2649 1330 2686 fuisse
1348 2676 1359 2694 ‚
1385 2651 1567 2687 Homerus

893 2716 966 2740 non
987 2703 1080 2738 dicit.

935 2756 1011 2791 216.
1026 2757 1119 2791 Ecce
1125 2756 1223 2792 Joeis
1234 2760 1360 2792 monitu
1374 2764 1438 2793 etc.
1452 2758 1570 2793 Hein-
