1820 3106
280 244 366 285 510

649 242 702 284 P.
743 241 981 285 OVIDII
1009 238 1310 284 NASONIS

278 336 525 385 Exturbare
548 334 740 392 animas;
766 353 850 382 nec
872 333 1081 395 sanguine
1105 332 1283 395 sanguis
1305 331 1456 381 alatur.

1630 350 1691 396 ¹75

345 434 369 455 »
395 413 456 459 Et
479 411 687 478 quoniam
711 430 872 474 magno
894 410 1009 458 seror
1030 418 1229 476 aequore,
1253 408 1470 475 plenaque
1491 411 1633 488 ventis

276 487 382 536 Vela
408 487 540 544 dedi3
561 486 673 535 nihil
697 498 791 544 est,
817 497 914 534 toto
937 485 1059 551 quod
1082 495 1249 551 perstet
1272 483 1318 532 in
1341 484 1478 533 orbe.
1675 486 1683 497 ²

278 567 445 615 Cuncta
467 566 634 622 fluunt,
660 565 890 630 omnisque
913 582 1073 626 vagans
1095 562 1343 611 formatur'
1331 581 1489 626 lmago.

275 647 379 711 Ipsa
404 663 580 711 quoque
602 643 787 692 adsiduo
811 640 1026 693 labuntur
1047 652 1246 706 tempora
1266 653 1414 699 motu,

278 723 382 769 Non
405 740 527 769 secus
551 740 598 768 ac
619 719 783 767 flumen
801 737 812 766 ε
832 736 976 783 neque
1001 717 1115 765 enim
1139 716 1375 765 consistere
1397 717 1585 775 flumen,
1635 733 1697 767 180

278 798 369 844 Nec
393 795 499 843 levis
523 796 633 842 hora
653 805 828 860 potest3
855 793 931 841 sed
955 804 1005 840 ut
1031 792 1147 840 unda
1171 791 1414 858 impellitur
1435 793 1576 852 unda‚

280 875 560 940 Urgeturque
582 870 706 936 prior
731 869 956 928 veniente,
983 880 1197 934 urgetque
1222 869 1413 934 priorem
1433 882 1453 927 ;’

279 952 498 1016 Tempora
522 949 584 997 sic
608 949 788 1011 fugiunt
809 947 1002 1014 pariter,
1025 946 1275 1014 pariterque
1300 957 1581 1014 sequuntur,⁴
1613 943 1618 948 ¹

280 1099 352 1121 non
368 1084 524 1130 urgenda
539 1083 643 1118 nimis
659 1083 959 1121 est.—Exlurbaa-

280 1145 342 1177 tur,
365 1137 423 1181 qui
437 1149 455 1170 e
472 1134 553 1169 sede
569 1147 629 1168 sua
642 1133 839 1178 ejiciuntur.

328 1190 399 1232 176.
424 1189 471 1221 Et
486 1190 639 1231 quoniam
659 1198 779 1229 magno
795 1192 860 1219 etc.
877 1185 959 1227 Νο-

282 1253 365 1275 vum
382 1239 509 1284 dogma
525 1264 534 1279 ‚
562 1237 617 1272 cui
641 1249 758 1271 ansam
784 1235 959 1271 dederunt

282 1291 467 1337 superiora.
487 1290 517 1323 A
538 1289 744 1334 migratione
761 1288 958 1322 animarum

282 1343 394 1389 pergit
410 1341 453 1376 ad
472 1341 705 1375 mutationem
725 1340 886 1373 omnium
901 1352 959 1373 re-

282 1408 378 1437 rum,
393 1400 599 1438 motumque
610 1398 829 1437 perpetuum.
839 1393 960 1436 Itaq'ue

283 1448 425 1492 exponit
440 1446 482 1480 de
502 1452 659 1490 tempore
675 1458 762 1479 vers.
786 1446 936 1492 179—185
951 1458 960 1486 3

284 1500 327 1533 de
339 1498 411 1533 caeli
423 1497 674 1531 mutationibus
685 1509 771 1530 vers.
788 1496 939 1542 186-198
952 1509 960 1536 ;

285 1553 327 1587 de
341 1559 491 1597 quatuor
506 1550 587 1584 anni
602 1549 754 1594 partibus
768 1561 854 1583 vers.
874 1561 962 1595 199-

285 1604 378 1644 213,
370 1617 376 1625 ·
411 1602 454 1636 de
485 1601 672 1636 hominum
701 1600 911 1645 corporibus
928 1606 963 1633 et

285 1630 462 1698 aetatibus,
488 1654 665 1698 214-236;
692 1653 735 1687 de
760 1653 961 1694 elementis,

286 1710 419 1756 origine
433 1716 467 1743 et
477 1707 671 1742 mutatione
681 1714 851 1741 terrarum
864 1706 965 1749 ,237-

286 1775 370 1806 272;
384 1761 427 1795 de
438 1759 689 1795 mutationibus
699 1758 875 1792 variorum
885 1768 966 1792 cor-

287 1826 414 1859 porum
424 1811 661 1854 terrestrium,
675 1811 843 1856 273—4303
856 1809 917 1843 de
908 1821 967 1842 ιιι-

287 1863 475 1900 crementis
485 1861 612 1897 futuris
622 1861 766 1897 civitatis
777 1861 946 1895 Romanae
954 1886 963 1903 ,

289 1917 455 1960 431-452.
491 1913 597 1949 Redit
617 1926 661 1948 eo
676 1940 685 1956 ,
710 1912 805 1947 unde
827 1925 966 1947 exorsus

289 1976 365 2004 erat
378 1962 390 2011 ,’
407 1967 449 2001 ad
467 1978 566 2001 esum
584 1965 743 2000 carnium
755 1992 765 2009 ‚
783 1965 966 2000 mactatio-

289 2032 442 2063 nemque
461 2017 675 2052 animalium.
694 2019 744 2051 Et
765 2020 948 2062 quoniam«
960 2041 968 2050 .

290 2074 366 2105 vela
376 2072 470 2111 dedi,
485 2069 651 2114 quoniam
663 2069 837 2113 copiosam
849 2067 969 2113 dispu-

292 2121 389 2157 tandi
402 2121 583 2156 materiam
595 2127 741 2155 tractare
753 2119 839 2165 coepi
849 2145 859 2162 ‚
870 2119 969 2153 liber-

291 2175 449 2218 timeque
475 2179 608 2218 partem
633 2173 708 2216 ejus
733 2172 969 2207 absconditam

294 2225 453 2271 exposui,
475 2237 619 2270 pergam
640 2237 709 2268 quo
732 2224 830 2268 coepi.
854 2225 970 2258 Ventis

294 2281 371 2313 vela
381 2280 460 2312 dare
470 2277 512 2312 de
526 2285 662 2312 oratore
678 2277 814 2323 copiose
832 2276 969 2321 lateque

294 2331 490 2376 disputante
504 2330 610 2364 etiam
622 2328 713 2375 apud
726 2329 879 2365 Plinium
890 2354 899 2371 ,
913 2328 948 2362 II
959 2354 968 2371 ‚

293 2384 361 2428 Ep.
378 2393 435 2424 xl,
455 2382 494 2423 3,
507 2382 566 2416 ubi
576 2381 654 2415 vide
666 2387 786 2415 notam
803 2386 970 2414 nostram.

294 2453 338 2460 —-
353 2436 503 2473 Perstet,
541 2445 680 2478 semper
708 2432 803 2468 idem
830 2439 971 2466 maneat

296 2486 423 2530 absque
433 2484 626 2519 mutatione
630 2486 817 2524 —-.F‚luunt
830 2491 972 2517 mutan-

291 2546 379 2581 -tur,
402 2543 585 2571 transeunt
603 2536 757 2571 fluminis
778 2537 896 2571 instar.
919 2542 978 2571 Pe?

295 2592 336 2625 τὰ
356 2590 451 2624 πάντα
469 2615 479 2632 ,
503 2595 556 2624 καὶ
581 2591 663 2625 ουδῗν
688 2592 780 2634 μένει.
797 2606 841 2616 ·--·
856 2587 973 2622 Verba

294 2645 480 2685 omnisque.
491 2668 514 2675 ..
524 2644 634 2685 imago
647 2640 807 2676 facillima
821 2637 905 2675 mihi
920 2639 974 2674 vi·-

297 2693 443 2727 dentur:
455 2706 528 2727 non
537 2693 602 2728 nisi
613 2701 775 2740 vagantes
783 2720 792 2736 ,
805 2694 973 2729 continuo

296 2750 518 2783 ¹transeuntes
537 2771 546 2788 ,
570 2745 738 2790 imagines
755 2745 972 2785 form-emtum

1024 1095 1110 1117 vers.
1129 1083 1194 1130 259
1215 1096 1223 1117 :
1248 1084 1314 1118 Nil
1332 1084 1479 1128 eqm‘dem
1504 1084 1622 1117 durare
1644 1083 1703 1118 diu

1023 1138 1084 1169 sub
1098 1138 1242 1179 imagine
1252 1138 1368 1170 eadem
1387 1137 1596 1181 Crediderem.
1609 1135 1702 1170 Bur-

1024 1199 1176 1221 mannus
1192 1194 1310 1221 tamen
1326 1183 1474 1229 fatetur,
1490 1200 1526 1221 se
1543 1186 1701 1221 haemon

1024 1239 1234 1284 intelligere,
1255 1240 1402 1285 ideoque
1413 1239 1555 1282 suadet,
1572 1242 1704 1273 amnis—

1023 1305 1086 1337 que
1100 1295 1184 1336 vagi
1183 1291 1350 1335 formetur
1361 1296 1492 1336 imago)
1518 1291 1553 1326 h.
1578 1304 1610 1332 e.¹
1632 1289 1704 1325 fin-

1029 1343 1096 1387 gite
1122 1343 1240 1386 vobis,
1267 1342 1462 1387 auditores,
1489 1343 1609 1381 omnia
1632 1342 1703 1376 ritu

1027 1394 1182 1429 fluminis
1198 1395 1293 1430 ferri;
1312 1395 1358 1429 At
1371 1390 1533 1431 hoc'mox
1547 1394 1705 1440 sequitur

1029 1460 1114 1482 vers.
1137 1449 1208 1482 180.
1234 1449 1356 1492 Itaque
1371 1454 1406 1483 et
1421 1443 1704 1493 carerepo‘tera'-

1029 1512 1107 1533 mus
1135 1500 1241 1534 altera
1273 1501 1347 1546 ejus
1373 1500 1599 1545 conjectura,
1628 1511 1705 1545 quae

1028 1550 1163 1596 longius
1192 1551 1298 1585 etiam
1324 1551 1395 1586 abit
1411 1552 1589 1599 avulgata
1615 1550 1707 1596 scri-

1029 1616 1050 1647 p
1055 1609 1130 1636 tura
1137 1628 1148 1646 ,
1160 1605 1335 1647 amnisque
1341 1607 1426 1647 vaga·
1429 1609 1580 1637 versatur
1587 1603 1707 1647 Imago.

1029 1654 1241 1705 Bernegger.
1265 1653 1285 1696 (·
1306 1661 1341 1689 et
1360 1653 1467 1689 codex
1496 1650 1626 1707 Regius
1647 1655 1706 1699 B)

1030 1718 1129 1749 vaga.

1077 1770 1148 1804 ¹79·
1158 1758 1240 1801 Ipsa
1248 1763 1415 1801 tempora,
1428 1757 1466 1792 in
1482 1756 1606 1807 quibus
1614 1757 1709 1793 fiunt

1030 1809 1097 1843 illae
1121 1809 1345 1843 mutationes.
1360 1815 1404 1835 '—
1424 1810 1518 1843 Labi
1536 1807 1593 1844 de
1604 1809 1708 1845 celeri

1032 1861 1198 1906 temporis
1215 1860 1362 1895 decursu
1379 1855 1478 1903 dici,
1500 1857 1624 1895 notum
1645 1867 1707 1898 est.

1033 1912 1183 1947 Plurimi
1205 1918 1324 1947 tamen
1348 1911 1482 1947 vete'r'es
1506 1911 1577 1946 non
1601 1911 1708 1948 dete-

1030 1966 1101 2000 rius
1114 1991 1124 2008 ,
1143 1967 1334 2005 volvuntur,
1353 1963 1445 2010 quod
1463 1964 1588 2001 e‘odem
1604 1962 1709 2000 sensu

1033 2018 1076 2053 de
1088 2026 1244 2063 tempore
1255 2013 1271 2061 ,”
1282 2017 1484 2055 fluminibus
1495 2045 1504 2062 ,
1515 2012 1637 2066 stellis,
1654 2018 1711 2054 di-

1015 2080 1019 2084 ’
1032 2069 1133 2103 citur.
1146 2069 1268 2113 Itaque⁴
1281 2067 1398 2103 multis
1412 2067 1448 2102 in
1462 2068 1543 2110 locis
1551 2069 1624 2104 haec
1637 2068 1708 2103 duo

1033 2121 1137 2166 verba
1161 2119 1304 2155 confusa
1327 2131 1345 2154 a
1364 2119 1510 2155 librariis
1528 2119 1709 2166 reperiun-

1034 2180 1102 2207 tur.
1121 2191 1164 2199 —-—
1184 2174 1366 2208 Volvuntur
1386 2173 1512 2221 legitur
1533 2174 1570 2208 in
1591 2173 1709 2221 Regiis

1034 2224 1217 2259 codicibus.
1235 2242 1280 2251 -
1297 2221 1486 2259 Consrstere
1505 2227 1642 2270 flumen.
1671 2225 1710 2260 Si

1035 2275 1110 2320 quis
1124 2275 1226 2310 vellet
1241 2275 1465 2322 calumniari,
1490 2282 1604 2322 posset
1620 2276 1711 2322 'obji-

1034 2339 1111 2361 cere
1124 2352 1134 2370 ,
1152 2334 1186 2361 at
1202 2327 1356 2362 consistit
1372 2327 1601 2373 hiemeglacie
1617 2340 1710 2362 con—

1033 2380 1202 2415 strictum.
1221 2399 1265 2406 —
1284 2382 1489 2415 Leatzrfhom
1509 2380 1686 2426 ingeniose
1700 2408 1710 2426 ,

1037 2432 1116 2477 quia
1129 2432 1288 2467 celeriter
1301 2430 1664 2467 transit.·-Ciofanus
1677 2439 1713 2467 et

1037 2485 1203 2519 Heinsius
1215 2484 1405 2530 probabant
1420 2486 1602 2527 repellitur,
1618 2483 1713 2529 quod

1037 2536 1197 2570 nonnulli
1220 2535 1359 2571 habent.
1380 2537 1517 2580 Impelli
1530 2542 1566 2570 et
1585 2539 1710 2580 urgeri,

1036 2588 1140 2622 verba
1157 2587 1287 2622 delecta
1299 2613 1308 2630 ,
1327 2587 1405 2632 quia
1421 2585 1547 2622 fluctus
1565 2586 1710 2621 fluctum

1037 2641 1192 2686 proxime
1210 2638 1383 2685 sequitur,
1408 2639 1600 2684 acriterque
1623 2651 1711 2684 pre-

1038 2693 1112 2727 mit.
1128 2693 1211 2727 Non
1228 2692 1364 2726 minore
1377 2690 1511 2726 delectu
1524 2690 1708 2733 Horatius,

1040 2744 1076 2778 II
1088 2769 1096 2787 ,
1110 2742 1181 2778 Od.
1195 2752 1288 2781 xvnx
1300 2768 1309 2786 ‚
1329 2743 1367 2776 15
1377 2768 1386 2784 ,
1405 2743 1635 2776 Truditur-dics
1645 2742 1706 2774 dle.
