<?xml version="1.0" encoding="UTF-8"?>
<!DOCTYPE html PUBLIC "-//W3C//DTD XHTML 1.0 Transitional//EN"
    "http://www.w3.org/TR/xhtml1/DTD/xhtml1-transitional.dtd">
<html xmlns="http://www.w3.org/1999/xhtml" xml:lang="en" lang="en">
 <head>
  <title>
</title>
<meta http-equiv="Content-Type" content="text/html;charset=utf-8" />
  <meta name='ocr-system' content='tesseract 3.04.00' />
  <meta name='ocr-capabilities' content='ocr_page ocr_carea ocr_par ocr_line ocrx_word'/>
</head>
<body>
  <div class='ocr_page' id='page_1' title='image "./quaeextantomniao04oviduoft_0546.png"; bbox 0 0 1820 3106; ppageno 0'>
   <div class='ocr_carea' id='block_1_1' title="bbox 171 194 257 238">
    <p class='ocr_par' dir='ltr' id='par_1_1' title="bbox 171 194 257 238">
     <span class='ocr_line' id='line_1_1' title="bbox 171 194 257 238; baseline 0 -1"><span class='ocrx_word' id='word_1_1' title='bbox 171 194 257 238; x_wconf 75' lang='lat'><strong>532</strong></span> 
     </span>
    </p>
   </div>
   <div class='ocr_carea' id='block_1_2' title="bbox 546 196 1229 247">
    <p class='ocr_par' dir='ltr' id='par_1_2' title="bbox 546 196 1229 247">
     <span class='ocr_line' id='line_1_2' title="bbox 546 196 1229 247; baseline 0.012 -8"><span class='ocrx_word' id='word_1_2' title='bbox 546 196 600 239; x_wconf 85' lang='lat' dir='ltr'><strong>P.</strong></span> <span class='ocrx_word' id='word_1_3' title='bbox 642 197 888 243; x_wconf 89' lang='lat' dir='ltr'><strong>OVIDII</strong></span> <span class='ocrx_word' id='word_1_4' title='bbox 922 198 1229 247; x_wconf 88' lang='lat' dir='ltr'><strong>NASONIS</strong></span> 
     </span>
    </p>
   </div>
   <div class='ocr_carea' id='block_1_3' title="bbox 168 286 1582 593">
    <p class='ocr_par' dir='ltr' id='par_1_3' title="bbox 168 286 1582 518">
     <span class='ocr_line' id='line_1_3' title="bbox 168 286 1151 343; baseline 0.008 -8"><span class='ocrx_word' id='word_1_5' title='bbox 168 287 260 336; x_wconf 90' lang='lat' dir='ltr'><strong>Nec</strong></span> <span class='ocrx_word' id='word_1_6' title='bbox 286 286 419 338; x_wconf 81' lang='lat' dir='ltr'><strong>celate</strong></span> <span class='ocrx_word' id='word_1_7' title='bbox 442 287 553 339; x_wconf 84' lang='lat' dir='ltr'>cibis</span> <span class='ocrx_word' id='word_1_8' title='bbox 574 296 712 339; x_wconf 81' lang='lat' dir='ltr'><strong>uncos</strong></span> <span class='ocrx_word' id='word_1_9' title='bbox 732 290 963 342; x_wconf 84' lang='lat' dir='ltr'>fallacibus</span> <span class='ocrx_word' id='word_1_10' title='bbox 984 293 1151 343; x_wconf 91' lang='lat' dir='ltr'><strong>hamos.</strong></span> 
     </span>
     <span class='ocr_line' id='line_1_4' title="bbox 168 364 1582 439; baseline 0.01 -28"><span class='ocrx_word' id='word_1_11' title='bbox 168 364 343 413; x_wconf 87' lang='lat' dir='ltr'><strong>Perdite</strong></span> <span class='ocrx_word' id='word_1_12' title='bbox 354 402 365 423; x_wconf 92' lang='lat'><strong>,</strong></span> <span class='ocrx_word' id='word_1_13' title='bbox 388 366 424 413; x_wconf 90' lang='lat' dir='ltr'><strong>si</strong></span> <span class='ocrx_word' id='word_1_14' title='bbox 444 385 531 432; x_wconf 89' lang='lat' dir='ltr'><strong>qua</strong></span> <span class='ocrx_word' id='word_1_15' title='bbox 546 380 708 417; x_wconf 84' lang='lat' dir='ltr'><strong>nocent</strong></span> <span class='ocrx_word' id='word_1_16' title='bbox 724 389 734 416; x_wconf 77' lang='grc' dir='ltr'><strong><em>ε</em></strong></span> <span class='ocrx_word' id='word_1_17' title='bbox 751 388 901 418; x_wconf 87' lang='lat' dir='ltr'><strong>verum</strong></span> <span class='ocrx_word' id='word_1_18' title='bbox 914 370 1005 419; x_wconf 90' lang='lat' dir='ltr'><strong>haec</strong></span> <span class='ocrx_word' id='word_1_19' title='bbox 1019 390 1197 439; x_wconf 90' lang='lat' dir='ltr'><strong>quoque</strong></span> <span class='ocrx_word' id='word_1_20' title='bbox 1208 372 1377 439; x_wconf 90' lang='lat' dir='ltr'><strong>perdite</strong></span> <span class='ocrx_word' id='word_1_21' title='bbox 1392 386 1582 435; x_wconf 89' lang='lat' dir='ltr'><strong>tantum;</strong></span> 
     </span>
     <span class='ocr_line' id='line_1_5' title="bbox 168 442 1425 518; baseline 0.006 -29"><span class='ocrx_word' id='word_1_22' title='bbox 168 442 262 490; x_wconf 89' lang='lat' dir='ltr'><strong>Ora</strong></span> <span class='ocrx_word' id='word_1_23' title='bbox 283 455 435 492; x_wconf 86' lang='lat' dir='ltr'><strong>vacent</strong></span> <span class='ocrx_word' id='word_1_24' title='bbox 457 444 626 510; x_wconf 88' lang='lat' dir='ltr'><strong>epulis;</strong></span> <span class='ocrx_word' id='word_1_25' title='bbox 652 445 942 515; x_wconf 79' lang='lat' dir='ltr'><strong>alimentaque</strong></span> <span class='ocrx_word' id='word_1_26' title='bbox 966 468 1161 513; x_wconf 86' lang='lat' dir='ltr'><strong>congrua</strong></span> <span class='ocrx_word' id='word_1_27' title='bbox 1181 465 1373 518; x_wconf 83' lang='lat' dir='ltr'><strong>carpant.</strong></span> <span class='ocrx_word' id='word_1_28' title='bbox 1400 476 1425 497; x_wconf 89' lang='lat'>»</span> 
     </span>
    </p>

    <p class='ocr_par' dir='ltr' id='par_1_4' title="bbox 230 521 1393 593">
     <span class='ocr_line' id='line_1_6' title="bbox 230 521 1393 593; baseline 0.009 -24"><span class='ocrx_word' id='word_1_29' title='bbox 230 523 311 569; x_wconf 90' lang='lat' dir='ltr'><strong>III.</strong></span> <span class='ocrx_word' id='word_1_30' title='bbox 337 521 523 571; x_wconf 80' lang='lat' dir='ltr'><strong>Talibus</strong></span> <span class='ocrx_word' id='word_1_31' title='bbox 546 534 679 590; x_wconf 87' lang='lat' dir='ltr'><strong>atque</strong></span> <span class='ocrx_word' id='word_1_32' title='bbox 703 523 799 573; x_wconf 88' lang='lat' dir='ltr'><strong>aliis</strong></span> <span class='ocrx_word' id='word_1_33' title='bbox 823 526 1039 575; x_wconf 86' lang='lat' dir='ltr'><strong>instructo</strong></span> <span class='ocrx_word' id='word_1_34' title='bbox 1062 540 1240 593; x_wconf 88' lang='lat' dir='ltr'><strong>pectore</strong></span> <span class='ocrx_word' id='word_1_35' title='bbox 1264 530 1393 579; x_wconf 88' lang='lat' dir='ltr'><strong>dictis</strong></span> 
     </span>
    </p>
   </div>
   <div class='ocr_carea' id='block_1_4' title="bbox 165 600 1306 670">
    <p class='ocr_par' dir='ltr' id='par_1_5' title="bbox 165 600 1306 670">
     <span class='ocr_line' id='line_1_7' title="bbox 165 600 1306 670; baseline 0.006 -23"><span class='ocrx_word' id='word_1_36' title='bbox 165 600 219 647; x_wconf 91' lang='lat' dir='ltr'><strong>In</strong></span> <span class='ocrx_word' id='word_1_37' title='bbox 241 600 428 665; x_wconf 85' lang='lat' dir='ltr'><strong>patriam</strong></span> <span class='ocrx_word' id='word_1_38' title='bbox 451 619 664 649; x_wconf 89' lang='lat' dir='ltr'><strong>remeasse</strong></span> <span class='ocrx_word' id='word_1_39' title='bbox 686 601 860 660; x_wconf 90' lang='lat' dir='ltr'><strong>ferunt,</strong></span> <span class='ocrx_word' id='word_1_40' title='bbox 886 602 1092 669; x_wconf 87' lang='lat' dir='ltr'><strong>ultroque</strong></span> <span class='ocrx_word' id='word_1_41' title='bbox 1116 605 1306 670; x_wconf 88' lang='lat' dir='ltr'><strong>petitum</strong></span> 
     </span>
    </p>
   </div>
   <div class='ocr_carea' id='block_1_5' title="bbox 1517 622 1585 668">
    <p class='ocr_par' dir='ltr' id='par_1_6' title="bbox 1517 622 1585 668">
     <span class='ocr_line' id='line_1_8' title="bbox 1517 622 1585 668; baseline -0.044 -9"><span class='ocrx_word' id='word_1_42' title='bbox 1517 622 1585 668; x_wconf 78' lang='lat'><strong>480</strong></span> 
     </span>
    </p>
   </div>
   <div class='ocr_carea' id='block_1_6' title="bbox 147 676 1582 1514">
    <p class='ocr_par' dir='ltr' id='par_1_7' title="bbox 157 676 1242 745">
     <span class='ocr_line' id='line_1_9' title="bbox 157 676 1242 745; baseline 0.004 -19"><span class='ocrx_word' id='word_1_43' title='bbox 157 676 404 745; x_wconf 49' lang='lat' dir='ltr'><strong>&#39;Adcepisse</strong></span> <span class='ocrx_word' id='word_1_44' title='bbox 428 679 617 726; x_wconf 88' lang='lat' dir='ltr'><strong>Numam</strong></span> <span class='ocrx_word' id='word_1_45' title='bbox 638 678 798 745; x_wconf 89' lang='lat' dir='ltr'><strong>populi</strong></span> <span class='ocrx_word' id='word_1_46' title='bbox 822 678 1002 727; x_wconf 86' lang='lat' dir='ltr'><strong>Latialis</strong></span> <span class='ocrx_word' id='word_1_47' title='bbox 1027 680 1242 740; x_wconf 87' lang='lat' dir='ltr'><strong>habenas,</strong></span> 
     </span>
    </p>

    <p class='ocr_par' dir='ltr' id='par_1_8' title="bbox 161 754 1402 900">
     <span class='ocr_line' id='line_1_10' title="bbox 163 754 1402 823; baseline 0.005 -21"><span class='ocrx_word' id='word_1_48' title='bbox 163 754 364 819; x_wconf 84' lang='lat' dir='ltr'><strong>Conjuge</strong></span> <span class='ocrx_word' id='word_1_49' title='bbox 388 755 466 821; x_wconf 91' lang='lat' dir='ltr'><strong>qui</strong></span> <span class='ocrx_word' id='word_1_50' title='bbox 486 754 590 803; x_wconf 84' lang='lat' dir='ltr'><strong>felix</strong></span> <span class='ocrx_word' id='word_1_51' title='bbox 615 755 819 822; x_wconf 85' lang='lat' dir='ltr'><strong>Nympha</strong></span> <span class='ocrx_word' id='word_1_52' title='bbox 836 793 849 814; x_wconf 94' lang='lat'><strong>,</strong></span> <span class='ocrx_word' id='word_1_53' title='bbox 875 756 1149 823; x_wconf 90' lang='lat' dir='ltr'><strong>ducibusque</strong></span> <span class='ocrx_word' id='word_1_54' title='bbox 1178 759 1402 820; x_wconf 85' lang='lat' dir='ltr'><strong>Camenis,</strong></span> 
     </span>
     <span class='ocr_line' id='line_1_11' title="bbox 161 830 1197 900; baseline 0.003 -21"><span class='ocrx_word' id='word_1_55' title='bbox 161 830 391 881; x_wconf 86' lang='lat' dir='ltr'><strong>Sacrificos</strong></span> <span class='ocrx_word' id='word_1_56' title='bbox 415 832 568 880; x_wconf 85' lang='lat' dir='ltr'><strong>docuit</strong></span> <span class='ocrx_word' id='word_1_57' title='bbox 589 833 723 891; x_wconf 87' lang='lat' dir='ltr'><strong>ritus,</strong></span> <span class='ocrx_word' id='word_1_58' title='bbox 751 846 1011 900; x_wconf 85' lang='lat' dir='ltr'><strong>gentemque</strong></span> <span class='ocrx_word' id='word_1_59' title='bbox 1025 873 1037 892; x_wconf 93' lang='lat'><strong>,</strong></span> <span class='ocrx_word' id='word_1_60' title='bbox 1060 835 1197 883; x_wconf 90' lang='lat' dir='ltr'><strong>feroci</strong></span> 
     </span>
    </p>

    <p class='ocr_par' dir='ltr' id='par_1_9' title="bbox 159 906 1165 975">
     <span class='ocr_line' id='line_1_12' title="bbox 159 906 1165 975; baseline 0.002 -19"><span class='ocrx_word' id='word_1_61' title='bbox 159 906 401 956; x_wconf 82' lang='lat' dir='ltr'><strong>Adsuetam</strong></span> <span class='ocrx_word' id='word_1_62' title='bbox 422 907 566 965; x_wconf 87' lang='lat' dir='ltr'><strong>bello,</strong></span> <span class='ocrx_word' id='word_1_63' title='bbox 593 907 714 975; x_wconf 88' lang='lat' dir='ltr'><strong>pacis</strong></span> <span class='ocrx_word' id='word_1_64' title='bbox 741 909 940 957; x_wconf 85' lang='lat' dir='ltr'><strong>traduxit</strong></span> <span class='ocrx_word' id='word_1_65' title='bbox 960 909 1014 958; x_wconf 90' lang='lat' dir='ltr'><strong>ad</strong></span> <span class='ocrx_word' id='word_1_66' title='bbox 1037 922 1165 960; x_wconf 89' lang='lat' dir='ltr'><strong>artes.</strong></span> 
     </span>
    </p>

    <p class='ocr_par' dir='ltr' id='par_1_10' title="bbox 153 987 1582 1209">
     <span class='ocr_line' id='line_1_13' title="bbox 161 987 1582 1057; baseline 0.004 -22"><span class='ocrx_word' id='word_1_67' title='bbox 161 987 308 1051; x_wconf 85' lang='lat' dir='ltr'><strong>Quem</strong></span> <span class='ocrx_word' id='word_1_68' title='bbox 323 999 561 1054; x_wconf 87' lang='lat' dir='ltr'><strong>postquam</strong></span> <span class='ocrx_word' id='word_1_69' title='bbox 575 987 724 1036; x_wconf 90' lang='lat' dir='ltr'><strong>senior</strong></span> <span class='ocrx_word' id='word_1_70' title='bbox 737 1006 1012 1054; x_wconf 85' lang='lat' dir='ltr'><strong>regnumque</strong></span> <span class='ocrx_word' id='word_1_71' title='bbox 1026 1026 1037 1046; x_wconf 90' lang='lat'><strong>,</strong></span> <span class='ocrx_word' id='word_1_72' title='bbox 1059 1008 1284 1056; x_wconf 84' lang='lat' dir='ltr'><strong>aevumque</strong></span> <span class='ocrx_word' id='word_1_73' title='bbox 1297 991 1487 1057; x_wconf 75' lang='lat' dir='ltr'><strong>peregit,</strong></span> <span class='ocrx_word' id='word_1_74' title='bbox 1514 1005 1582 1051; x_wconf 75' lang='lat'><strong>485</strong></span> 
     </span>
     <span class='ocr_line' id='line_1_14' title="bbox 153 1065 1481 1137; baseline 0.003 -22"><span class='ocrx_word' id='word_1_75' title='bbox 153 1066 435 1115; x_wconf 86' lang='lat' dir='ltr'><strong>Exstinctum</strong></span> <span class='ocrx_word' id='word_1_76' title='bbox 459 1065 687 1133; x_wconf 89' lang='lat' dir='ltr'><strong>Latiaeque</strong></span> <span class='ocrx_word' id='word_1_77' title='bbox 710 1085 849 1114; x_wconf 90' lang='lat' dir='ltr'><strong>nurus</strong></span> <span class='ocrx_word' id='word_1_78' title='bbox 863 1104 875 1123; x_wconf 92' lang='lat'><strong>,</strong></span> <span class='ocrx_word' id='word_1_79' title='bbox 896 1067 1200 1134; x_wconf 86' lang='lat' dir='ltr'><strong>populusque,</strong></span> <span class='ocrx_word' id='word_1_80' title='bbox 1225 1081 1481 1137; x_wconf 89' lang='lat' dir='ltr'><strong>patresque,</strong></span> 
     </span>
     <span class='ocr_line' id='line_1_15' title="bbox 153 1143 1294 1209; baseline 0.003 -18"><span class='ocrx_word' id='word_1_81' title='bbox 153 1143 376 1192; x_wconf 90' lang='lat' dir='ltr'><strong>Dessevere</strong></span> <span class='ocrx_word' id='word_1_82' title='bbox 397 1145 587 1192; x_wconf 88' lang='lat' dir='ltr'><strong>Numam</strong></span> <span class='ocrx_word' id='word_1_83' title='bbox 607 1163 618 1192; x_wconf 75' lang='grc' dir='ltr'><strong><em>ε</em></strong></span> <span class='ocrx_word' id='word_1_84' title='bbox 641 1163 743 1192; x_wconf 90' lang='lat' dir='ltr'><strong>nam</strong></span> <span class='ocrx_word' id='word_1_85' title='bbox 764 1144 947 1209; x_wconf 80' lang='lat' dir='ltr'><strong>conjux,</strong></span> <span class='ocrx_word' id='word_1_86' title='bbox 973 1145 1085 1193; x_wconf 89' lang='lat' dir='ltr'><strong>urbe</strong></span> <span class='ocrx_word' id='word_1_87' title='bbox 1111 1145 1264 1194; x_wconf 88' lang='lat' dir='ltr'><strong>relicta</strong></span> <span class='ocrx_word' id='word_1_88' title='bbox 1283 1184 1294 1205; x_wconf 91' lang='lat'><strong>,</strong></span> 
     </span>
    </p>

    <p class='ocr_par' dir='ltr' id='par_1_11' title="bbox 152 1219 1150 1281">
     <span class='ocr_line' id='line_1_16' title="bbox 152 1219 1150 1281; baseline 0.003 -13"><span class='ocrx_word' id='word_1_89' title='bbox 152 1219 295 1269; x_wconf 84' lang='lat' dir='ltr'><strong>Vallis</strong></span> <span class='ocrx_word' id='word_1_90' title='bbox 318 1221 507 1269; x_wconf 77' lang='lat' dir='ltr'><strong>Aricinae</strong></span> <span class='ocrx_word' id='word_1_91' title='bbox 529 1220 675 1269; x_wconf 88' lang='lat' dir='ltr'><strong>densis</strong></span> <span class='ocrx_word' id='word_1_92' title='bbox 696 1220 803 1270; x_wconf 85' lang='lat' dir='ltr'><strong>latet</strong></span> <span class='ocrx_word' id='word_1_93' title='bbox 826 1221 976 1270; x_wconf 84' lang='lat' dir='ltr'><strong>abdita</strong></span> <span class='ocrx_word' id='word_1_94' title='bbox 1001 1222 1122 1271; x_wconf 87' lang='lat' dir='ltr'><strong>silvis</strong></span> <span class='ocrx_word' id='word_1_95' title='bbox 1137 1260 1150 1281; x_wconf 91' lang='lat'><strong>,</strong></span> 
     </span>
    </p>

    <p class='ocr_par' dir='ltr' id='par_1_12' title="bbox 150 1299 1253 1367">
     <span class='ocr_line' id='line_1_17' title="bbox 150 1299 1253 1367; baseline 0.002 -20"><span class='ocrx_word' id='word_1_96' title='bbox 150 1300 370 1365; x_wconf 85' lang='lat' dir='ltr'><strong>Sacraque</strong></span> <span class='ocrx_word' id='word_1_97' title='bbox 394 1300 589 1348; x_wconf 87' lang='lat' dir='ltr'><strong>Oresteae</strong></span> <span class='ocrx_word' id='word_1_98' title='bbox 612 1299 803 1363; x_wconf 83' lang='lat' dir='ltr'><strong>gemitu,</strong></span> <span class='ocrx_word' id='word_1_99' title='bbox 832 1312 1079 1367; x_wconf 84' lang='lat' dir='ltr'><strong>questuque</strong></span> <span class='ocrx_word' id='word_1_100' title='bbox 1100 1302 1253 1350; x_wconf 82' lang='lat' dir='ltr'><strong>Dianae</strong></span> 
     </span>
    </p>

    <p class='ocr_par' dir='ltr' id='par_1_13' title="bbox 147 1378 1571 1514">
     <span class='ocr_line' id='line_1_18' title="bbox 147 1378 1571 1447; baseline 0.004 -21"><span class='ocrx_word' id='word_1_101' title='bbox 147 1378 368 1444; x_wconf 88' lang='lat' dir='ltr'><strong>Impedit:</strong></span> <span class='ocrx_word' id='word_1_102' title='bbox 388 1378 444 1426; x_wconf 89' lang='lat' dir='ltr'><strong>ah</strong></span> <span class='ocrx_word' id='word_1_103' title='bbox 467 1378 640 1444; x_wconf 87' lang='lat' dir='ltr'><strong>quoties</strong></span> <span class='ocrx_word' id='word_1_104' title='bbox 663 1378 879 1444; x_wconf 83' lang='lat' dir='ltr'><strong>Nymphae</strong></span> <span class='ocrx_word' id='word_1_105' title='bbox 899 1380 1207 1446; x_wconf 87' lang='lat' dir='ltr'><strong>nemorisque,</strong></span> <span class='ocrx_word' id='word_1_106' title='bbox 1232 1380 1461 1447; x_wconf 83' lang='lat' dir='ltr'><strong>lacusque,</strong></span> <span class='ocrx_word' id='word_1_107' title='bbox 1506 1395 1571 1442; x_wconf 68' lang='lat'><strong>49⁰</strong></span> 
     </span>
     <span class='ocr_line' id='line_1_19' title="bbox 148 1455 1205 1514; baseline 0.002 -10"><span class='ocrx_word' id='word_1_108' title='bbox 148 1457 214 1504; x_wconf 90' lang='lat' dir='ltr'><strong>Ne</strong></span> <span class='ocrx_word' id='word_1_109' title='bbox 238 1455 418 1514; x_wconf 86' lang='lat' dir='ltr'><strong>faceret,</strong></span> <span class='ocrx_word' id='word_1_110' title='bbox 443 1474 651 1503; x_wconf 85' lang='lat' dir='ltr'><strong>monuere</strong></span> <span class='ocrx_word' id='word_1_111' title='bbox 667 1492 679 1513; x_wconf 92' lang='lat'><strong>,</strong></span> <span class='ocrx_word' id='word_1_112' title='bbox 709 1467 753 1503; x_wconf 87' lang='lat' dir='ltr'><strong>et</strong></span> <span class='ocrx_word' id='word_1_113' title='bbox 774 1455 1046 1504; x_wconf 90' lang='lat' dir='ltr'><strong>consolantia</strong></span> <span class='ocrx_word' id='word_1_114' title='bbox 1070 1458 1205 1506; x_wconf 87' lang='lat' dir='ltr'><strong>ver-ba</strong></span> 
     </span>
    </p>
   </div>
   <div class='ocr_carea' id='block_1_7' title="bbox 141 1556 827 2749">
    <p class='ocr_par' dir='ltr' id='par_1_14' title="bbox 141 1556 827 2749">
     <span class='ocr_line' id='line_1_20' title="bbox 146 1556 827 1603; baseline -0.001 -10"><span class='ocrx_word' id='word_1_115' title='bbox 146 1559 297 1593; x_wconf 85' lang='lat' dir='ltr'><strong>intextus</strong></span> <span class='ocrx_word' id='word_1_116' title='bbox 310 1584 320 1601; x_wconf 92' lang='lat'><strong>,</strong></span> <span class='ocrx_word' id='word_1_117' title='bbox 339 1570 409 1603; x_wconf 86' lang='lat' dir='ltr'><strong>quo</strong></span> <span class='ocrx_word' id='word_1_118' title='bbox 434 1556 527 1592; x_wconf 83' lang='lat' dir='ltr'><strong>cervi</strong></span> <span class='ocrx_word' id='word_1_119' title='bbox 547 1557 660 1591; x_wconf 81' lang='lat' dir='ltr'><strong>territi</strong></span> <span class='ocrx_word' id='word_1_120' title='bbox 682 1557 719 1592; x_wconf 90' lang='lat' dir='ltr'><strong>in</strong></span> <span class='ocrx_word' id='word_1_121' title='bbox 738 1558 827 1592; x_wconf 83' lang='lat' dir='ltr'><strong>retia</strong></span> 
     </span>
     <span class='ocr_line' id='line_1_21' title="bbox 147 1608 824 1657; baseline -0.003 -12"><span class='ocrx_word' id='word_1_122' title='bbox 147 1610 358 1657; x_wconf 79' lang='lat' dir='ltr'><strong>agebantur:</strong></span> <span class='ocrx_word' id='word_1_123' title='bbox 374 1608 453 1644; x_wconf 81' lang='lat' dir='ltr'><strong>vide</strong></span> <span class='ocrx_word' id='word_1_124' title='bbox 470 1609 679 1654; x_wconf 81' lang='lat' dir='ltr'><strong>interpretes</strong></span> <span class='ocrx_word' id='word_1_125' title='bbox 696 1609 738 1643; x_wconf 87' lang='lat' dir='ltr'><strong>ad</strong></span> <span class='ocrx_word' id='word_1_126' title='bbox 754 1609 788 1644; x_wconf 87' lang='lat' dir='ltr'><strong>h.</strong></span> <span class='ocrx_word' id='word_1_127' title='bbox 801 1609 824 1644; x_wconf 92' lang='lat' dir='ltr'><strong>l.</strong></span> 
     </span>
     <span class='ocr_line' id='line_1_22' title="bbox 146 1660 825 1707; baseline -0.006 -9"><span class='ocrx_word' id='word_1_128' title='bbox 146 1670 183 1698; x_wconf 84' lang='lat' dir='ltr'><strong>et</strong></span> <span class='ocrx_word' id='word_1_129' title='bbox 195 1661 349 1697; x_wconf 85' lang='lat' dir='ltr'><strong>Cerdam</strong></span> <span class='ocrx_word' id='word_1_130' title='bbox 360 1660 403 1695; x_wconf 83' lang='lat' dir='ltr'><strong>ad</strong></span> <span class='ocrx_word' id='word_1_131' title='bbox 414 1661 510 1707; x_wconf 83' lang='lat' dir='ltr'><strong>Virg.</strong></span> <span class='ocrx_word' id='word_1_132' title='bbox 521 1660 648 1705; x_wconf 87' lang='lat' dir='ltr'><strong>Georg.</strong></span> <span class='ocrx_word' id='word_1_133' title='bbox 662 1661 715 1696; x_wconf 84' lang='lat' dir='ltr'><strong>III</strong></span> <span class='ocrx_word' id='word_1_134' title='bbox 730 1687 739 1704; x_wconf 94' lang='lat'>‚</span> <span class='ocrx_word' id='word_1_135' title='bbox 751 1661 825 1705; x_wconf 83' lang='lat'><strong>372.</strong></span> 
     </span>
     <span class='ocr_line' id='line_1_23' title="bbox 145 1711 822 1755; baseline -0.007 -6"><span class='ocrx_word' id='word_1_136' title='bbox 145 1715 271 1749; x_wconf 81' lang='lat' dir='ltr'><strong>-Nec</strong></span> <span class='ocrx_word' id='word_1_137' title='bbox 288 1715 395 1747; x_wconf 82' lang='lat' dir='ltr'><strong>celate</strong></span> <span class='ocrx_word' id='word_1_138' title='bbox 410 1719 474 1746; x_wconf 90' lang='lat' dir='ltr'><strong>etc.</strong></span> <span class='ocrx_word' id='word_1_139' title='bbox 491 1711 669 1753; x_wconf 85' lang='lat' dir='ltr'><strong>Tibullus,</strong></span> <span class='ocrx_word' id='word_1_140' title='bbox 689 1712 725 1746; x_wconf 93' lang='grc' dir='ltr'><strong>ΙΙ</strong></span> <span class='ocrx_word' id='word_1_141' title='bbox 740 1737 749 1754; x_wconf 91' lang='grc'><em>,</em></span> <span class='ocrx_word' id='word_1_142' title='bbox 766 1722 822 1755; x_wconf 87' lang='lat' dir='ltr'><strong>v1,</strong></span> 
     </span>
     <span class='ocr_line' id='line_1_24' title="bbox 145 1765 826 1809; baseline -0.004 -9"><span class='ocrx_word' id='word_1_143' title='bbox 145 1768 189 1809; x_wconf 76' lang='lat'><strong>24</strong></span> <span class='ocrx_word' id='word_1_144' title='bbox 201 1792 211 1809; x_wconf 93' lang='lat'><strong>,</strong></span> <span class='ocrx_word' id='word_1_145' title='bbox 234 1768 340 1809; x_wconf 83' lang='lat' dir='ltr'><strong>Quum</strong></span> <span class='ocrx_word' id='word_1_146' title='bbox 351 1771 464 1799; x_wconf 84' lang='lat' dir='ltr'><strong>tenues</strong></span> <span class='ocrx_word' id='word_1_147' title='bbox 472 1765 590 1798; x_wconf 82' lang='lat' dir='ltr'><strong>hamos</strong></span> <span class='ocrx_word' id='word_1_148' title='bbox 602 1765 735 1797; x_wconf 77' lang='lat' dir='ltr'><strong>abdidit</strong></span> <span class='ocrx_word' id='word_1_149' title='bbox 747 1769 826 1797; x_wconf 70' lang='lat' dir='ltr'><strong>ante</strong></span> 
     </span>
     <span class='ocr_line' id='line_1_25' title="bbox 144 1815 827 1860; baseline -0.006 -7"><span class='ocrx_word' id='word_1_150' title='bbox 144 1820 297 1853; x_wconf 86' lang='lat' dir='ltr'><strong>c1&#39;bos.·—-</strong></span> <span class='ocrx_word' id='word_1_151' title='bbox 309 1818 475 1860; x_wconf 75' lang='lat' dir='ltr'><strong>Congrua,</strong></span> <span class='ocrx_word' id='word_1_152' title='bbox 493 1815 735 1850; x_wconf 88' lang='lat' dir='ltr'><strong>convenientia</strong></span> <span class='ocrx_word' id='word_1_153' title='bbox 745 1828 827 1850; x_wconf 86' lang='lat' dir='ltr'><strong>cor-</strong></span> 
     </span>
     <span class='ocr_line' id='line_1_26' title="bbox 144 1867 825 1915; baseline -0.001 -12"><span class='ocrx_word' id='word_1_154' title='bbox 144 1870 221 1915; x_wconf 86' lang='lat' dir='ltr'><strong>pori</strong></span> <span class='ocrx_word' id='word_1_155' title='bbox 235 1869 401 1904; x_wconf 88' lang='lat' dir='ltr'><strong>humano.</strong></span> <span class='ocrx_word' id='word_1_156' title='bbox 417 1869 514 1903; x_wconf 88' lang='lat' dir='ltr'><strong>MSS</strong></span> <span class='ocrx_word' id='word_1_157' title='bbox 526 1868 666 1913; x_wconf 86' lang='lat' dir='ltr'><strong>plurimi</strong></span> <span class='ocrx_word' id='word_1_158' title='bbox 680 1869 693 1912; x_wconf 92' lang='lat'>(</span> <span class='ocrx_word' id='word_1_159' title='bbox 707 1874 741 1902; x_wconf 81' lang='lat' dir='ltr'><strong>et</strong></span> <span class='ocrx_word' id='word_1_160' title='bbox 754 1867 825 1902; x_wconf 88' lang='lat' dir='ltr'><strong>Re-</strong></span> 
     </span>
     <span class='ocr_line' id='line_1_27' title="bbox 143 1921 824 1968; baseline -0.004 -11"><span class='ocrx_word' id='word_1_161' title='bbox 143 1923 190 1968; x_wconf 83' lang='lat' dir='ltr'><strong>gii</strong></span> <span class='ocrx_word' id='word_1_162' title='bbox 207 1923 311 1957; x_wconf 81' lang='lat' dir='ltr'><strong>ambo</strong></span> <span class='ocrx_word' id='word_1_163' title='bbox 327 1921 438 1956; x_wconf 79' lang='lat' dir='ltr'><strong>nostri</strong></span> <span class='ocrx_word' id='word_1_164' title='bbox 455 1923 469 1965; x_wconf 95' lang='lat'><em>)</em></span> <span class='ocrx_word' id='word_1_165' title='bbox 488 1924 649 1955; x_wconf 79' lang='lat' dir='ltr'><strong>alimenta</strong></span> <span class='ocrx_word' id='word_1_166' title='bbox 665 1924 770 1955; x_wconf 71' lang='lat' dir='ltr'><strong>mih&#39;a.</strong></span> <span class='ocrx_word' id='word_1_167' title='bbox 780 1937 824 1946; x_wconf 84' lang='lat'><strong>—-</strong></span> 
     </span>
     <span class='ocr_line' id='line_1_28' title="bbox 144 1975 669 2020; baseline -0.004 -12"><span class='ocrx_word' id='word_1_168' title='bbox 144 1975 334 2020; x_wconf 84' lang='lat' dir='ltr'><strong>Eleganter</strong></span> <span class='ocrx_word' id='word_1_169' title='bbox 349 1987 481 2018; x_wconf 85' lang='lat' dir='ltr'><strong>carpere</strong></span> <span class='ocrx_word' id='word_1_170' title='bbox 499 1976 669 2008; x_wconf 77' lang='lat' dir='ltr'><strong>alimenta.</strong></span> 
     </span>
     <span class='ocr_line' id='line_1_29' title="bbox 186 2025 822 2072; baseline -0.003 -12"><span class='ocrx_word' id='word_1_171' title='bbox 186 2028 354 2072; x_wconf 72' lang='lat'>479-551.</span> <span class='ocrx_word' id='word_1_172' title='bbox 371 2027 495 2069; x_wconf 74' lang='lat' dir='ltr'><strong>Egeria</strong></span> <span class='ocrx_word' id='word_1_173' title='bbox 523 2025 644 2059; x_wconf 83' lang='lat' dir='ltr'><strong>dolens</strong></span> <span class='ocrx_word' id='word_1_174' title='bbox 669 2031 822 2059; x_wconf 86' lang='lat' dir='ltr'><strong>mortem</strong></span> 
     </span>
     <span class='ocr_line' id='line_1_30' title="bbox 141 2078 822 2121; baseline -0.003 -8"><span class='ocrx_word' id='word_1_175' title='bbox 141 2078 271 2114; x_wconf 80' lang='lat' dir='ltr'><strong>Numae</strong></span> <span class='ocrx_word' id='word_1_176' title='bbox 290 2084 447 2112; x_wconf 77' lang='lat' dir='ltr'><strong>mutatur</strong></span> <span class='ocrx_word' id='word_1_177' title='bbox 470 2078 507 2111; x_wconf 88' lang='lat' dir='ltr'><strong>in</strong></span> <span class='ocrx_word' id='word_1_178' title='bbox 522 2078 663 2121; x_wconf 81' lang='lat' dir='ltr'><strong>fontem.</strong></span> <span class='ocrx_word' id='word_1_179' title='bbox 687 2078 822 2112; x_wconf 84' lang='lat' dir='ltr'><strong>Inserta</strong></span> 
     </span>
     <span class='ocr_line' id='line_1_31' title="bbox 143 2128 822 2175; baseline -0.003 -11"><span class='ocrx_word' id='word_1_180' title='bbox 143 2137 195 2164; x_wconf 84' lang='lat' dir='ltr'><strong>est</strong></span> <span class='ocrx_word' id='word_1_181' title='bbox 206 2130 249 2163; x_wconf 88' lang='lat' dir='ltr'><strong>de</strong></span> <span class='ocrx_word' id='word_1_182' title='bbox 263 2128 524 2175; x_wconf 75' lang='lat' dir='ltr'><strong>Hippolytifatis</strong></span> <span class='ocrx_word' id='word_1_183' title='bbox 541 2137 577 2163; x_wconf 78' lang='lat' dir='ltr'><strong>et</strong></span> <span class='ocrx_word' id='word_1_184' title='bbox 592 2128 822 2163; x_wconf 84' lang='lat' dir='ltr'><strong>transforma-</strong></span> 
     </span>
     <span class='ocr_line' id='line_1_32' title="bbox 143 2181 822 2225; baseline -0.006 -7"><span class='ocrx_word' id='word_1_185' title='bbox 143 2183 240 2218; x_wconf 76' lang='lat' dir='ltr'><strong>tione</strong></span> <span class='ocrx_word' id='word_1_186' title='bbox 260 2181 297 2215; x_wconf 85' lang='lat' dir='ltr'><strong>in</strong></span> <span class='ocrx_word' id='word_1_187' title='bbox 319 2184 464 2217; x_wconf 74' lang='lat' dir='ltr'><strong>Virbium</strong></span> <span class='ocrx_word' id='word_1_188' title='bbox 480 2181 750 2216; x_wconf 63' lang='lat' dir='ltr'><strong>fabula—Ultro</strong></span> <span class='ocrx_word' id='word_1_189' title='bbox 760 2195 822 2225; x_wconf 79' lang='lat' dir='ltr'><strong>pe-</strong></span> 
     </span>
     <span class='ocr_line' id='line_1_33' title="bbox 143 2233 822 2281; baseline -0.004 -11"><span class='ocrx_word' id='word_1_190' title='bbox 143 2238 249 2270; x_wconf 75' lang='lat' dir='ltr'><strong>titum.</strong></span> <span class='ocrx_word' id='word_1_191' title='bbox 262 2234 354 2269; x_wconf 87' lang='lat' dir='ltr'><strong>Vide</strong></span> <span class='ocrx_word' id='word_1_192' title='bbox 367 2235 512 2281; x_wconf 85' lang='lat' dir='ltr'><strong>Dionys.</strong></span> <span class='ocrx_word' id='word_1_193' title='bbox 526 2233 702 2267; x_wconf 86' lang='lat' dir='ltr'><strong>Halicarn.</strong></span> <span class='ocrx_word' id='word_1_194' title='bbox 722 2233 767 2267; x_wconf 91' lang='lat'><strong>11.</strong></span> <span class='ocrx_word' id='word_1_195' title='bbox 779 2252 822 2259; x_wconf 86' lang='lat'><strong>—-</strong></span> 
     </span>
     <span class='ocr_line' id='line_1_34' title="bbox 143 2286 825 2329; baseline -0.006 -8"><span class='ocrx_word' id='word_1_196' title='bbox 143 2289 316 2321; x_wconf 72' lang='lat' dir='ltr'><strong>Habemus.</strong></span> <span class='ocrx_word' id='word_1_197' title='bbox 338 2286 389 2320; x_wconf 76' lang='lat' dir='ltr'><strong>Ita</strong></span> <span class='ocrx_word' id='word_1_198' title='bbox 410 2286 554 2320; x_wconf 82' lang='lat' dir='ltr'><strong>Latinus</strong></span> <span class='ocrx_word' id='word_1_199' title='bbox 571 2298 676 2318; x_wconf 81' lang='lat' dir='ltr'><strong>rerum</strong></span> <span class='ocrx_word' id='word_1_200' title='bbox 691 2287 825 2329; x_wconf 73' lang='lat' dir='ltr'><strong>reliqui!</strong></span> 
     </span>
     <span class='ocr_line' id='line_1_35' title="bbox 142 2336 820 2383; baseline -0.004 -10"><span class='ocrx_word' id='word_1_201' title='bbox 142 2342 292 2373; x_wconf 77' lang='lat' dir='ltr'><strong>habenas</strong></span> <span class='ocrx_word' id='word_1_202' title='bbox 320 2337 412 2383; x_wconf 88' lang='lat' dir='ltr'><strong>apud</strong></span> <span class='ocrx_word' id='word_1_203' title='bbox 435 2336 623 2382; x_wconf 86' lang='lat' dir='ltr'><strong>Virgilium</strong></span> <span class='ocrx_word' id='word_1_204' title='bbox 644 2361 653 2380; x_wconf 95' lang='lat'><strong>,</strong></span> <span class='ocrx_word' id='word_1_205' title='bbox 679 2336 820 2371; x_wconf 85' lang='lat' dir='ltr'><strong>AEneid.</strong></span> 
     </span>
     <span class='ocr_line' id='line_1_36' title="bbox 144 2392 814 2435; baseline -0.012 -8"><span class='ocrx_word' id='word_1_206' title='bbox 144 2393 218 2427; x_wconf 90' lang='lat' dir='ltr'><strong>VII</strong></span> <span class='ocrx_word' id='word_1_207' title='bbox 232 2418 242 2435; x_wconf 95' lang='lat'><strong>,</strong></span> <span class='ocrx_word' id='word_1_208' title='bbox 265 2392 341 2425; x_wconf 77' lang='lat'><strong>500.</strong></span> <span class='ocrx_word' id='word_1_209' title='bbox 812 2423 814 2425; x_wconf 55' lang='grc'><strong>,</strong></span> 
     </span>
     <span class='ocr_line' id='line_1_37' title="bbox 185 2440 822 2487; baseline -0.008 -9"><span class='ocrx_word' id='word_1_210' title='bbox 185 2445 262 2487; x_wconf 79' lang='lat'><strong>482.</strong></span> <span class='ocrx_word' id='word_1_211' title='bbox 277 2442 426 2487; x_wconf 73' lang='lat' dir='ltr'><strong>Conjuge</strong></span> <span class='ocrx_word' id='word_1_212' title='bbox 430 2440 524 2485; x_wconf 76' lang='lat' dir='ltr'><strong>felix</strong></span> <span class='ocrx_word' id='word_1_213' title='bbox 534 2454 546 2482; x_wconf 72' lang='grc'><strong>,’</strong></span> <span class='ocrx_word' id='word_1_214' title='bbox 557 2441 744 2485; x_wconf 77' lang='lat' dir='ltr'><strong>conjugem</strong></span> <span class='ocrx_word' id='word_1_215' title='bbox 758 2440 822 2474; x_wconf 87' lang='lat' dir='ltr'><strong>ha-</strong></span> 
     </span>
     <span class='ocr_line' id='line_1_38' title="bbox 142 2491 821 2537; baseline -0.006 -7"><span class='ocrx_word' id='word_1_216' title='bbox 142 2496 256 2530; x_wconf 87' lang='lat' dir='ltr'><strong>bense</strong></span> <span class='ocrx_word' id='word_1_217' title='bbox 265 2494 418 2529; x_wconf 82' lang='lat' dir='ltr'><strong>formula</strong></span> <span class='ocrx_word' id='word_1_218' title='bbox 426 2492 591 2536; x_wconf 86' lang='lat' dir='ltr'><strong>solemni,</strong></span> <span class='ocrx_word' id='word_1_219' title='bbox 603 2493 645 2526; x_wconf 92' lang='lat' dir='ltr'><strong>de</strong></span> <span class='ocrx_word' id='word_1_220' title='bbox 657 2505 724 2537; x_wconf 87' lang='lat' dir='ltr'><strong>qua</strong></span> <span class='ocrx_word' id='word_1_221' title='bbox 732 2491 821 2526; x_wconf 88' lang='lat' dir='ltr'><strong>alibi.</strong></span> 
     </span>
     <span class='ocr_line' id='line_1_39' title="bbox 141 2545 822 2592; baseline -0.006 -9"><span class='ocrx_word' id='word_1_222' title='bbox 141 2567 186 2574; x_wconf 90' lang='lat'>—</span> <span class='ocrx_word' id='word_1_223' title='bbox 197 2548 359 2592; x_wconf 87' lang='lat' dir='ltr'><strong>Egeriam</strong></span> <span class='ocrx_word' id='word_1_224' title='bbox 371 2547 425 2581; x_wconf 86' lang='lat' dir='ltr'><strong>vel</strong></span> <span class='ocrx_word' id='word_1_225' title='bbox 437 2548 623 2592; x_wconf 71' lang='lat' dir='ltr'><strong>Nympham</strong></span> <span class='ocrx_word' id='word_1_226' title='bbox 632 2545 735 2580; x_wconf 84' lang='lat' dir='ltr'><strong>fuisse</strong></span> <span class='ocrx_word' id='word_1_227' title='bbox 750 2553 822 2580; x_wconf 88' lang='lat' dir='ltr'><strong>tra-</strong></span> 
     </span>
     <span class='ocr_line' id='line_1_40' title="bbox 143 2597 823 2641; baseline -0.003 -8"><span class='ocrx_word' id='word_1_228' title='bbox 143 2599 273 2633; x_wconf 87' lang='lat' dir='ltr'><strong>debant</strong></span> <span class='ocrx_word' id='word_1_229' title='bbox 285 2625 294 2641; x_wconf 93' lang='lat'><strong>,</strong></span> <span class='ocrx_word' id='word_1_230' title='bbox 310 2599 365 2633; x_wconf 87' lang='lat' dir='ltr'><strong>vel</strong></span> <span class='ocrx_word' id='word_1_231' title='bbox 381 2611 488 2633; x_wconf 86' lang='lat' dir='ltr'><strong>unam</strong></span> <span class='ocrx_word' id='word_1_232' title='bbox 506 2598 689 2632; x_wconf 86' lang='lat' dir='ltr'><strong>Musarum</strong></span> <span class='ocrx_word' id='word_1_233' title='bbox 705 2612 713 2639; x_wconf 83' lang='lat'>;</span> <span class='ocrx_word' id='word_1_234' title='bbox 732 2597 823 2632; x_wconf 81' lang='lat' dir='ltr'><strong>Dio-</strong></span> 
     </span>
     <span class='ocr_line' id='line_1_41' title="bbox 143 2650 819 2698; baseline -0.003 -13"><span class='ocrx_word' id='word_1_235' title='bbox 143 2651 263 2698; x_wconf 81' lang='lat' dir='ltr'><strong>nysius</strong></span> <span class='ocrx_word' id='word_1_236' title='bbox 273 2650 386 2684; x_wconf 71' lang='lat' dir='ltr'><strong>Halia.</strong></span> <span class='ocrx_word' id='word_1_237' title='bbox 400 2651 434 2685; x_wconf 88' lang='lat'><strong>11</strong></span> <span class='ocrx_word' id='word_1_238' title='bbox 452 2676 461 2693; x_wconf 92' lang='lat'><strong>,</strong></span> <span class='ocrx_word' id='word_1_239' title='bbox 480 2650 544 2691; x_wconf 81' lang='lat'><strong>60;</strong></span> <span class='ocrx_word' id='word_1_240' title='bbox 561 2650 694 2693; x_wconf 88' lang='lat' dir='ltr'><strong>Livius,</strong></span> <span class='ocrx_word' id='word_1_241' title='bbox 708 2650 724 2683; x_wconf 97' lang='lat' dir='ltr'>I</span> <span class='ocrx_word' id='word_1_242' title='bbox 736 2676 745 2693; x_wconf 88' lang='lat'>‚</span> <span class='ocrx_word' id='word_1_243' title='bbox 761 2662 819 2684; x_wconf 79' lang='lat'><strong>21:</strong></span> 
     </span>
     <span class='ocr_line' id='line_1_42' title="bbox 148 2703 821 2749; baseline 0 -11"><span class='ocrx_word' id='word_1_244' title='bbox 148 2719 166 2734; x_wconf 75' lang='lat' dir='ltr'><strong>u</strong></span> <span class='ocrx_word' id='word_1_245' title='bbox 185 2704 393 2739; x_wconf 86' lang='lat' dir='ltr'><strong>Lucuserat.</strong></span> <span class='ocrx_word' id='word_1_246' title='bbox 408 2728 415 2737; x_wconf 86' lang='grc'><strong>.</strong></span> <span class='ocrx_word' id='word_1_247' title='bbox 431 2728 439 2738; x_wconf 84' lang='grc'><strong>.</strong></span> <span class='ocrx_word' id='word_1_248' title='bbox 451 2716 520 2749; x_wconf 86' lang='lat' dir='ltr'><strong>quo</strong></span> <span class='ocrx_word' id='word_1_249' title='bbox 532 2703 611 2748; x_wconf 86' lang='lat' dir='ltr'><strong>quia</strong></span> <span class='ocrx_word' id='word_1_250' title='bbox 622 2716 657 2738; x_wconf 81' lang='lat' dir='ltr'><strong>se</strong></span> <span class='ocrx_word' id='word_1_251' title='bbox 668 2715 821 2748; x_wconf 68' lang='lat' dir='ltr'><strong>persaepe</strong></span> 
     </span>
    </p>
   </div>
   <div class='ocr_carea' id='block_1_8' title="bbox 882 1559 1576 2746">
    <p class='ocr_par' dir='ltr' id='par_1_15' title="bbox 891 1559 1576 1812">
     <span class='ocr_line' id='line_1_43' title="bbox 893 1559 1576 1603; baseline 0.004 -10"><span class='ocrx_word' id='word_1_252' title='bbox 893 1572 912 1588; x_wconf 74' lang='lat'><strong>³»</strong></span> <span class='ocrx_word' id='word_1_253' title='bbox 930 1559 1047 1594; x_wconf 89' lang='lat' dir='ltr'><strong>Numa</strong></span> <span class='ocrx_word' id='word_1_254' title='bbox 1058 1559 1132 1594; x_wconf 89' lang='lat' dir='ltr'><strong>sine</strong></span> <span class='ocrx_word' id='word_1_255' title='bbox 1146 1560 1300 1603; x_wconf 67' lang='lat' dir='ltr'><strong>arbitris,</strong></span> <span class='ocrx_word' id='word_1_256' title='bbox 1320 1560 1417 1595; x_wconf 81' lang='lat' dir='ltr'><strong>velut</strong></span> <span class='ocrx_word' id='word_1_257' title='bbox 1432 1560 1475 1595; x_wconf 83' lang='lat' dir='ltr'><strong>ad</strong></span> <span class='ocrx_word' id='word_1_258' title='bbox 1490 1574 1576 1596; x_wconf 90' lang='lat' dir='ltr'><strong>con-</strong></span> 
     </span>
     <span class='ocr_line' id='line_1_44' title="bbox 892 1611 1574 1656; baseline 0.003 -11"><span class='ocrx_word' id='word_1_259' title='bbox 892 1625 911 1641; x_wconf 88' lang='lat'>»</span> <span class='ocrx_word' id='word_1_260' title='bbox 925 1624 1082 1656; x_wconf 82' lang='lat' dir='ltr'><strong>gressum</strong></span> <span class='ocrx_word' id='word_1_261' title='bbox 1100 1611 1186 1646; x_wconf 87' lang='lat' dir='ltr'><strong>Deae</strong></span> <span class='ocrx_word' id='word_1_262' title='bbox 1198 1637 1207 1654; x_wconf 91' lang='lat'><strong><em>‚</em></strong></span> <span class='ocrx_word' id='word_1_263' title='bbox 1227 1611 1401 1646; x_wconf 77' lang='lat' dir='ltr'><strong>inferebat</strong></span> <span class='ocrx_word' id='word_1_264' title='bbox 1411 1636 1421 1654; x_wconf 92' lang='lat'><strong>,</strong></span> <span class='ocrx_word' id='word_1_265' title='bbox 1443 1611 1574 1647; x_wconf 83' lang='lat' dir='ltr'><strong>Came-</strong></span> 
     </span>
     <span class='ocr_line' id='line_1_45' title="bbox 892 1662 1573 1708; baseline 0.004 -13"><span class='ocrx_word' id='word_1_266' title='bbox 892 1676 911 1692; x_wconf 88' lang='lat'>»</span> <span class='ocrx_word' id='word_1_267' title='bbox 927 1662 981 1696; x_wconf 88' lang='lat' dir='ltr'><strong>nis</strong></span> <span class='ocrx_word' id='word_1_268' title='bbox 998 1675 1080 1696; x_wconf 84' lang='lat' dir='ltr'><strong>eum</strong></span> <span class='ocrx_word' id='word_1_269' title='bbox 1098 1663 1214 1697; x_wconf 88' lang='lat' dir='ltr'><strong>lucum</strong></span> <span class='ocrx_word' id='word_1_270' title='bbox 1228 1662 1393 1706; x_wconf 83' lang='lat' dir='ltr'><strong>sacravit,</strong></span> <span class='ocrx_word' id='word_1_271' title='bbox 1407 1663 1499 1708; x_wconf 88' lang='lat' dir='ltr'><strong>quod</strong></span> <span class='ocrx_word' id='word_1_272' title='bbox 1512 1677 1573 1698; x_wconf 88' lang='lat' dir='ltr'><strong>ea-</strong></span> 
     </span>
     <span class='ocr_line' id='line_1_46' title="bbox 891 1708 1570 1761; baseline 0.004 -14"><span class='ocrx_word' id='word_1_273' title='bbox 891 1727 910 1743; x_wconf 81' lang='lat'>»</span> <span class='ocrx_word' id='word_1_274' title='bbox 927 1726 1008 1747; x_wconf 90' lang='lat' dir='ltr'><strong>rum</strong></span> <span class='ocrx_word' id='word_1_275' title='bbox 1027 1708 1072 1748; x_wconf 81' lang='lat' dir='ltr'><strong>ibi</strong></span> <span class='ocrx_word' id='word_1_276' title='bbox 1090 1715 1235 1749; x_wconf 88' lang='lat' dir='ltr'><strong>concilia</strong></span> <span class='ocrx_word' id='word_1_277' title='bbox 1251 1726 1332 1749; x_wconf 85' lang='lat' dir='ltr'><strong>cum</strong></span> <span class='ocrx_word' id='word_1_278' title='bbox 1347 1715 1497 1761; x_wconf 85' lang='lat' dir='ltr'><strong>conjuge</strong></span> <span class='ocrx_word' id='word_1_279' title='bbox 1509 1729 1570 1750; x_wconf 76' lang='lat' dir='ltr'><strong>sua</strong></span> 
     </span>
     <span class='ocr_line' id='line_1_47' title="bbox 891 1766 1226 1812; baseline 0.003 -12"><span class='ocrx_word' id='word_1_280' title='bbox 891 1766 1055 1812; x_wconf 63' lang='lat' dir='ltr'><strong>»Egeria</strong></span> <span class='ocrx_word' id='word_1_281' title='bbox 1071 1773 1195 1801; x_wconf 86' lang='lat' dir='ltr'><strong>essent.</strong></span> <span class='ocrx_word' id='word_1_282' title='bbox 1209 1781 1226 1796; x_wconf 74' lang='grc' dir='ltr'><strong>υ</strong></span> 
     </span>
    </p>

    <p class='ocr_par' dir='ltr' id='par_1_16' title="bbox 885 1816 1572 2225">
     <span class='ocr_line' id='line_1_48' title="bbox 934 1816 1569 1862; baseline 0.002 -9"><span class='ocrx_word' id='word_1_283' title='bbox 934 1820 1009 1862; x_wconf 78' lang='grc'><em>485,</em></span> <span class='ocrx_word' id='word_1_284' title='bbox 1035 1820 1138 1861; x_wconf 80' lang='lat' dir='ltr'><strong>Quem</strong></span> <span class='ocrx_word' id='word_1_285' title='bbox 1164 1830 1228 1862; x_wconf 89' lang='lat' dir='ltr'><strong>pro</strong></span> <span class='ocrx_word' id='word_1_286' title='bbox 1256 1821 1318 1862; x_wconf 79' lang='lat' dir='ltr'><strong>qui</strong></span> <span class='ocrx_word' id='word_1_287' title='bbox 1337 1831 1378 1853; x_wconf 86' lang='lat' dir='ltr'><strong>ex</strong></span> <span class='ocrx_word' id='word_1_288' title='bbox 1403 1816 1569 1854; x_wconf 86' lang='lat' dir='ltr'><strong>Cantabr.</strong></span> 
     </span>
     <span class='ocr_line' id='line_1_49' title="bbox 889 1868 1572 1918; baseline 0.004 -15"><span class='ocrx_word' id='word_1_289' title='bbox 889 1868 962 1903; x_wconf 74' lang='lat' dir='ltr'><strong>vSed</strong></span> <span class='ocrx_word' id='word_1_290' title='bbox 980 1876 1055 1903; x_wconf 86' lang='lat' dir='ltr'><strong>tum</strong></span> <span class='ocrx_word' id='word_1_291' title='bbox 1073 1870 1240 1905; x_wconf 90' lang='lat' dir='ltr'><strong>Heinsius</strong></span> <span class='ocrx_word' id='word_1_292' title='bbox 1259 1882 1384 1915; x_wconf 89' lang='lat' dir='ltr'><strong>porro,</strong></span> <span class='ocrx_word' id='word_1_293' title='bbox 1401 1884 1488 1906; x_wconf 81' lang='lat' dir='ltr'><strong>vers.</strong></span> <span class='ocrx_word' id='word_1_294' title='bbox 1505 1872 1572 1918; x_wconf 76' lang='lat'><strong>487</strong></span> 
     </span>
     <span class='ocr_line' id='line_1_50' title="bbox 888 1920 1570 1966; baseline 0.006 -13"><span class='ocrx_word' id='word_1_295' title='bbox 888 1920 1025 1955; x_wconf 80' lang='lat' dir='ltr'><strong>volebat</strong></span> <span class='ocrx_word' id='word_1_296' title='bbox 1036 1946 1045 1963; x_wconf 94' lang='lat'><strong>,</strong></span> <span class='ocrx_word' id='word_1_297' title='bbox 1063 1921 1230 1966; x_wconf 70' lang='lat' dir='ltr'><strong>Deflevere</strong></span> <span class='ocrx_word' id='word_1_298' title='bbox 1249 1925 1354 1955; x_wconf 80' lang='lat' dir='ltr'><strong>virum</strong></span> <span class='ocrx_word' id='word_1_299' title='bbox 1373 1929 1433 1956; x_wconf 84' lang='lat' dir='ltr'><strong>aut</strong></span> <span class='ocrx_word' id='word_1_300' title='bbox 1448 1926 1552 1956; x_wconf 83' lang='lat' dir='ltr'><strong>simul</strong></span> <span class='ocrx_word' id='word_1_301' title='bbox 1559 1937 1570 1958; x_wconf 72' lang='lat' dir='ltr'><strong>t</strong></span> 
     </span>
     <span class='ocr_line' id='line_1_51' title="bbox 887 1972 1570 2018; baseline 0.006 -12"><span class='ocrx_word' id='word_1_302' title='bbox 887 1972 1113 2007; x_wconf 82' lang='lat' dir='ltr'><strong>Burmannus</strong></span> <span class='ocrx_word' id='word_1_303' title='bbox 1128 1973 1269 2017; x_wconf 80' lang='lat' dir='ltr'><strong>conjicit</strong></span> <span class='ocrx_word' id='word_1_304' title='bbox 1285 1975 1451 2018; x_wconf 66' lang='lat' dir='ltr'><strong>Deflevere</strong></span> <span class='ocrx_word' id='word_1_305' title='bbox 1465 1987 1476 2009; x_wconf 91' lang='lat'><em>:</em></span> <span class='ocrx_word' id='word_1_306' title='bbox 1494 1977 1570 2010; x_wconf 81' lang='lat' dir='ltr'><strong>Nu-</strong></span> 
     </span>
     <span class='ocr_line' id='line_1_52' title="bbox 887 2027 1569 2069; baseline 0.003 -10"><span class='ocrx_word' id='word_1_307' title='bbox 887 2039 947 2059; x_wconf 84' lang='lat' dir='ltr'><strong>moe</strong></span> <span class='ocrx_word' id='word_1_308' title='bbox 962 2038 1050 2058; x_wconf 85' lang='lat' dir='ltr'><strong>nam.</strong></span> <span class='ocrx_word' id='word_1_309' title='bbox 1064 2043 1107 2050; x_wconf 89' lang='lat'>—</span> <span class='ocrx_word' id='word_1_310' title='bbox 1119 2027 1229 2058; x_wconf 87' lang='lat' dir='ltr'><strong>Nurus</strong></span> <span class='ocrx_word' id='word_1_311' title='bbox 1239 2052 1248 2065; x_wconf 82' lang='lat'><strong>,</strong></span> <span class='ocrx_word' id='word_1_312' title='bbox 1266 2032 1436 2060; x_wconf 83' lang='lat' dir='ltr'><strong>matronae</strong></span> <span class='ocrx_word' id='word_1_313' title='bbox 1450 2053 1459 2069; x_wconf 89' lang='lat'><strong>,</strong></span> <span class='ocrx_word' id='word_1_314' title='bbox 1479 2039 1569 2061; x_wconf 87' lang='lat' dir='ltr'><strong>mu—</strong></span> 
     </span>
     <span class='ocr_line' id='line_1_53' title="bbox 887 2076 1566 2122; baseline 0.003 -12"><span class='ocrx_word' id='word_1_315' title='bbox 887 2077 997 2110; x_wconf 89' lang='lat' dir='ltr'><strong>lieres.</strong></span> <span class='ocrx_word' id='word_1_316' title='bbox 1010 2076 1244 2110; x_wconf 75' lang='lat' dir='ltr'><strong>Eo-defuncto</strong></span> <span class='ocrx_word' id='word_1_317' title='bbox 1255 2089 1423 2122; x_wconf 85' lang='lat' dir='ltr'><strong>magnum</strong></span> <span class='ocrx_word' id='word_1_318' title='bbox 1435 2077 1566 2112; x_wconf 79' lang='lat' dir='ltr'><strong>luctum</strong></span> 
     </span>
     <span class='ocr_line' id='line_1_54' title="bbox 885 2128 1566 2177; baseline 0.007 -16"><span class='ocrx_word' id='word_1_319' title='bbox 885 2128 989 2170; x_wconf 83' lang='lat' dir='ltr'><strong>fuisse</strong></span> <span class='ocrx_word' id='word_1_320' title='bbox 1002 2128 1035 2161; x_wconf 87' lang='lat' dir='ltr'><strong>in</strong></span> <span class='ocrx_word' id='word_1_321' title='bbox 1051 2135 1121 2161; x_wconf 77' lang='lat' dir='ltr'><strong>tota</strong></span> <span class='ocrx_word' id='word_1_322' title='bbox 1135 2129 1220 2162; x_wconf 85' lang='lat' dir='ltr'><strong>urbe</strong></span> <span class='ocrx_word' id='word_1_323' title='bbox 1231 2154 1240 2171; x_wconf 92' lang='lat'><strong>,</strong></span> <span class='ocrx_word' id='word_1_324' title='bbox 1258 2130 1365 2163; x_wconf 82' lang='lat' dir='ltr'><strong>etiam</strong></span> <span class='ocrx_word' id='word_1_325' title='bbox 1376 2129 1566 2177; x_wconf 79' lang='lat' dir='ltr'><strong>Dionysius</strong></span> 
     </span>
     <span class='ocr_line' id='line_1_55' title="bbox 887 2179 1290 2225; baseline -0.002 -11"><span class='ocrx_word' id='word_1_326' title='bbox 887 2180 1001 2214; x_wconf 82' lang='lat' dir='ltr'><strong>Halir.</strong></span> <span class='ocrx_word' id='word_1_327' title='bbox 1018 2180 1073 2222; x_wconf 90' lang='lat' dir='ltr'><strong>Il,</strong></span> <span class='ocrx_word' id='word_1_328' title='bbox 1093 2180 1133 2225; x_wconf 80' lang='lat'><strong>76</strong></span> <span class='ocrx_word' id='word_1_329' title='bbox 1146 2206 1154 2222; x_wconf 95' lang='lat'>‚</span> <span class='ocrx_word' id='word_1_330' title='bbox 1172 2179 1290 2214; x_wconf 84' lang='lat' dir='ltr'><strong>refert.</strong></span> 
     </span>
    </p>

    <p class='ocr_par' dir='ltr' id='par_1_17' title="bbox 882 2233 1565 2746">
     <span class='ocr_line' id='line_1_56' title="bbox 929 2233 1565 2278; baseline 0.005 -12"><span class='ocrx_word' id='word_1_331' title='bbox 929 2235 1001 2276; x_wconf 76' lang='lat'>488.</span> <span class='ocrx_word' id='word_1_332' title='bbox 1009 2233 1130 2267; x_wconf 66' lang='lat' dir='ltr'><strong>Arsesa</strong></span> <span class='ocrx_word' id='word_1_333' title='bbox 1141 2233 1307 2278; x_wconf 82' lang='lat' dir='ltr'><strong>oppidum</strong></span> <span class='ocrx_word' id='word_1_334' title='bbox 1322 2233 1410 2268; x_wconf 84' lang='lat' dir='ltr'><strong>Latii</strong></span> <span class='ocrx_word' id='word_1_335' title='bbox 1421 2235 1484 2268; x_wconf 81' lang='lat' dir='ltr'><strong>sub</strong></span> <span class='ocrx_word' id='word_1_336' title='bbox 1500 2235 1565 2269; x_wconf 89' lang='lat' dir='ltr'><strong>Al-</strong></span> 
     </span>
     <span class='ocr_line' id='line_1_57' title="bbox 886 2286 1565 2330; baseline 0.003 -10"><span class='ocrx_word' id='word_1_337' title='bbox 886 2286 977 2320; x_wconf 79' lang='lat' dir='ltr'><strong>bano</strong></span> <span class='ocrx_word' id='word_1_338' title='bbox 998 2292 1119 2319; x_wconf 73' lang='lat' dir='ltr'><strong>monte</strong></span> <span class='ocrx_word' id='word_1_339' title='bbox 1134 2312 1142 2328; x_wconf 94' lang='lat'><strong>‚</strong></span> <span class='ocrx_word' id='word_1_340' title='bbox 1169 2299 1239 2330; x_wconf 91' lang='lat' dir='ltr'><strong>quo</strong></span> <span class='ocrx_word' id='word_1_341' title='bbox 1263 2287 1413 2320; x_wconf 71' lang='lat' dir='ltr'><strong>Dianam</strong></span> <span class='ocrx_word' id='word_1_342' title='bbox 1436 2287 1565 2322; x_wconf 85' lang='lat' dir='ltr'><strong>Tauri-</strong></span> 
     </span>
     <span class='ocr_line' id='line_1_58' title="bbox 884 2338 1562 2384; baseline 0.003 -11"><span class='ocrx_word' id='word_1_343' title='bbox 884 2351 961 2373; x_wconf 84' lang='lat' dir='ltr'><strong>cam</strong></span> <span class='ocrx_word' id='word_1_344' title='bbox 973 2365 982 2382; x_wconf 89' lang='lat'><strong>,</strong></span> <span class='ocrx_word' id='word_1_345' title='bbox 1001 2338 1187 2373; x_wconf 69' lang='lat' dir='ltr'><strong>interfecto</strong></span> <span class='ocrx_word' id='word_1_346' title='bbox 1198 2339 1358 2374; x_wconf 71' lang='lat' dir='ltr'><strong>Thoante</strong></span> <span class='ocrx_word' id='word_1_347' title='bbox 1370 2353 1467 2384; x_wconf 81' lang='lat' dir='ltr'><strong>rege,</strong></span> <span class='ocrx_word' id='word_1_348' title='bbox 1482 2353 1562 2375; x_wconf 87' lang='lat' dir='ltr'><strong>cum</strong></span> 
     </span>
     <span class='ocr_line' id='line_1_59' title="bbox 886 2391 1561 2436; baseline 0.001 -10"><span class='ocrx_word' id='word_1_349' title='bbox 886 2391 1065 2436; x_wconf 84' lang='lat' dir='ltr'><strong>Iphigenia</strong></span> <span class='ocrx_word' id='word_1_350' title='bbox 1082 2405 1199 2426; x_wconf 86' lang='lat' dir='ltr'><strong>sorore</strong></span> <span class='ocrx_word' id='word_1_351' title='bbox 1226 2393 1399 2427; x_wconf 84' lang='lat' dir='ltr'><strong>transtulit</strong></span> <span class='ocrx_word' id='word_1_352' title='bbox 1418 2393 1561 2430; x_wconf 78' lang='lat' dir='ltr'><strong>Orestes.</strong></span> 
     </span>
     <span class='ocr_line' id='line_1_60' title="bbox 887 2442 1562 2487; baseline 0.003 -11"><span class='ocrx_word' id='word_1_353' title='bbox 887 2442 938 2476; x_wconf 85' lang='lat' dir='ltr'><strong>Ea</strong></span> <span class='ocrx_word' id='word_1_354' title='bbox 962 2443 996 2476; x_wconf 87' lang='lat' dir='ltr'><strong>in</strong></span> <span class='ocrx_word' id='word_1_355' title='bbox 1022 2445 1178 2487; x_wconf 86' lang='lat' dir='ltr'><strong>proximo</strong></span> <span class='ocrx_word' id='word_1_356' title='bbox 1205 2457 1350 2478; x_wconf 87' lang='lat' dir='ltr'><strong>nemore</strong></span> <span class='ocrx_word' id='word_1_357' title='bbox 1375 2444 1465 2478; x_wconf 80' lang='lat' dir='ltr'><strong>culta</strong></span> <span class='ocrx_word' id='word_1_358' title='bbox 1490 2445 1562 2478; x_wconf 84' lang='lat' dir='ltr'><strong>ritu</strong></span> 
     </span>
     <span class='ocr_line' id='line_1_61' title="bbox 885 2495 1560 2541; baseline 0.003 -13"><span class='ocrx_word' id='word_1_359' title='bbox 885 2495 1071 2539; x_wconf 81' lang='lat' dir='ltr'><strong>peregrino</strong></span> <span class='ocrx_word' id='word_1_360' title='bbox 1084 2523 1092 2538; x_wconf 92' lang='lat'><strong>,</strong></span> <span class='ocrx_word' id='word_1_361' title='bbox 1111 2509 1181 2541; x_wconf 92' lang='lat' dir='ltr'><strong>quo</strong></span> <span class='ocrx_word' id='word_1_362' title='bbox 1197 2495 1285 2530; x_wconf 87' lang='lat' dir='ltr'><strong>servi</strong></span> <span class='ocrx_word' id='word_1_363' title='bbox 1302 2496 1560 2538; x_wconf 76' lang='lat' dir='ltr'><strong>mactabantur3</strong></span> 
     </span>
     <span class='ocr_line' id='line_1_62' title="bbox 886 2546 1560 2593; baseline 0.003 -13"><span class='ocrx_word' id='word_1_364' title='bbox 886 2547 1049 2593; x_wconf 83' lang='lat' dir='ltr'><strong>Hyginus</strong></span> <span class='ocrx_word' id='word_1_365' title='bbox 1061 2574 1070 2590; x_wconf 92' lang='lat'>‚</span> <span class='ocrx_word' id='word_1_366' title='bbox 1086 2546 1154 2582; x_wconf 79' lang='lat' dir='ltr'><strong>fab.</strong></span> <span class='ocrx_word' id='word_1_367' title='bbox 1168 2548 1230 2581; x_wconf 77' lang='lat' dir='ltr'><strong>26ss</strong></span> <span class='ocrx_word' id='word_1_368' title='bbox 1243 2563 1249 2586; x_wconf 84' lang='lat'>;</span> <span class='ocrx_word' id='word_1_369' title='bbox 1264 2547 1403 2582; x_wconf 79' lang='lat' dir='ltr'><strong>Solinus</strong></span> <span class='ocrx_word' id='word_1_370' title='bbox 1413 2573 1423 2590; x_wconf 87' lang='lat'>‚</span> <span class='ocrx_word' id='word_1_371' title='bbox 1436 2547 1492 2581; x_wconf 87' lang='lat' dir='ltr'><strong>lib.</strong></span> <span class='ocrx_word' id='word_1_372' title='bbox 1504 2548 1540 2583; x_wconf 87' lang='lat' dir='ltr'><strong>II</strong></span> <span class='ocrx_word' id='word_1_373' title='bbox 1550 2574 1560 2591; x_wconf 85' lang='lat'><strong>,</strong></span> 
     </span>
     <span class='ocr_line' id='line_1_63' title="bbox 882 2598 1562 2644; baseline 0.001 -12"><span class='ocrx_word' id='word_1_374' title='bbox 882 2611 959 2644; x_wconf 85' lang='lat' dir='ltr'><strong>pag.</strong></span> <span class='ocrx_word' id='word_1_375' title='bbox 980 2599 1027 2631; x_wconf 80' lang='lat'><strong>13.</strong></span> <span class='ocrx_word' id='word_1_376' title='bbox 1044 2598 1247 2633; x_wconf 86' lang='lat' dir='ltr'><strong>Secundum</strong></span> <span class='ocrx_word' id='word_1_377' title='bbox 1256 2599 1394 2633; x_wconf 76' lang='lat' dir='ltr'><strong>Graecos</strong></span> <span class='ocrx_word' id='word_1_378' title='bbox 1412 2599 1562 2643; x_wconf 81' lang='lat' dir='ltr'><strong>Sparten</strong></span> 
     </span>
     <span class='ocr_line' id='line_1_64' title="bbox 885 2650 1563 2686; baseline 0 -2"><span class='ocrx_word' id='word_1_379' title='bbox 885 2658 937 2684; x_wconf 84' lang='lat' dir='ltr'><strong>est</strong></span> <span class='ocrx_word' id='word_1_380' title='bbox 957 2650 1117 2685; x_wconf 82' lang='lat' dir='ltr'><strong>translata</strong></span> <span class='ocrx_word' id='word_1_381' title='bbox 1144 2658 1202 2685; x_wconf 90' lang='lat' dir='ltr'><strong>aut</strong></span> <span class='ocrx_word' id='word_1_382' title='bbox 1227 2652 1400 2685; x_wconf 91' lang='lat' dir='ltr'><strong>Brauron.</strong></span> <span class='ocrx_word' id='word_1_383' title='bbox 1425 2651 1563 2686; x_wconf 73' lang='lat' dir='ltr'><strong>Pausa-</strong></span> 
     </span>
     <span class='ocr_line' id='line_1_65' title="bbox 885 2701 1387 2746; baseline 0 -11"><span class='ocrx_word' id='word_1_384' title='bbox 885 2701 959 2739; x_wconf 84' lang='lat' dir='ltr'><strong>nias</strong></span> <span class='ocrx_word' id='word_1_385' title='bbox 979 2701 1184 2736; x_wconf 79' lang='lat' dir='ltr'><strong>conferatur</strong></span> <span class='ocrx_word' id='word_1_386' title='bbox 1199 2728 1209 2746; x_wconf 91' lang='lat'><strong>,</strong></span> <span class='ocrx_word' id='word_1_387' title='bbox 1232 2702 1305 2745; x_wconf 90' lang='lat'><strong>111,</strong></span> <span class='ocrx_word' id='word_1_388' title='bbox 1340 2701 1387 2735; x_wconf 80' lang='lat'><strong>16.</strong></span> 
     </span>
    </p>
   </div>
  </div>
 </body>
</html>
