1820 3106
333 226 1062 282 METAMORPHOSEON
1084 228 1226 271 ·LIB.
1270 229 1363 294 XI.

1480 231 1565 290 287

142 325 274 374 Hunc
298 324 410 374 circa
429 322 615 390 passim,
643 321 782 370 varias
803 320 1020 369 imitantia
1041 319 1228 378 formas,

144 402 324 452 Somnia
343 418 451 450 vana
471 399 616 465 jacent
637 397 847 455 totidem,
873 410 986 464 quot
1007 397 1165 448 messis
1191 397 1370 456 aristas,

146 479 264 528 Silva
286 477 399 543 gerit
419 475 624 534 frondes,
648 476 808 542 ejectas
830 475 938 525 litus
958 496 1124 527 arenas.

1504 491 1571 526 6¹5

146 557 252 622 Quo
273 553 404 605 simul
427 553 627 612 intravit,
646 553 940 622 manibusque
963 555 1188 604 obstantia
1209 557 1332 620 virgo

146 634 326 684 Somnia
348 631 554 689 dimovit,
577 632 712 681 vestis
733 631 910 696 fulgore
932 632 1096 682 reluxit

147 713 279 762 Sacra
296 710 487 768 domus;
511 709 722 776 tardaque
746 711 870 759 Deus
893 712 1107 774 gravitate
1129 713 1322 777 jacentes

146 790 234 839 Vix
256 787 410 838 oculos
435 787 614 846 tollens,
639 788 887 855 iterumque
909 789 1158 856 iterumque
1182 789 1383 839 relabens
1399 829 1410 848 ,

146 867 415 933 Summaque
436 864 688 932 percutiens
708 866 884 914 nutanti
907 879 1085 933 pectora
1109 879 1260 916 mento
1278 905 1290 925 ,

1508 883 1575 917 620

144 945 355 996 Excussit
373 944 549 992 tandem
573 944 660 992 sibi
685 963 752 1001 se;
776 944 1018 1011 cubitoque
1042 943 1212 993 levatus
1236 982 1248 1002 ,

147 1023 272 1089 Quid
295 1023 461 1080 veniat,
487 1033 706 1085 cognorat
726 1022 869 1080 enim,
894 1021 1102 1080 scitatur;
1127 1033 1172 1070 at
1192 1020 1268 1069 illa
1294 1041 1304 1069 :

151 1124 174 1145 «
202 1101 388 1159 Somne,
415 1099 540 1167 quies
562 1119 736 1156 rerum;
766 1098 1086 1166 placidissime,
1112 1099 1298 1157 Somne,
1324 1100 1544 1156 Deorum;

152 1201 175 1221 n
202 1179 294 1226 Pax
320 1177 483 1235 animi,
511 1195 643 1243 quem
666 1196 771 1225 cura
795 1176 932 1239 fugit3
961 1177 1037 1242 qui
1062 1175 1193 1224 corda
1215 1175 1386 1226 diurnis

153 1281 175 1300 »
199 1258 331 1305 Fessa
355 1255 614 1304 ministeriis
636 1254 824 1312 mulces,
847 1272 1115 1320 reparasque
1134 1252 1304 1310 labori3

1513 1269 1580 1302 625

153 1357 178 1378 »
206 1334 408 1392 Somnia,
436 1354 533 1402 quae
555 1353 678 1383 veras
701 1345 876 1400 aequent
898 1331 1140 1380 imitamine
1163 1330 1351 1388 formas,

193 1451 269 1486 613.
278 1453 415 1486 Passim
423 1478 432 1491 ,
447 1449 599 1498 dispersa
610 1450 684 1484 sine
695 1448 831 1483 ordine.

150 1505 288 1546 —Quot
301 1506 421 1537 messis
435 1509 499 1537 etc.
517 1501 666 1547 vulgaris
680 1514 831 1546 compa-

150 1556 249 1591 ratio.
267 1555 456 1590 selectiora
471 1554 575 1589 habet
592 1554 727 1589 Seneca
745 1554 830 1589 OEd.

149 1621 236 1644 vers.
248 1608 396 1654 fioosqq.
410 1608 441 1642 A
454 1603 611 1642 Lucieno
627 1619 831 1641 memoran-

151 1669 209 1696 tur
221 1672 366 1707 procera
383 1667 420 1695 et
428 1659 581 1694 humilia
596 1686 604 1703 ,
622 1658 777 1693 formosa
796 1665 831 1693 et

148 1713 312 1748 informia
324 1739 334 1757 ,
357 1712 512 1759 jucunda
525 1739 534 1755 ‚
564 1724 668 1747 aurea
681 1739 691 1755 ,
720 1712 807 1746 alata
820 1738 829 1755 ,

147 1773 272 1801 ornata
285 1766 593 1805 ,σηπία-63117,
612 1763 681 1799 sert
693 1791 702 1807 ,
715 1764 831 1799 habet.

148 1817 309 1855 Tibullus
319 1845 329 1862 ,
354 1818 390 1853 ll
404 1845 413 1860 ,
438 1828 478 1852 lv
489 1843 499 1860 ,
523 1817 565 1852 56
576 1843 586 1860 ,
613 1819 788 1861 Quidquid
801 1822 836 1850 e!

147 1873 321 1906 herbarum
344 1872 378 1904 Τ
373 1872 512 1903 bessula
528 1876 616 1903 terra
627 1872 723 1913 gerit.

193 1924 270 1960 616.
279 1926 504 1968 Μιηίόωφηε
511 1950 519 1958 .
530 1949 537 1956 .
546 1948 554 1955 .
562 1925 715 1959 dimovit.
726 1922 834 1968 utqui

150 1992 214 2025 per
227 1978 335 2013 densa
352 1973 501 2023 virgulta
518 1976 698 2011 incedunt.
719 1975 790 2017 Sed
808 1975 835 2010 si

141 2033 312 2078 jacebant
324 2030 460 2066 somnia
473 2057 482 2073 ‚
493 2042 567 2064 non
580 2029 766 2064 commode
777 2041 835 2075 po-

151 2090 269 2119 terant
284 2083 447 2118 manibus
462 2082 644 2118 dimoveri.
655 2083 828 2122 —Sacra,

152 2136 233 2181 quia
251 2135 407 2171 Somnus
422 2133 532 2170 Deus.
556 2135 724 2170 Heinsius
741 2147 835 2169 con—

151 2187 227 2233 jicit
248 2188 336 2222 Atm
356 2189 473 2221 domus
494 2200 504 2221 .·
523 2186 615 2221 male
628 2213 638 2229 ,
665 2193 834 2225 monente

152 2241 260 2278 etiam
269 2239 635 2285 Burmannus—Regii
649 2240 758 2274 nostri
771 2241 836 2274 Sa-

150 2292 381 2330 cra—Oculi,
397 2291 522 2336 quibus
532 2292 669 2337 obrepit
677 2304 835 2335 somnus,

151 2352 190 2380 ut
207 2345 318 2390 aperti
336 2344 483 2379 retineri
500 2351 701 2388 nequeant,
719 2355 837 2388 graves

149 2396 338 2440 dicuntur,
358 2404 394 2431 et
410 2396 492 2430 victi
513 2395 656 2430 tandem
674 2400 838 2440 gravante

143 2448 273 2492 jacent.
288 2449 326 2484 si
338 2448 437 2483 Deus
450 2448 584 2492 jacebat
598 2448 632 2481 in
645 2454 723 2481 tor-o
735 2473 745 2490 ,
763 2459 837 2481 non

149 2506 286 2546 poterat
291 2507 461 2544 percutere
467 2503 605 2534 nutanti
605 2506 744 2543 pectora
753 2512 838 2533 men-

150 2558 185 2585 to
197 2578 206 2590 ,
223 2551 260 2586 id
275 2551 370 2597 quod
387 2565 460 2586 non
479 2553 546 2586 nisi
565 2552 604 2586 iis
620 2552 738 2586 evenit
752 2578 761 2593 ,
780 2550 839 2596 qui

151 2603 315 2639 sedentes
325 2603 509 2638 dormiunt
521 2605 601 2639 :nisi
614 2604 724 2650 fingas
735 2631 744 2647 ,
757 2617 839 2639 eum

153 2667 235 2690 cum
257 2656 364 2690 oculis
386 2663 422 2690 et
443 2657 661 2701 superiorem
686 2656 840 2701 corporis

151 2715 290 2754 partem
316 2708 437 2743 tollere
461 2709 658 2743 identidem
682 2709 839 2744 voluisse.

158 2760 276 2806 Atque
290 2761 338 2795 ita
353 2761 444 2805 cepit
462 2759 562 2796 Rode
579 2763 708 2802 :sinkt,
727 2765 838 2796 indem

897 1460 935 1482 er
953 1449 1028 1482 sich
1052 1446 1244 1491 aufitkhten
1263 1449 1332 1482 will
1342 1473 1350 1490 ,
1379 1461 1423 1481 zu
1445 1449 1582 1482 ascher—-

896 1501 1008 1534 holten
1025 1500 1166 1533 Mahlen
1182 1501 1298 1533 wieder
1310 1502 1457 1545 zuriiclr„
1471 1499 1582 1544 Quo-—

896 1551 993 1585 niam
1011 1551 1287 1597 expergiscentes
1302 1563 1454 1585 somnum
1473 1564 1582 1585 excu—

896 1612 964 1639 tere
974 1604 1036 1638 sibi
1050 1604 1228 1647 dicuntur,
1242 1615 1315 1638 non
1328 1604 1442 1650 potuit
1455 1604 1584 1638 Noster

898 1657 940 1691 ab
952 1657 1097 1702 ingenio
1113 1670 1177 1691 suo
1194 1658 1382 1702 impetrare
1395 1683 1404 1699 ,
1422 1656 1506 1701 quin
1524 1655 1584 1689 ad-

898 1709 997 1744 deret
1010 1736 1018 1753 ,
1031 1712 1262 1744 excussitsibi
1269 1723 1315 1750 se,
1332 1709 1404 1744 fere
1416 1716 1456 1743 ut
1469 1708 1560 1742 Vlll
1573 1735 1583 1748 ,

899 1764 964 1810 819
976 1789 985 1805 ,
1006 1762 1048 1797 de
1067 1763 1176 1809 Fame
1193 1790 1201 1806 ‚
1223 1764 1328 1807 Seque
1343 1766 1415 1796 viro
1431 1765 1584 1804 inspirat.
1616 1808 1619 1810 Ι

898 1816 1024 1861 Neque
1042 1829 1126 1850 vero
1143 1817 1252 1862 surgit
1267 1843 1275 1859 ‚
1292 1816 1351 1851 sed
1370 1818 1481 1850 cubito
1498 1822 1585 1849 tan-

899 1875 976 1903 tum
1002 1871 1132 1903 levatur
1156 1869 1255 1903 Deus
1281 1879 1420 1903 sommo
1445 1867 1586 1910 tardus,

900 1921 983 1956 hinc
1000 1935 1087 1957 vers.
1103 1923 1169 1970 649
1185 1928 1287 1966 caput
1302 1922 1416 1957 solum
1430 1924 1590 1972 languore

900 1977 1045 2008 solutum
1064 1976 1208 2019 deponit.

945 2027 1021 2061 623.
1030 2028 1162 2067 Somne,
1172 2030 1265 2071 quies
1272 2038 1390 2066 rerum,
1401 2033 1467 2062 etc.
1482 2026 1561 2061 Con
1566 2026 1588 2060 s.

902 2092 982 2114 cum
1007 2079 1071 2114 hac
1098 2079 1365 2126 compellatione
1395 2079 1562 2126 Orpheus
1577 2107 1587 2123 ‚

903 2133 1037 2178 Argon.
1052 2146 1133 2167 1002
1143 2145 1243 2178 seqq,
1258 2140 1293 2167 et
1305 2132 1425 2180 hymn.
1436 2134 1479 2176 84
1493 2147 1500 2174 ;
1514 2133 1589 2168 Se-

902 2197 989 2219 neca
1004 2185 1109 2219 Herc.
1126 2185 1208 2219 Fur.
1232 2186 1325 2220 1065.
1344 2185 1414 2220 Sed
1432 2185 1589 2220 hocloco

903 2237 1124 2282 paucioribus
1135 2237 1250 2271 verbis
1262 2236 1407 2282 defungi
1422 2237 1591 2283 potuisset

900 2289 1069 2325 festinans
1088 2291 1162 2326 Iris.
1184 2289 1288 2325 Conf.
1303 2291 1407 2325 Silius
1420 2317 1429 2334 ,
1447 2291 1480 2325 X
1495 2317 1504 2333 ,
1525 2291 1587 2334 342

902 2345 1098 2387 sqq—Qui
1109 2345 1212 2377 corda
1229 2346 1359 2377 diurnis
1373 2356 1437 2388 pro
1452 2356 1592 2387 corpora

903 2397 996 2428 duris
1003 2395 1172 2429 Heinsius
1183 2408 1222 2429 ex
1234 2395 1423 2429 Basileensi
1437 2395 1588 2439 recepit;

904 2447 957 2481 IV
971 2473 980 2489 ,
999 2449 1086 2490 ²¹4;
1114 2447 1205 2481 Vlll
1219 2473 1227 2488 ,
1246 2447 1288 2480 83
1310 2447 1390 2480 :alii
1415 2453 1590 2491 quatuor,

904 2501 1051 2533 membra
1064 2502 1202 2534 diurmlr.
1211 2518 1255 2524 —
1267 2500 1366 2543 Regii
1383 2498 1494 2533 nostri
1514 2511 1591 2533 cor-

898 2565 986 2596 pora
1001 2556 1116 2591 durh:
1135 2553 1214 2586 felix
1230 2552 1372 2597 quidem
1386 2551 1592 2587 Basileensis

905 2604 1026 2646 lectio,
1044 2604 1103 2638 sed
1125 2604 1312 2638 auctoritas
1326 2604 1389 2638 alia
1405 2603 1591 2639 desidera·

905 2663 972 2691 tur.
990 2659 1053 2691 Ed.
1070 2675 1114 2682 -
1130 2659 1201 2699 Qui
1213 2660 1316 2691 corda
1333 2664 1398 2692 etc.
1417 2656 1591 2692 Eamdem

905 2709 978 2742 vim
1004 2708 1126 2743 iisdem
1151 2709 1266 2744 verbis
1290 2722 1394 2756 supra
1417 2709 1592 2744 alimentis

906 2762 1047 2806 tribuit,
1066 2763 1133 2805 IV,
1154 2764 1227 2796 215.
