1820 3106
260 281 350 344 476

637 287 689 331 Ρ.
727 287 962 334 OVIDII
997 290 1303 337 NASONIS

261 374 477 439 Corniger
497 379 751 446 exsequitur
771 381 956 432 Veneris
978 383 1182 433 mandata
1200 403 1211 442 ;
1235 385 1418 452 suisque

260 454 496 522 Quidquid
519 457 567 505 in
588 459 730 508 AEnea
747 459 889 509 fuerat
909 461 1092 511 mortale
1106 500 1118 520 ‚
1141 476 1350 530 repurgat
1367 503 1379 524 ‚

258 535 321 582 Et
341 535 557 601 respergit
576 538 702 603 aquis
724 558 734 587 ε
754 557 857 605 pars
882 540 1048 606 optima
1070 541 1234 589 restitit
1257 541 1338 591 illi.

189 666 191 673 s
257 612 514 660 Lustratum
537 615 736 676 genetrix
758 615 907 664 divino
933 635 1095 683 corpus
1119 618 1256 666 odore

1617 636 1686 672 605

259 689 423 748 Unxit‚
448 703 492 740 et
515 693 737 742 ambrosia
759 714 860 742 cum
884 694 1001 743 dulci
1024 708 1202 744 nectare
1222 697 1358 746 mixta

260 766 464 831 Contigit
488 789 539 818 os
554 807 565 828 ,
588 769 778 837 fecitque
798 773 943 819 Deum
964 791 974 820 ε
996 791 1126 838 quem
1151 773 1282 821 turba
1306 774 1488 837 Quirini

261 846 502 912 Nuncupat
524 847 799 910 Indigetem3
825 849 1079 916 temploque
1104 850 1277 917 arisque
1298 852 1477 918 recepit.

324 922 408 970 IX.
435 923 549 971 Inde
568 924 652 972 sub
678 925 859 973 Ascanii
883 925 1053 975 ditione
1068 926 1311 977 binominis
1334 927 1452 977 Alba
1467 965 1480 988 ,

283 1001 443 1066 'tesque
466 997 623 1050 Latina
646 1001 731 1050 fuit
750 1022 759 1050 :
783 1003 977 1052 succedit
1004 1003 1167 1053 Silvius
1188 1003 1254 1052 illi
1274 1025 1284 1053 :

1622 1023 1690 1070 610

261 1079 369 1140 Quo
394 1090 537 1137 satus,
557 1080 743 1146 antiquo
768 1081 910 1129 tenuit
926 1082 1112 1148 repetita
1131 1083 1318 1131 Latinus

261 1154 454 1202 Nomina
477 1174 576 1203 cum
601 1170 776 1223 sceptro
799 1177 808 1204 :
832 1156 999 1206 clarum
1023 1159 1148 1207 subit
1172 1159 1287 1207 Alba
1308 1159 1516 1208 Latinum
1537 1180 1550 1209 :

261 1231 421 1297 Epitos
441 1252 491 1281 ex
514 1232 621 1291 illo;
647 1247 752 1300 post
776 1235 894 1283 hunc
920 1236 1226 1302 Capetusque,
1255 1236 1484 1302 Capysque
1499 1275 1512 1296 ‚

264 1310 351 1358 Sed
372 1310 517 1377 Capys
540 1323 640 1359 ante
665 1311 751 1360 fuit
771 1331 780 1360 ε
801 1331 986 1375 regnum
1006 1312 1246 1362 Tiberinus
1269 1313 1324 1360 ab
1346 1311 1435 1361 illis

262 1447 400 1481 alveum
412 1447 572 1482 ulvosum
582 1456 617 1483 et
630 1449 810 1492 limosum3
821 1462 853 1484 v.
868 1451 941 1498 599.

306 1500 382 1534 602,
397 1502 572 1544 Cormgrem
594 1502 774 1537 Numicius
787 1516 794 1542 3
810 1502 888 1536 vide
900 1502 943 1536 ad

262 1551 316 1585 IX
328 1576 337 1593 ,
354 1553 603 1596 1-—Besperglt
611 1557 719 1597 aquis.
729 1553 852 1588 Heius.
865 1553 943 1588 scri-

262 1601 419 1635 bendu'm
433 1610 550 1637 censet
560 1606 698 1648 detergit
707 1608 816 1648 aquis,
832 1605 943 1653 ἀρχαϊ-

263 1660 322 1693 κῶς
337 1667 400 1699 pro
416 1657 574 1699 deterget,
593 1662 631 1690 ut
648 1657 772 1701 passim
785 1663 905 1702 poetae.

308 1706 384 1750 607.
407 1708 601 1751 Contt'agere
616 1708 663 1742 sic
682 1709 717 1743 II
730 1734 739 1751 ,
766 1709 827 1742 123
840 1722 849 1749 ;
864 1707 943 1742 vide

266 1756 391 1791 Heius.
407 1757 450 1791 ad
461 1757 583 1791 Amor.
601 1759 677 1801 111,
695 1771 709 1792 1
722 1785 731 1803 ,
745 1759 797 1803 64.
809 1759 944 1793 Datum

265 1808 297 1843 ei
310 1809 407 1843 Jovis
419 1809 473 1843 vel
485 1810 597 1844 Patris
609 1810 776 1856 Indigetis
787 1823 919 1845 nomen
933 1837 943 1854 ,

266 1869 479 1897 exstructum
497 1863 528 1898 ei
547 1863 590 1897 ad
610 1864 700 1909 ripas
714 1864 865 1899 Numicii
883 1877 945 1899 sa—

265 1913 391 1948 cellum
412 1928 493 1949 cum
516 1914 604 1950 luco.
624 1915 698 1949 Liv.
715 1915 748 1950 d.
768 1915 788 1950 l.
809 1929 827 1945 «
851 1915 945 1950 Situs

266 1979 286 1995 ν
304 1973 355 1999 est
374 1993 383 2009 ,
412 1980 671 2012 quemcumque
699 1980 781 2002 eum
810 1967 874 2002 dici
891 1968 947 2013 jus

267 2030 286 2046 »
303 2017 424 2062 fasque
441 2027 514 2063 est,
536 2032 641 2065 super
654 2020 857 2055 Numicium
874 2020 943 2054 flu-

267 2083 286 2099 »
306 2079 389 2105 men
409 2098 418 2115 ,
443 2072 572 2107 Jovem
600 2073 798 2118 Indigetem
823 2073 947 2118 appel-

265 2134 286 2152 )›
302 2119 387 2156 lant.
406 2138 424 2153 »
442 2125 612 2167 ‚Templum
626 2150 635 2167 ‚
657 2124 741 2158 illud
758 2125 921 2159 sacellum
934 2151 944 2168 ,

268 2181 343 2208 erat
360 2175 396 2208 in
413 2174 491 2210 luco
506 2176 601 2220 juxta
616 2176 946 2211 Numicium—Pro

267 2231 400 2272 ar1‘sque
417 2231 555 2272 recepit,
573 2228 668 2274 quod
691 2228 821 2263 habent
846 2228 947 2274 Regii

268 2278 402 2313 codices
415 2306 425 2323 ,
445 2279 605 2314 nonnulli
623 2283 753 2325 arisque
769 2283 904 2323 reponit.

311 2331 479 2378 609-771.
499 2335 681 2368 Pomonam
705 2333 823 2368 hortos
845 2333 945 2368 unice

269 2391 447 2418 amantem
464 2392 557 2419 amat
574 2387 768 2420 Vertumnus
784 2385 820 2419 in
837 2385 947 2420 varias

269 2435 397 2481 figuras
417 2443 494 2481 apte
518 2437 697 2472 transiens.
718 2437 841 2472 Sumta
865 2436 946 2471 anili

266 2488 384 2522 forma
404 2489 600 2523 Pomonam
619 2489 776 2534 exemplo
793 2490 947 2523 Anaxa—

267 2546 343 2574 retoe
359 2542 457 2584 Iphin
479 2541 674 2586 spernentis
690 2549 726 2575 et
747 2540 890 2575 tandem
909 2540 946 2574 in

269 2603 388 2625 saxum
399 2604 572 2626 conversae
583 2599 716 2634 monet,
727 2591 878 2626 utfastus
889 2601 947 2636 po-

268 2649 340 2676 nat.
351 2643 545 2688 Splendore
554 2643 679 2678 formae
690 2644 824 2688 capitur
834 2644 947 2690 Nym-

269 2695 349 2739 pha.
364 2696 493 2739 Poeta,
509 2709 622 2741 quum
638 2696 682 2731 ad
702 2703 861 2742 tempora
880 2709 948 2731 no·-

270 2747 358 2781 tiora
383 2747 454 2790 jam
479 2748 639 2792 accedat,
666 2748 947 2793 praemittendam

271 2798 421 2844 putavit,
435 2812 542 2835 nexus
554 2812 653 2836 causa
665 2826 673 2845 ‚
685 2801 946 2846 seriem-regum

1008 1450 1486 1490 Albanorum.-—B1'r10m1'm‘s,
1502 1448 1582 1495 quia
1593 1448 1688 1487 idem

1008 1509 1042 1536 et
1056 1502 1150 1536 Iulus
1167 1501 1276 1535 dictus
1291 1516 1298 1542 ;
1321 1500 1399 1535 vide
1414 1501 1573 1544 Livium,
1599 1501 1635 1544 1,
1656 1502 1688 1536 3.

1007 1572 1051 1579 —
1060 1555 1143 1588 Post
1157 1554 1292 1588 Silvium
1307 1554 1438 1588 omittit
1452 1553 1605 1588 AEneam
1618 1553 1690 1591 Sil-

1007 1604 1103 1638 vium
1117 1630 1126 1647 ,
1148 1604 1246 1648 cujus
1263 1603 1351 1638 filius
1369 1604 1438 1638 fuit
1454 1606 1599 1638 latinus
1617 1603 1688 1639 Sil-

1007 1656 1325 1698 vius.—Bepctitum
1336 1668 1454 1699 nomen
1466 1682 1474 1696 ,
1499 1655 1592 1700 quod
1604 1654 1688 1690 atius

1008 1708 1080 1753 jam
1088 1707 1171 1741 olim
1179 1707 1283 1741 habui
1289 1708 1428 1742 t.—-Pro
1438 1707 1689 1751 repetitaHein·

1008 1762 1077 1796 sius
1094 1761 1176 1794 olim
1192 1762 1338 1795 recidiva
1349 1787 1358 1800 ‚
1375 1767 1414 1795 ut
1427 1761 1519 1795 Fast.
1538 1761 1607 1804 lv,
1624 1762 1665 1804 45
1677 1787 1687 1804 ,

1008 1815 1155 1848 recidiva
1171 1813 1536 1847 vocabula—Latinus
1546 1819 1690 1847 vocatur

1009 1867 1130 1904 clarus,
1145 1863 1396 1908 quiaillustrior
1405 1864 1479 1909 ejus
1490 1862 1584 1898 fama
1597 1863 1690 1910 apud
1723 1878 1726 1884 ·

1010 1924 1165 1963 posteros
1178 1943 1186 1960 ‚
1208 1930 1313 1961 quam
1326 1923 1533 1952 caeterorum
1545 1929 1667 1963 regum
1676 1943 1688 1962 ‚

1011 1969 1167 2003 deductis
1182 1969 1223 2002 ab
1235 1980 1277 2002 eo
1289 1967 1418 2012 aliquot
1431 1967 1637 2003 coloniis.-—
1646 1967 1689 2002 In

1010 2021 1063 2055 his
1076 2020 1277 2054 nominibus
1287 2019 1440 2054 multum
1453 2019 1628 2054 haeserunt
1637 2019 1690 2053 in-

1010 2079 1180 2118 terpretes
1203 2087 1212 2114 ;
1247 2071 1324 2106 libri
1353 2071 1495 2116 plurimi
1516 2078 1553 2106 et
1578 2071 1690 2107 nostri

1012 2125 1112 2170 Regii
1124 2124 1209 2159 dant
1220 2126 1340 2159 Clarus
1354 2127 1446 2159 subit
1458 2137 1535 2159 ecce
1545 2126 1688 2168 Lauro,-

1011 2176 1112 2221 prim.
1126 2177 1237 2221 Naug.
1249 2177 1397 2211 mutavit
1407 2176 1444 2210 in
1451 2177 1556 2211 Alba.
1569 2178 1690 2211 Clarus

1012 2237 1130 2263 autem
1148 2237 1222 2264 erat
1241 2242 1371 2265 nomen
1394 2229 1574 2275 proprium
1587 2255 1596 2273 ,
1614 2242 1688 2263 non

1012 2280 1221 2325 adjectivum
1233 2295 1240 2322 ;
1255 2281 1535 2327 significabatque
1547 2290 1627 2316 eu'm
1637 2293 1688 2315 re-

1012 2344 1092 2377 gem
1106 2333 1164 2377 qui
1174 2332 1262 2366 Alba
1272 2332 1382 2367 dictus
1389 2332 1456 2366 fuit
1465 2358 1474 2375 ,
1484 2344 1568 2367 nam
1576 2331 1691 2376 poetis

1012 2391 1149 2418 mutare
1162 2383 1342 2418 interdum
1354 2384 1498 2430 nomina
1510 2382 1689 2427 convenit,

1013 2443 1153 2470 auctore
1167 2436 1290 2471 Servio
1303 2462 1311 2479 ,
1331 2443 1366 2470 et
1376 2448 1421 2470 ne
1438 2437 1570 2470 Clarum
1577 2434 1686 2479 signi-

1013 2488 1115 2522 ficare
1135 2488 1261 2522 Albam
1276 2487 1411 2522 dubites
1424 2513 1433 2530 ,
1447 2486 1543 2521 idem
1562 2492 1679 2531 poeta,

1012 2542 1048 2575 in
1059 2541 1146 2575 libro
1154 2540 1207 2575 IV
1218 2541 1308 2576 Fast.
1327 2541 1443 2583 Isque,
1463 2540 1586 2574 Latine
1596 2565 1605 2579 ,
1621 2540 1685 2572 riba

1006 2601 1108 2638 patet
1123 2600 1197 2634 επ,-
1220 2594 1311 2626 subit
1327 2592 1420 2626 Alba
1438 2592 1605 2625 Latt'num.
1626 2589 1688 2624 De-

1012 2645 1078 2680 hoc
1094 2646 1170 2680 loco
1184 2643 1261 2678 vide
1276 2643 1377 2688 plura>
1386 2642 1478 2687 apud
1490 2642 1690 2676 Burmann..

1012 2699 1079 2731 Ed.
1094 2715 1138 2723 --
1154 2698 1275 2740 Epitm
1292 2695 1398 2729 etiam
1415 2695 1505 2743 East.
1523 2693 1575 2728 IV
1588 2718 1597 2736 ,
1623 2693 1688 2737 433

1012 2747 1111 2781 Livio
1127 2747 1253 2782 dicitur.
1270 2746 1367 2793 A-tys.
1382 2763 1426 2772 —-
1439 2746 1665 2788 Capetusque..
1677 2768 1686 2776 .

1012 2798 1177 2844 ante-fuit.
1200 2799 1335 2844 Ingenii
1351 2798 1464 2842 lusus,
1482 2808 1588 2841 quem
1604 2807 1687 2841 sug-
