1820 3106
307 214 392 271 378

666 214 718 256 P.
760 213 994 258 OVIDII
1031 214 1336 260 NASONIS

305 303 533 370 Adspicite
556 306 631 353 en!
659 308 936 373 (vestemque
956 326 1087 356 manu
1113 308 1319 370 deducit)
1342 321 1411 367 et,
1433 309 1525 358 haec
1547 322 1652 365 sunt

308 381 492 430 Pectora
515 402 710 450 semper,
735 384 820 442 ait,
846 385 1000 434 vestris
1022 386 1207 434 exercita
1229 386 1375 435 rebus.

1648 402 1712 437 265

304 458 366 507 At
387 458 498 506 nihil
520 459 734 526 impendit
751 480 830 527 per
852 473 921 510 tot
942 462 1223 511 Telamonius
1243 482 1382 513 annos

305 536 540 599 Sanguinis
559 538 606 585 in
627 539 799 598 socios;
825 552 868 589 et
890 540 1023 588 habet
1043 541 1135 589 sine
1155 540 1332 590 vulnere
1354 560 1526 609 corpus.

304 614 427 679 Quid
452 627 594 663 tamen
613 616 699 665 hoc
722 617 853 666 refert
866 655 878 675 ‚
904 618 942 666 si
961 637 1006 667 se
1028 638 1110 685 pro
1131 618 1264 668 classe
1283 618 1466 682 Pelasga

302 690 437 738 Arma
461 690 613 740 tulisse
635 692 767 741 refert
792 705 943 742 contra
963 695 1190 760 Troasque
1205 732 1217 752 ‚
1240 695 1516 760 Jovemque?

304 767 615 835 Confiteorque
632 807 643 828 ‚
669 770 771 819 tulit
790 792 800 819 :
823 791 965 838 neque
990 772 1105 820 enim
1124 770 1350 820 benefacta
1368 770 1560 834 maligne

1647 795 1711 832 270

302 843 553 893 Detrectare
574 865 719 895 meum
744 859 812 895 est
830 867 840 895 :
862 848 938 896 sed
960 867 1040 896 nec
1065 848 1311 904 communia
1335 847 1456 896 solus

304 920 528 986 Occupet,
554 935 683 990 atque
705 923 895 990 aliquem
916 925 1044 972 vobis
1067 942 1244 990 quoque
1264 923 1417 972 reddat
1437 923 1651 973 honorem
1663 941 1675 982 3

302 998 517 1065 Reppulit
540 1001 796 1058 Actorides,
822 1001 905 1049 sub
928 1001 1116 1062 imagine
1140 1012 1263 1049 tutus
1287 999 1495 1059 Achillis,

299 1107 473 1140 &honesta
498 1107 533 1140 in
551 1115 648 1152 tergo
661 1122 668 1149 ;
694 1108 784 1143 Fast.
808 1109 844 1143 II
862 1134 871 1151 ,
897 1122 934 1142 21
944 1122 970 1142 1.

299 1157 361 1190 Illa
372 1158 552 1192 bellatores
563 1160 791 1203 periclitantes
801 1160 971 1205 judicibus

302 1209 472 1253 populove
493 1210 676 1246 ostendere
697 1211 854 1246 solebant
877 1219 970 1246 veste

298 1260 451 1295 detracta
467 1269 525 1296 aut
539 1262 656 1307 scissa,
670 1276 798 1309 magno
815 1264 971 1308 plerum—

298 1324 364 1356 que
381 1325 444 1347 suo
459 1313 553 1348 bono
564 1340 574 1357 ,
592 1321 631 1348 ut
649 1315 701 1348 M.
716 1315 869 1350 Manlius
879 1316 970 1361 apud

296 1363 452 1406 Livium,
469 1365 521 1399 VI
535 1390 543 1406 ,
562 1378 603 1399 20
618 1379 626 1407 ;
643 1366 694 1400 M.
713 1367 889 1412 Aquilius,
908 1380 972 1401 cu-

296 1415 350 1458 jus
379 1423 546 1460 patronus
571 1431 638 1451 non
670 1421 831 1452 orationis
856 1421 972 1453 habuit

283 1469 448 1512 fiduciam
463 1494 471 1507 ,
495 1470 560 1502 sed
575 1471 682 1502 oculis
695 1473 814 1513 populi
825 1472 975 1504 Romani

296 1521 363 1552 vim
383 1521 521 1560 attulm·
547 1519 698 1563 Quintil.
718 1521 801 1554 lnst.
825 1521 859 1555 Il
877 1546 886 1563 ,
920 1523 968 1555 15.

299 1569 433 1605 Confer
453 1571 525 1606 Cic.
543 1571 607 1606 Or.
627 1572 661 1607 ll
675 1598 685 1615 ‚
715 1575 764 1607 28.
783 1572 882 1606 Idem
901 1585 969 1617 pe-

294 1624 521 1660 riclitantibus
548 1625 668 1660 suadet
686 1626 941 1671 ‘Quintilianus
956 1655 965 1672 ,

297 1678 381 1712 Inst.
402 1678 453 1711 VI
465 1702 474 1719 ‚
503 1691 529 1711 1.
547 1679 668 1722 Itaque
682 1685 719 1713 vet
735 1679 875 1726 Ulysses
891 1679 969 1714 essi-

294 1742 371 1763 cace
389 1729 456 1764 hoc
471 1730 616 1765 artificio
635 1731 755 1766 utitur.
770 1750 813 1757 —
833 1733 938 1766 Vanis
953 1758 961 1772 ,

297 1794 373 1826 quae
384 1795 472 1817 vana
483 1796 554 1818 esse
565 1791 720 1829 possunt,
732 1791 768 1818 et
776 1796 863 1829 saepe
876 1791 968 1818 sunt.

296 1834 434 1867 -Mox
450 1834 628 1869 dubitatur
642 1842 760 1870 utrum
780 1838 909 1870 diducit
921 1835 970 1870 le-

297 1886 451 1930 gendum
465 1887 525 1930 sit,
539 1887 632 1931 quod
648 1887 778 1932 recepit
792 1888 971 1922 Burman·-

296 1952 361 1973 nus
370 1964 379 1981 ,
392 1952 436 1973 an
447 1941 600 1981 deduxit,
621 1939 713 1984 quod
728 1946 847 1974 tuetur
860 1940 969 1974 Hein-

295 1990 364 2025 sius
375 1991 558 2025 meliorum
571 1991 667 2026 MSS
680 1992 893 2036 auctoritate,
906 2006 969 2038 pro

296 2053 365 2086 quo
378 2042 479 2086 prim.
493 2043 687 2087 Hamburg.
699 2050 734 2078 et
746 2043 898 2088 quinque
913 2044 969 2078 alii

293 2096 434 2129 deducit.
447 2094 587 2139 Ubique
602 2094 673 2129 sere
691 2095 762 2130 haec
778 2095 850 2129 duo
863 2095 968 2129 verba

295 2160 312 2182 a
330 2147 475 2183 librariis
487 2148 629 2182 confusa
645 2148 868 2192 reperiuntur
887 2161 894 2182 :
913 2150 967 2181 di·-

293 2200 410 2232 ducere
422 2206 542 2233 vestem
554 2225 561 2238 ‚
583 2210 660 2232 eam
676 2198 711 2232 in
725 2198 872 2232 diversas
887 2211 968 2243 par-

293 2257 344 2284 tes
359 2249 495 2284 trahere
505 2276 514 2292 ,
531 2262 613 2283 nam
626 2251 777 2284 diducere
786 2250 968 2294 separatio-

295 2313 378 2334 nem
392 2308 510 2342 notat;
529 2302 703 2341 deducere,
729 2313 806 2334 eam
822 2313 841 2334 a
856 2314 967 2345 supe-

294 2353 386 2386 riore
406 2353 560 2397 corporis
582 2359 676 2397 parte
698 2351 878 2386 detrahere
893 2378 902 2395 ‚
927 2358 967 2386 ut

294 2405 351 2440 III
360 2431 368 2446 ‚
383 2405 457 2447 480.
466 2404 600 2439 Tunica
611 2404 752 2448 quidem
763 2403 966 2438 Graecorum

295 2461 330 2488 et
355 2454 600 2489 Romanorum
623 2456 677 2488 vix
699 2457 816 2489 diduci
826 2456 937 2500 potuit
954 2482 963 2500 ,

295 2506 360 2540 nisi
376 2506 485 2541 scissa.
500 2506 594 2541 Hinc
607 2518 671 2540 nos
683 2508 816 2540 deducit
826 2519 967 2541 revoca—

295 2557 416 2592 vimus.
427 2577 471 2583 —
482 2557 583 2602 Regii
601 2557 734 2592 codices
754 2558 856 2591 ambo
871 2560 968 2592 didu-

294 2613 355 2642 τὴν.
364 2627 406 2635 -
424 2612 620 2651 Exercitum
636 2609 761 2643 multas
773 2609 944 2644 molestias
956 2636 965 2654 ,

291 2660 425 2695 labores
442 2674 640 2706 perpessus3
666 2662 701 2695 II
721 2687 730 2704 ‚
753 2662 812 2707 287
832 2675 840 2702 ;
869 2661 964 2704 Vll,

295 2712 368 2755 634.
384 2713 601 2748 Nominatim
612 2713 737 2748 milites
751 2713 904 2750 veterani
920 2712 966 2747 di-

1035 1115 1163 1142 cuntur
1170 1112 1316 1143 exerciti.
1325 1127 1368 1134 —
1382 1111 1508 1146 Vestris
1519 1110 1613 1144 rebus
1622 1135 1631 1148 ‚
1645 1121 1708 1153 pro

1035 1159 1141 1193 salute
1152 1166 1274 1201 vestra,
1286 1172 1394 1204 quum
1402 1172 1506 1204 opem
1513 1159 1640 1194 ferrem
1652 1172 1709 1192 vo·

1035 1211 1085 1244 bis
1102 1211 1344 1246 laborantibus.
1366 1211 1536 1245 Gronovii
1553 1211 1684 1256 primus
1695 1236 1705 1255 ‚

1035 1270 1070 1297 et
1084 1262 1154 1297 duo
1165 1263 1239 1306 alii,
1259 1268 1377 1299 vestris
1385 1267 1532 1298 exercita
1544 1268 1653 1305 curis‚·
1668 1270 1707 1298 ut

1035 1319 1123 1349 curis
1143 1319 1291 1350 exercita
1302 1328 1437 1360 corpora
1457 1316 1529 1350 VII
1541 1341 1550 1358 ‚
1568 1315 1634 1359 634
1644 1340 1654 1358 ,
1671 1322 1707 1349 et

1037 1367 1124 1409 XV,
1151 1367 1221 1412 768.
1241 1366 1341 1412 Regii
1358 1366 1428 1401 duo
1442 1370 1590 1401 exercita
1603 1367 1708 1400 rebus.

1035 1418 1131 1451 —At
1137 1420 1225 1451 nihil
1231 1421 1392 1462 impendit
1401 1425 1464 1452 etc.
1477 1417 1559 1453 Sixii
1570 1423 1606 1452 et
1616 1429 1706 1452 unus

1035 1471 1171 1505 Heinsii
1187 1474 1352 1515 expendit.
1368 1472 1556 1515 Impendere
1568 1469 1708 1514 sungui—

1033 1533 1107 1554 nem
1122 1525 1156 1554 in
1172 1524 1283 1554 socios
1302 1533 1365 1565 pro
1379 1521 1511 1565 vulgari
1525 1546 1535 1564 ,
1557 1519 1706 1554 sundere

1031 1574 1238 1618 sanguinem
1258 1586 1320 1618 pro
1337 1574 1455 1614 sociis3
1481 1573 1586 1607 etiam
1606 1570 1707 1606 Cur-

1033 1626 1098 1660 tius
1112 1651 1121 1669 ,
1145 1626 1198 1661 IV
1211 1652 1220 1669 ‚
1246 1637 1269 1660 x
1287 1653 1296 1670 ,
1323 1626 1343 1659 3
1360 1639 1368 1660 :
1386 1627 1429 1659 In
1446 1629 1545 1660 unius
1564 1627 1708 1660 hominis

1022 1678 1245 1721 jactationem
1271 1684 1322 1711 tot
1349 1680 1487 1711 millium
1514 1679 1706 1720 sanguinem

1032 1730 1295 1773 impendi—Pro
1305 1733 1415 1764 classe
1430 1730 1595 1773 Pelasga;
1605 1729 1706 1773 quin—

1034 1794 1100 1826 que
1119 1794 1128 1815 :
1143 1785 1178 1816 si
1189 1793 1225 1815 sc
1235 1794 1299 1825 pro
1308 1784 1437 1821 classe,
1456 1781 1610 1825 Pelasgi,
1633 1781 1721 1814 Ar-¹

1033 1847 1088 1867 ma
1105 1841 1168 1868 etc.
1463 1836 1473 1847 ²

1078 1899 1152 1930 270.
1170 1887 1282 1930 Neque
1295 1888 1382 1919 enim
1398 1891 1462 1919 etc.
1477 1884 1633 1920 Observa
1645 1897 1705 1919 ve-

1033 1937 1237 1971 teratorium
1254 1932 1387 1984 Ulyssis
1401 1935 1582 1981 ingenium
1598 1961 1608 1978 ‚
1630 1933 1703 1969 non

1033 1989 1139 2023 modo
1163 1989 1200 2023 in
1223 1989 1356 2032 verbis,
1373 2001 1474 2033 neque
1495 1991 1583 2022 enim
1606 1990 1704 2022 bene-

1022 2041 1127 2084 facta
1141 2048 1205 2075 etc.
1221 2040 1282 2075 sed
1298 2041 1402 2075 etiam
1415 2041 1452 2074 in
1467 2040 1530 2074 illio
1541 2066 1550 2082 ,
1567 2041 1631 2074 sed
1642 2052 1703 2074 nec

1031 2096 1231 2127 communia.
1241 2119 1248 2125 .
1262 2116 1270 2124 .
1279 2094 1444 2131 honorem,
1470 2104 1548 2136 quae
1561 2092 1703 2126 univer-

1030 2144 1074 2178 sis
1089 2143 1218 2178 Graeeis
1231 2142 1389 2176 odiosum
1403 2142 1534 2177 faciunt
1549 2142 1700 2187 Ajacem.

1031 2194 1181 2229 —Multi
1190 2197 1392 2235 detractare,
1410 2202 1450 2228 ut
1464 2196 1509 2236 V,
1520 2194 1592 2237 246.
1602 2193 1702 2238 Regii

1031 2245 1164 2280 codices
1173 2246 1473 2280 detrectare—Sed
1483 2257 1544 2280 nec
1559 2257 1703 2279 commu-

1030 2301 1110 2339 n1·a;
1127 2298 1229 2342 vulgo
1252 2298 1265 2339 (
1284 2303 1319 2331 et
1334 2297 1371 2330 in
1385 2296 1501 2330 codice
1519 2295 1630 2340 Regio
1648 2295 1701 2335 B)

1030 2352 1126 2383 modo
1136 2362 1178 2383 ne
1187 2351 1368 2383 communia
1378 2359 1391 2389 ‚·
1406 2347 1560 2392 plerique
1571 2347 1584 2390 (
1594 2353 1629 2381 et
1642 2358 1702 2380 co-

1031 2401 1094 2435 dex
1106 2399 1166 2445 A)
1181 2403 1289 2435 sedne
1298 2399 1568 2443 ete—occupet,
1587 2411 1624 2432 se
1633 2398 1701 2432 im·
1768 2407 1772 2411 ’

1012 2482 1015 2484 ,
1030 2452 1145 2487 mittat
1171 2452 1208 2485 in
1237 2452 1485 2496 possessionem
1510 2462 1643 2485 eorum.
1658 2457 1701 2475 -'-

1030 2506 1166 2539 Reddat
1175 2530 1183 2544 ‚
1199 2503 1372 2548 relinquat
1383 2528 1392 2544 ,
1402 2502 1502 2536 cedat
1511 2515 1520 2543 3
1533 2500 1606 2537 Cic.
1615 2501 1699 2536 Sull.

1030 2559 1073 2592 30
1082 2583 1091 2600 ,
1106 2559 1183 2592 Non
1192 2559 1289 2591 modo
1298 2557 1385 2590 nihil
1390 2557 1628 2596 milziassumo,
1641 2555 1704 2588 sed

1029 2613 1128 2644 etrum
1143 2610 1245 2643 reddo
1259 2621 1302 2643 ac
1316 2610 1453 2642 remitto.

1074 2661 1145 2705 273.
1162 2661 1340 2695 Actorides
1350 2687 1358 2701 ‚
1380 2658 1558 2694 Patroclus
1569 2659 1699 2701 ‚neto-

1029 2712 1075 2747 ris
1082 2725 1189 2758 nepos
1197 2738 1207 2757 ‚
1221 2715 1282 2748 sub
1291 2715 1436 2756 imagine
1446 2718 1535 2746 tutus
1543 2712 1697 2750 Achillan.
