1820 3106
304 235 397 280 ‘126

676 237 727 279 P.
769 236 1011 281 OVIDII
1051 235 1356 281 NASONIS

311 353 332 372 n
360 330 421 378 Di
440 328 621 378 melius!
645 330 708 378 Di
728 349 886 397 nempe
909 349 1010 379 suas
1033 329 1224 380 habuere
1248 349 1434 379 sorores.

311 430 333 450 »
361 408 435 456 Sic
460 407 675 456 Saturnus
700 409 836 474 Opim
853 446 864 467 ‚
887 409 1085 474 junctam
1108 408 1196 457 sibi
1218 408 1453 471 sanguine,
1480 407 1629 466 duxit,

311 507 333 527 »
360 486 563 533 Oceanus
581 484 755 550 Tethyn
770 522 782 542 ‚
804 487 1028 534 Junonem
1049 497 1197 534 rector
1221 485 1418 553 Olympi.

311 585 332 605 »
361 563 477 610 Sunt
497 563 679 629 Superis
700 582 778 611 sua
798 564 896 628 jura
917 583 927 611 :
952 563 1060 630 quid
1084 563 1139 612 ad
1164 563 1350 612 caelestia
1370 563 1482 612 ritus

309 662 332 682 »
358 641 544 703 Exigere
568 641 786 690 humanos
801 679 812 699 ‚
839 641 1098 708 diversaque
1119 641 1281 690 soedera
1303 653 1426 690 tento
1445 643 1464 689 ,Ρ

1664 653 1730 687 500

308 740 332 760 n
359 718 452 766 Aut
472 730 628 767 nostro
653 720 815 769 vetitus
838 719 891 767 de
915 719 1045 768 corde
1061 719 1290 782 fugabitur
1311 719 1468 769 ardor:

306 818 330 838 2>
354 796 470 852 Aut,
494 797 579 845 hoc
604 797 641 845 si
663 816 834 864 nequeo
850 834 862 854 ,
885 817 1080 864 peream,
1104 816 1280 863 precor,
1305 808 1432 854 ante3
1456 808 1646 862 toroque

307 898 330 916 »
359 876 541 923 Mortua
567 894 807 942 componar
821 914 833 934 ,
854 876 1101 942 positaeque
1123 875 1199 923 det
1221 874 1371 923 oscula
1392 873 1538 922 frater.

309 975 338 1000 »v
359 954 420 1000 Et
443 965 589 1003 tamen
612 953 845 1002 arbitrium
868 953 1024 1020 quaerit
1044 971 1114 1000 res
1136 952 1221 1000 ista
1243 952 1447 1000 duorum.

308 1051 331 1070 »
358 1030 497 1092 Finge
518 1028 689 1095 placere
711 1029 822 1078 mihi
842 1050 852 1077 :
874 1029 1015 1078 scelus
1039 1048 1131 1078 esse
1153 1029 1376 1078 videbitur
1396 1028 1475 1076 illi.
1638 1023 1731 1074 ‘505

308 1130 330 1148 »
358 1107 421 1154 At
441 1125 535 1155 non
558 1105 746 1156 AEolidae
770 1106 988 1156 thalamos
1014 1107 1197 1156 timuere
1218 1125 1433 1156 sororum.

306 1207 328 1227 »
356 1184 486 1232 Unde
508 1184 585 1233 sed
606 1185 691 1233 hos
713 1185 852 1233 novi?
874 1205 952 1234 cur
972 1185 1065 1233 haec
1090 1184 1287 1251 exempla
1305 1184 1487 1251 paravi?

307 1285 329 1304 >›
357 1263 461 1325 Quo
487 1261 639 1311 feror?
661 1263 877 1312 obscoenae
900 1262 1059 1330 procul
1080 1263 1185 1311 hinc
1209 1261 1421 1311 discedite
1442 1260 1649 1319 ssammae;

308 1363 330 1382 »
355 1341 472 1397 Nec,
498 1340 585 1388 nisi
607 1360 693 1406 qua
715 1340 780 1389 fas
801 1352 867 1388 est
890 1359 1126 1402 germanae,
1152 1341 1285 1390 frater
1306 1353 1489 1391 ametur.

305 1439 328 1459 »
358 1417 406 1464 Si
428 1428 572 1465 tamen
596 1417 692 1483 ipse
714 1418 802 1465 mei
825 1429 979 1484 captus
1000 1418 1124 1484 prior
1142 1430 1259 1468 esset
1281 1437 1455 1477 amore,

303 1549 377 1584 VII
389 1573 399 1591 ,
415 1549 455 1595 37
472 1563 481 1591 ;
501 1549 617 1584 Tibul.
635 1549 691 1586 III
704 1575 713 1592 ,
733 1560 785 1592 lv,
803 1563 815 1583 1
829 1575 838 1593 ,
856 1550 985 1584 Dime—

298 1605 386 1636 liora
391 1601 512 1646 strant
519 1629 527 1643 ,
549 1615 611 1636 nec
626 1606 696 1636 sint
709 1605 877 1638 insomnia
895 1615 982 1637 vera.

302 1655 397 1689 Male
423 1667 507 1699 ergo
533 1654 624 1689 Rod.
645 1667 654 1688 :
681 1655 754 1691 W'e
773 1657 884 1689 besser
905 1656 989 1693 sind

301 1708 386 1740 doch
393 1709 447 1747 die
459 1708 597 1741 Goeller
605 1707 712 1740 daran
723 1706 732 1740 !
741 1707 909 1750 —Nempe
919 1705 983 1739 ob·-

300 1759 443 1803 jectioni
457 1772 554 1794 nunc
565 1759 933 1796 inservit.—Habuere
944 1758 982 1792 in

301 1811 541 1846 matrimonio.

344 1864 419 1910 499.
436 1864 522 1899 Sunt
534 1864 668 1907 Supm‘s
685 1876 750 1898 sua
765 1869 829 1898 etc.
845 1862 928 1897 Jam
944 1875 981 1898 se

298 1915 451 1961 corrigit.
461 1916 548 1949 Sunt
554 1927 565 1957 ,·
578 1915 745 1950 Heinsius
752 1915 893 1960 conjicit
902 1917 981 1949 siat.

298 1968 461 2003 -Nostri
474 1968 575 2013 Regii
586 1968 798 2011 suna—Sua,
813 1967 893 2012 ipsis
904 1979 982 2012 pro,-

300 2021 374 2066 pria
391 2028 426 2055 et
438 2021 480 2057 ab
492 2021 655 2058 humanis
671 2020 805 2056 diversa
818 2047 828 2064 ,
845 2023 896 2054 ad
909 2034 981 2055 coe-

296 2075 398 2109 lestt'a
414 2077 560 2117 engere,
581 2085 660 2109 cum
677 2072 866 2107 caelestibus
882 2084 981 2108 com-

299 2137 421 2170 parare
434 2150 444 2167 ,
462 2131 498 2159 et
513 2124 562 2159 sic
578 2137 703 2159 eorum
720 2124 873 2168 pretium
890 2123 982 2158 aesti-

300 2177 629 2215 mare.—Faedera,
647 2175 873 2210 matrimonia
887 2201 896 2217 ‚
922 2181 981 2209 aut

300 2226 447 2261 omnino
471 2227 559 2271 jura.
583 2229 703 2260 Foedus
726 2239 833 2262 omne
855 2225 915 2269 id,
936 2225 980 2260 de

301 2291 372 2325 quo
388 2279 481 2316 inter
497 2278 613 2323 plures
629 2279 804 2313 convenit.

344 2332 419 2366 505.
450 2332 654 2374 Componar,
677 2334 874 2375 posita-que.
896 2330 981 2366 Post

297 2396 485 2427 componat,
502 2383 630 2428 repetit
636 2382 780 2427 simplex
785 2386 974 2426 positaque,

300 2443 340 2470 ut
367 2435 482 2478 VIII,
513 2435 578 2471 653
597 2460 606 2478 ,
634 2441 763 2469 resecat
784 2441 980 2479 sectamque.

303 2490 500 2531 Componere
506 2501 615 2533 quum
624 2488 772 2522 omnino
780 2487 824 2522 sit
830 2500 980 2531 ,ornarez

299 2539 406 2573 etiam
422 2539 575 2583 mortui,
595 2552 677 2574 cum
695 2546 822 2574 ornatu
840 2538 980 2575 funebri

300 2590 512 2626 decorantur
531 2591 574 2625 ad
592 2591 768 2636 exsequias
781 2617 790 2634 ,
815 2590 980 2627 dicuntur

297 2646 457 2686 componi.
470 2643 588 2677 Ardor
601 2643 766 2690 Byblidos
780 2650 897 2678 tantus
907 2650 958 2679 est
967 2670 976 2687 ,

297 2701 338 2730 ut
348 2696 458 2739 posita
470 2697 575 2730 etiam
586 2699 703 2731 oscula
714 2704 811 2741 optet
826 2710 846 2731 a
862 2698 980 2732 fratre.

343 2750 419 2792 504.
442 2750 492 2783 Et
509 2756 636 2790 tamen,
667 2750 834 2786 Heinsius
856 2750 980 2786 suadet

1665 1431 1730 1464 510

1050 1549 1422 1594 &dtamen—Regin,
1434 1549 1465 1583 B
1478 1574 1487 1592 ,
1505 1549 1558 1584 A!
1564 1554 1731 1583 tamen.—

1050 1605 1235 1638 Arbitrium
1245 1630 1253 1644 ,
1273 1603 1422 1638 lubitum
1432 1629 1442 1647 ,
1459 1602 1731 1637 voluntatem.—

1054 1658 1195 1700 Quaetit,
1218 1655 1386 1701 requirit,
1403 1667 1490 1700 opus
1506 1654 1620 1689 habet.

1094 1708 1169 1742 506.
1181 1708 1232 1743 At
1245 1720 1311 1741 non
1322 1708 1473 1742 AEolidoe.
1490 1706 1572 1741 Non
1588 1705 1731 1751 attingi-

1049 1766 1109 1795 tur
1124 1759 1179 1795 hic
1194 1785 1204 1803 ,
1228 1766 1268 1794 ut
1286 1759 1430 1802 Safflius
1450 1758 1614 1804 putabat,
1640 1758 1730 1792 Ma—

1048 1811 1138 1846 carei
1166 1818 1202 1847 et
1227 1810 1383 1846 Canaces
1407 1811 1523 1845 sabula
1541 1825 1550 1852 ;
1581 1822 1666 1844 nam
1689 1822 1729 1844 ea

1047 1865 1162 1909 potius
1178 1864 1337 1900 valuisset
1347 1863 1390 1898 ad
1405 1862 1655 1909 extinguendas
1665 1862 1731 1897 ob-

1046 1928 1176 1951 ecoenas
1185 1915 1341 1962 Byblidis
1351 1915 1528 1957 flammas3
1540 1915 1600 1950 sed
1609 1917 1729 1950 AEolns

1045 1980 1103 2003 sex
1114 1967 1201 2003 filios
1213 1967 1372 2003 habuisse
1383 1967 1521 2013 legitur,
1535 1966 1659 2012 quibus
1670 1973 1729 2000 so-

1045 2033 1143 2056 rores
1155 2021 1191 2055 in
1204 2020 1476 2055 matrimonium
1484 2019 1640 2061 dederit3
1655 2019 1729 2053 Ho-

1046 2085 1165 2107 merus
1178 2098 1187 2115 ,
1203 2071 1274 2107 Od.
1286 2078 1315 2107 Κ
1328 2098 1337 2115 ,
1357 2071 1437 2107 6.-
1449 2073 1612 2112 flauere,
1630 2083 1728 2106 aver-

1044 2124 1109 2162 sati
1124 2131 1215 2160 sunt.
1240 2125 1320 2158 Hoc
1342 2123 1478 2170 gravius
1497 2131 1568 2167 est,
1596 2135 1702 2168 quam
1716 2149 1725 2166 ,

1046 2177 1139 2223 quod
1157 2177 1324 2212 Heinsius
1345 2177 1473 2220 suasit,
1494 2183 1529 2211 et
1547 2175 1636 2212 Rod.
1657 2189 1725 2222 ap-

1044 2229 1202 2275 probavit
1219 2255 1228 2272 ,
1253 2242 1395 2264 renuere.
1418 2229 1487 2264 Sex
1509 2236 1640 2264 tenuere
1654 2241 1666 2272 ‚·
1691 2235 1726 2263 et

1045 2283 1273 2317 Burmannus
1282 2281 1402 2315 mallet
1411 2282 1465 2316 At
1473 2282 1726 2315 nonneAEoluae

1044 2337 1212 2369 thalamos
1234 2341 1363 2368 tenuere
1385 2346 1542 2367 summm.
1561 2349 1605 2357 —
1624 2332 1725 2378 Regii

1045 2386 1156 2421 nostri
1173 2385 1359 2420 lectionem
1379 2384 1495 2419 datam
1512 2390 1669 2418 tuentur.
1682 2401 1726 2409 -·

1045 2441 1137 2481 Hos,
1163 2446 1234 2474 tam
1252 2439 1412 2483 antiquos
1429 2444 1464 2472 et
1478 2437 1583 2483 vulgo
1599 2449 1725 2482 parum

1045 2499 1157 2527 notos.
1170 2491 1336 2526 Adfectus
1348 2502 1388 2524 ea
1398 2489 1498 2524 nobis
1507 2488 1703 2535 suppeditat
1713 2516 1722 2533 ,

1046 2556 1123 2589 quae
1133 2556 1198 2578 nos
1208 2544 1293 2578 scire
1303 2542 1366 2587 ipsi
1376 2542 1621 2587 ignorabamus
1632 2548 1723 2576 ante.

1044 2598 1231 2635 -Pamvi‚
1252 2600 1336 2628 nota
1352 2593 1439 2628 mihi
1455 2593 1577 2629 seci.-
1586 2595 1660 2636 Quo
1663 2593 1723 2638 se-

1044 2650 1123 2683 ror?
1136 2646 1178 2681 ad
1190 2656 1340 2691 quorum
1354 2645 1593 2690 exemplorum
1604 2644 1722 2678 imita·

1044 2698 1177 2732 tionem
1189 2696 1468 2742 rapitmesuror?
1477 2698 1562 2738 Nec;
1574 2695 1722 2731 Heinsio

1044 2750 1153 2794 placet
1162 2763 1211 2784 ne.
1220 2752 1345 2792 -Qua
1354 2776 1361 2790 ,
1382 2756 1552 2793 quantum
1564 2774 1573 2792 ,
1587 2755 1625 2783 ut
1635 2759 1718 2782 vers.
