1820 3106
251 285 968 347 METAMORPHOSEON
1014 305 1144 347 ΜΒ.
1186 305 1340 348 x111.

1429 305 1515 364 389

93 397 200 464 Non
218 395 491 463 profecturas
513 394 720 443 tendebat
743 394 799 444 ad
819 395 978 444 aethera
999 394 1179 462 palmas.

94 472 368 524 Dardanidas
388 484 546 521 matres
569 471 814 539 patriorum
837 474 963 537 signa
984 475 1178 523 Deorum
1194 512 1206 532 ‚

96 550 214 600 Dum
239 550 366 610 licet,
391 548 634 617 amplean‚
660 569 956 618 succensaque
980 551 1142 619 templa
1162 563 1360 601 tenentes

94 627 316 676 Invidiosa
339 627 520 676 trahunt
539 627 727 677 victores
749 629 925 695 praemia
952 630 1089 678 Graii.

96 704 296 754 Mittitur
317 706 540 773 Astyanax
561 705 650 755 illis
669 706 722 755 de
747 707 944 756 turribus
960 746 972 765 ‚
997 708 1114 756 unde

1450 720 1515 767 4¹5

95 782 370 847 Pugnantem
391 803 475 851 pro
498 803 543 833 se
559 822 570 841 ‚
594 785 878 852 proavitaque
900 805 1031 848 regna
1058 798 1252 835 tuentem

95 858 218 926 Saepe
242 860 387 910 videre
413 874 580 928 patrem
601 873 895 910 monstratum
918 883 941 911 a
965 874 1100 912 matre
1123 863 1307 913 solebat.

94 937 282 1005 Jamque
303 939 416 988 viam
441 939 596 988 suadet
616 941 809 997 Boreas;
832 939 1026 1007 flatuque
1053 935 1244 989 secundo

95 1014 290 1065 Carbasa
313 1028 431 1066 mota
453 1028 614 1067 sonant
635 1034 644 1062 :
662 1016 786 1082 jubet
808 1017 875 1065 uti
898 1017 1043 1066 navita
1065 1018 1220 1066 ventis.

94 1142 263 1190 Exempla
273 1156 291 1179 e
303 1144 432 1179 Pacuv.
448 1143 588 1179 Lucret.
603 1150 638 1179 et
655 1143 774 1179 Ennio

94 1194 202 1231 habet
222 1195 399 1232 Heinsius.
418 1215 463 1222 —
479 1196 596 1231 Etiam
619 1200 776 1232 antistita

96 1248 239 1293 antique
255 1261 321 1295 pro
333 1274 344 1293 ,
361 1249 501 1284 antistes
513 1275 523 1293 ,
544 1249 702 1285 sacerdos
719 1248 776 1284 fe-

95 1301 192 1336 mina
202 1315 212 1344 3
223 1309 258 1338 et
272 1302 574 1348 miraturGellius,
588 1305 688 1340 Noct.
700 1305 775 1339 Att.

96 1352 190 1389 XIII
203 1380 213 1398 ,
235 1367 298 1398 ao,
316 1355 431 1401 ipsum
453 1354 664 1392 Ciceronem
678 1383 687 1400 ,
714 1357 773 1402 qui

95 1406 297 1444 insolentias
308 1409 497 1444 verborum
510 1422 530 1444 a
544 1410 717 1445 veteribus
726 1410 774 1445 di-

96 1465 234 1494 ctorum
251 1460 372 1496 sedulo
387 1463 577 1508 respuerit,
597 1462 702 1508 hujus
719 1470 774 1498 ta-

97 1524 182 1547 men
207 1513 303 1548 verbi
326 1513 443 1554 sonitu
467 1513 677 1550 delectatum
702 1529 774 1551 esse

100 1563 204 1599 Verr.
215 1565 346 1610 1v‚45.
359 1565 570 1612 Intelligitur
580 1574 698 1602 autem
707 1567 740 1602 h.
753 1568 773 1602 l.

98 1614 295 1652 Cassandra
314 1618 357 1652 ab
375 1617 483 1664 Ajace
496 1644 506 1664 ,
525 1617 621 1654 Oilei
639 1618 710 1654 filio
722 1645 733 1662 ,
755 1632 774 1654 e

95 1668 270 1704 Minerva
279 1670 411 1716 templo
419 1670 587 1706 abstracta
599 1685 607 1712 ;
617 1671 695 1706 vide
707 1672 776 1706 Eu·

94 1719 198 1766 ripid.
208 1720 390 1769 Troad.69
399 1734 478 1767 sqq;
490 1722 705 1768 virgitffin.
717 1723 773 1767 11,

95 1774 163 1820 403
173 1801 185 1819 ,
211 1787 319 1821 quem
335 1775 464 1811 Noster
479 1783 558 1811 ante
578 1775 695 1811 oculos
711 1776 777 1811 ha-

93 1825 171 1862 buit
183 1839 192 1862 ε
204 1841 222 1857 «
237 1827 326 1863 Ecce
342 1828 546 1863 trahebatur
559 1829 662 1874 passis
674 1829 778 1863 Pria-

97 1892 118 1911 »
136 1879 227 1914 meia
238 1879 336 1926 virgo
345 1879 538 1916 Crinibusa
548 1880 679 1926 templo
689 1879 778 1915 Cas-

96 1944 118 1962 »
135 1930 263 1967 sandra
277 1956 290 1975 ι
311 1930 491 1978 adytisque
510 1932 699 1976 Minervae,
719 1932 776 1966 Ad

99 1996 118 2014 ³0
139 1982 262 2018 caelum
289 1982 438 2019 tendens
462 1983 621 2019 ardentia
644 1983 778 2019 lumina

103 2050 123 2067 »
139 2035 269 2070 frustra
288 2048 296 2071 ς
321 2035 472 2072 Lumina
491 2051 501 2080 ;
527 2050 609 2072 nam
640 2044 778 2073 teneras

101 2102 121 2119 u
142 2088 307 2124 arcebant
329 2089 465 2125 vincula
490 2089 630 2135 palmas.
653 2105 671 2121 »
693 2091 779 2126 Erat

101 2149 221 2177 autem
238 2141 430 2178 secundum
453 2142 587 2178 Arctin.
606 2143 778 2178 Minervae

102 2195 275 2238 antistita,
299 2193 359 2230 sed
380 2207 400 2229 a
420 2195 546 2230 Phoebo
568 2195 779 2231 vaticinandi

102 2253 215 2281 artem
232 2244 364 2281 edocta.

147 2301 168 2344 4
174 2313 184 2334 ι
193 2313 222 2334 2.
230 2301 454 2334 Dardanidas
462 2307 584 2336 matres
590 2315 608 2336 e
613 2308 654 2336 tc.
663 2300 692 2337 C
698 2302 780 2347 apti-

102 2364 161 2387 vas
175 2350 339 2387 mulieres
351 2351 393 2386 ad
406 2352 663 2389 Scamandrum
675 2353 781 2390 duce-

102 2404 190 2439 bant
200 2430 210 2448 ,
227 2404 274 2439 ibi
287 2403 541 2440 distribuendas
552 2418 559 2439 :
570 2404 782 2440 desiderium

104 2457 224 2503 patriae
236 2456 392 2504 religiose
403 2457 640 2501 declarabant,
655 2458 782 2504 ample·

105 2508 240 2545 ciendis
258 2522 300 2544 ex
314 2522 414 2545 more
433 2517 593 2545 veterum
614 2509 672 2544 tali
691 2517 783 2546 tem-

107 2575 192 2609 pore
208 2562 314 2608 signis
324 2562 485 2598 Deorum
501 2565 788 2608 etc.—D1'1‘patn‘i

109 2614 163 2650 vel
174 2615 324 2650 Penates
335 2640 344 2658 ‚
363 2614 417 2650 vel
431 2615 491 2650 Dii
507 2618 660 2666 ἐγχώριοι.
671 2635 715 2642 —-
724 2618 784 2651 In-

109 2669 241 2703 vidiosa
254 2667 347 2702 varie
363 2668 468 2714 accipi
483 2676 616 2714 potest,
631 2668 686 2703 vel
697 2681 784 2714 quo-

110 2733 191 2756 rum
202 2720 332 2766 species
346 2720 480 2767 ingrata
497 2728 533 2756 et
548 2721 652 2756 tristis
662 2748 671 2765 ,
686 2730 727 2757 ut
736 2723 784 2766 V,

110 2772 174 2817 573
188 2786 197 2814 ;
217 2770 272 2806 vel
286 2784 361 2817 quae
375 2772 541 2808 invidiam
551 2772 721 2808 faciebant
732 2773 785 2808 in-

110 2829 165 2859 ter
181 2835 258 2869 eos,
277 2835 296 2858 a
313 2822 436 2869 quibus
453 2824 724 2870 expetebantur,
748 2832 788 2861 ut

839 1145 892 1180 IX
907 1145 983 1181 init.
998 1158 1074 1190 spes
1087 1146 1274 1188 invidiosa,-
1295 1143 1348 1179 vel
1363 1143 1514 1189 denique

840 1211 916 1245 quae
928 1199 1010 1234 odio
1024 1198 1325 1245 prosequebantur
1338 1198 1495 1232 victores.

889 1253 964 1295 415.
995 1253 1177 1298 Astyanax
1197 1278 1206 1291 ‚
1239 1250 1402 1296 parvulus
1427 1249 1518 1284 filius

843 1303 1006 1338 Hectoris
1019 1329 1029 1347 ‚
1051 1303 1192 1339 consilio
1211 1310 1246 1337 et
1263 1316 1369 1337 manu
1385 1301 1518 1348 Ulyssis

838 1361 994 1398 mittitur,
1018 1357 1272 1404 praecipitatur,
1300 1356 1344 1391 de
1366 1356 1518 1391 turribus

840 1410 1003 1455 Troianis
1017 1436 1026 1454 ,
1053 1411 1132 1455 quia
1158 1411 1362 1444 metuebant
1379 1408 1491 1444 Graeci
1507 1434 1517 1450 ,

839 1476 884 1497 ne
897 1462 1038 1508 quando
1050 1475 1198 1508 regnum
1213 1462 1408 1506 Troianum
1423 1460 1518 1495 resti-

838 1521 974 1556 tueret3
994 1514 1127 1550 Arctin.
1142 1528 1173 1560 p.
1185 1514 1247 1556 383
1267 1513 1413 1549 Lesches
1426 1511 1517 1559 apud

839 1568 1045 1603 Pausaniam
1056 1594 1067 1611 ‚
1076 1581 1109 1613 p.
1121 1568 1180 1603 861
1195 1582 1203 1610 ;
1218 1565 1374 1612 Euripid.
1386 1564 1516 1602 Troad.
1537 1567 1540 1570 ⁴

841 1633 904 1667 720
917 1647 926 1664 ,
942 1628 978 1655 et
995 1621 1071 1656 Act.
1084 1620 1127 1656 V.
1138 1639 1182 1646 —
1201 1621 1296 1654 Unde
1310 1621 1421 1654 videre
1433 1621 1517 1652 sole-

838 1675 898 1710 bat
915 1680 978 1708 etc.
993 1673 1072 1707 vide
1090 1672 1132 1707 ad
1149 1672 1242 1707 VIII
1255 1698 1264 1714 ,
1285 1685 1335 1704 21.
1355 1670 1518 1705 Consue-

838 1724 926 1760 tudo
936 1725 984 1759 ibi
999 1732 1120 1760 notata
1128 1724 1294 1770 suggessit
1305 1731 1416 1769 poetae
1425 1735 1518 1757 com·

839 1775 983 1811 modam
991 1776 1080 1811 hane
1089 1776 1446 1811 circumlocutionem.
1453 1774 1520 1809 Ex·

840 1829 963 1875 pressit
977 1830 1148 1865 Nostrum
1159 1828 1293 1863 Seneca
1306 1854 1315 1870 ‚
1329 1827 1458 1862 Troad.
1469 1840 1518 1862 vs.

845 1882 1165 1927 1066-1072.—Pr0
1175 1894 1212 1915 se
1226 1888 1261 1915 et
1274 1880 1316 1915 ad
1325 1881 1519 1915 Hectorem

841 1941 878 1969 et
899 1933 940 1967 ad
964 1933 1170 1980 Astyanacta
1193 1933 1317 1968 referri
1342 1940 1519 1978 potest.—

841 1987 1002 2021 Proama
1018 2014 1028 2029 ,
1055 1999 1132 2032 quae
1159 1986 1219 2021 diu
1240 1986 1304 2022 sub
1330 1986 1521 2031 majoribus

841 2038 910 2074 suis
929 2038 1123 2074 floruerant
1139 2065 1149 2082 ‚
1173 2038 1328 2084 adeoque
1347 2039 1520 2074 carissima

842 2104 914 2126 esse
931 2090 1106 2126 debebant
1121 2091 1268 2126 Hectori
1285 2103 1292 2125 z
1307 2090 1396 2125 bene
1414 2092 1520 2126 etiam

844 2143 886 2178 ad
905 2143 1067 2179 affectum
1084 2169 1093 2187 ,
1117 2149 1332 2178 monstratum
1348 2157 1371 2177 a
1393 2150 1521 2185 malre‚·

841 2198 920 2235 talia
949 2211 1023 2232 non
1052 2197 1149 2232 facile
1174 2197 1318 2244 negligit
1338 2198 1522 2243 ingenium

844 2249 965 2286 Ovidii
982 2263 990 2285 ε
1011 2249 1286 2284 Andromachen
1305 2257 1422 2284 autem
1440 2262 1521 2284 cum

844 2303 1055 2350 Astyanacte
1085 2308 1252 2347 spectasse
1279 2309 1474 2348 pugnantes
1502 2315 1523 2337 e

844 2356 953 2399 turri,
970 2362 1117 2391 testatur
1130 2355 1309 2389 Homerus
1322 2381 1331 2398 ,
1349 2355 1388 2390 ll.
1402 2362 1423 2391 Z
1434 2382 1442 2398 ,
1458 2355 1521 2401 372

844 2416 879 2443 et
890 2408 964 2443 385.
974 2426 1017 2435 ·-
1025 2408 1096 2442 Pro
1104 2419 1206 2452 regna
1214 2413 1367 2449 tuentem,
1380 2406 1523 2453 quidam

844 2473 945 2505 regna
957 2466 1129 2494 tenentem.

890 2512 966 2555 418.
985 2513 1103 2552 Viam,
1125 2511 1528 2557 navigationem.·—Sua-

846 2564 919 2604 det,
946 2570 1068 2598 monet
1084 2588 1093 2605 ,
1112 2570 1152 2597 ut
1173 2575 1279 2597 naves
1298 2562 1433 2596 solvant
1449 2574 1457 2596 ε
1480 2563 1527 2597 sic

848 2617 1014 2662 Virgilius
1024 2643 1033 2659 ,
1045 2617 1128 2651 AEn.
1139 2617 1194 2659 11,
1205 2630 1244 2664 9,
1257 2618 1461 2661 suadentque
1471 2629 1527 2651 ca-

848 2671 963 2703 dentia
971 2670 1083 2703 sidem
1093 2681 1244 2703 somnos:
1252 2668 1310 2703 sed
1319 2669 1527 2703 Burmanno

851 2721 1043 2766 elegantior
1058 2721 1164 2756 etiam
1183 2721 1322 2756 videtur
1338 2722 1441 2757 unius
1452 2721 1528 2757 cod.

850 2772 1031 2808 Leidensis
1045 2773 1147 2809 lectio
1157 2799 1167 2817 ,
1180 2778 1270 2808 viam
1282 2776 1436 2818 spondet,
1454 2785 1530 2820 pro-

852 2825 960 2862 mittit
976 2838 1183 2872 prosperum
1196 2828 1533 2863 cursum.-Nam'la
