1820 3106
283 242 339 284 88
647 242 700 285 Ρ.
746 241 991 287 OVIDII
1028 243 1344 290 NASONIS

281 334 377 382 Aut
400 335 745 402 superimposita
770 336 936 386 celatur
957 338 1169 388 arundine
1194 339 1416 389 damnum.

1642 365 1704 390 100

345 414 404 460 ΙΙ.
427 415 489 461 At
512 426 552 462 te
569 452 581 472 ‚
606 416 743 463 Nesse
768 415 890 463 ferox
905 453 917 473 ,
940 416 1135 481 ejusdem
1156 418 1339 481 virginis
1363 417 1493 466 ardor

279 490 564 550 Perdiderat,
586 492 754 541 volucri
776 493 1004 558 trajectum
1030 506 1152 557 terga
1175 495 1346 557 sagitta.

280 569 481 636 Namque
495 607 507 627 ,
533 590 648 618 nova
671 583 874 637 repetens
896 572 1065 638 patrios
1086 591 1184 620 cum
1208 572 1392 637 conjuge
1416 576 1567 622 muros
1585 610 1597 631 ‚

280 647 473 695 Venerat
496 648 633 696 Eveni
657 649 831 715 rapidas
852 651 962 697 Jove
987 662 1116 698 natus
1140 649 1195 697 ad
1219 650 1360 698 undas
1382 670 1392 698 :

280 723 478 773 Uberius
501 725 634 774 solito
658 726 822 774 nimbis
840 727 1105 776 hiemalibus
1129 739 1283 776 auctus
1300 764 1312 786 ,

277 870 447 906 Heinsius
464 885 504 906 ex
521 872 631 907 altero
648 863 759 917 Regio
777 871 874 906 dedit
889 879 965 907 emt

274 935 340 968 pro
349 925 467 965 baben
485 923 549 958 nisi
559 936 684 957 verum
697 930 747 958 est
762 923 855 968 quod
867 937 958 958 unus

277 975 416 1010 Heinsii
430 1002 438 1017 ‚
463 978 537 1010 abit
555 989 564 1009 :
584 989 656 1010 non
681 984 731 1010 est
752 989 814 1010 cur
833 982 906 1011 erat
924 977 962 1010 in

279 1032 367 1061 enirn
390 1030 830 1071 mutemus.——-I)amnum;
850 1041 963 1063 cornu

276 1081 452 1117 amissum.
480 1082 579 1127 Saepe
605 1084 762 1116 damnum
773 1109 781 1123 ‚
806 1082 840 1116 id
867 1082 962 1128 quod

277 1147 360 1168 cum
378 1133 509 1168 damno
527 1134 717 1168 amisimus.

323 1198 380 1219 101
393 1206 417 1211 -
430 1187 499 1221 133.
534 1188 661 1221 Nessus
694 1185 822 1220 Ixionis
836 1212 845 1229 ,
872 1185 962 1231 regis

276 1239 463 1275 Thessaliae
476 1267 484 1283 ,
503 1241 594 1275 filius
608 1267 617 1284 ,
639 1239 858 1282 Centaurus,
878 1239 960 1273 De-

274 1292 425 1336 ianiram
440 1293 596 1338 rapiens,
617 1294 659 1328 ab
674 1292 827 1328 Hercule
839 1293 961 1338 sagitta

273 1353 448 1380 venenata
470 1346 679 1380 interficitur
693 1372 701 1386 ‚
725 1345 959 1390 sanguinem—

276 1410 344 1442 que
360 1397 519 1432 vitiatum
537 1397 642 1432 tradit
653 1397 851 1440 Deianiram
868 1397 959 1431 conf.

278 1448 488 1494 Sophocles,
508 1449 672 1483 Trachin.
693 1451 756 1483 555
770 1462 864 1493 sqq.;
885 1449 961 1482 Eu-

277 1500 406 1546 ripides
417 1526 426 1544 ,
441 1501 582 1546 Hippoi.
597 1502 658 1544 545
671 1514 745 1546 sqq.
759 1517 766 1540 3
782 1500 960 1534 Diodorus

276 1552 414 1587 Siculus
427 1579 436 1596 ,
456 1554 522 1596 IV,
541 1553 604 1593 36;
627 1554 833 1597 Pausanias,
854 1553 959 1588 Phoc.

277 1618 309 1650 p.
329 1607 392 1652 895
411 1620 418 1646 ;
448 1605 681 1650 Apollodorus
694 1633 703 1648 ,
732 1605 767 1640 Il
782 1631 791 1649 ,
814 1617 867 1639 vu
882 1632 892 1649 ,
916 1606 958 1647 ὃς

278 1657 468 1701 Eusebius,
489 1659 600 1703 Praep.
617 1658 670 1692 lib.
690 1658 741 1697 ΙΙ,
760 1671 792 1703 p.
805 1657 868 1697 36;
888 1659 960 1705 Hy-

276 1710 395 1754 ginus,
415 1710 480 1744 fab.
499 1710 542 1753 34
554 1718 589 1744 et
600 1710 660 1751 3f›;
682 1710 831 1752 Seneca,
853 1710 960 1744 Herc.

281 1762 356 1796 OEt.
374 1775 460 1797 vers.
479 1764 544 1809 494
560 1776 633 1808 sqq.
651 1763 766 1797 fabula
785 1775 962 1797 memora-

275 1814 352 1848 bilis
365 1840 374 1857 ,
393 1827 464 1848 non
484 1815 519 1849 in
540 1829 575 1849 se
590 1841 599 1858 ,
618 1815 677 1849 sed
699 1823 843 1860 propter
862 1816 961 1850 Nessi

276 1875 409 1902 vestem
423 1894 431 1909 ,
446 1881 522 1913 quae
533 1881 613 1902 mox
621 1868 762 1902 exitium
775 1869 861 1903 seret
872 1870 962 1903 Her-

276 1919 354 1954 culi.
367 1920 462 1954 Hinc
472 1933 628 1965 expressa
641 1920 740 1955 estin
753 1921 871 1955 multis
882 1933 963 1954 mo-

279 1971 467 2006 numentis.
481 1990 524 1998 —-
535 1972 586 2005 At
593 1977 626 2005 le
635 1979 699 2006 etc.
712 1972 896 2006 Transitus
907 1972 962 2006 hie

278 2030 527 2067 argumentum
557 2023 659 2058 simul
681 2024 806 2059 sabulae
822 2024 962 2059 indicat.

277 2076 458 2115 ——Ferox‚
486 2075 528 2109 ad
544 2076 614 2109 vim
633 2084 771 2121 paratus
785 2102 794 2119 ,
818 2076 961 2110 violen-

275 2132 343 2160 tus.
359 2145 403 2153 —
425 2130 572 2171 Virginis
588 2155 596 2167 ‚
624 2129 704 2172 quia
728 2129 826 2173 virgo
849 2128 962 2162 adhuc

276 2185 373 2223 erat,
400 2193 509 2224 quum
535 2181 705 2215 Hercules
729 2187 763 2214 et
788 2180 961 2215 Achelous

278 2229 323 2264 de
332 2231 496 2277 conjugio
505 2232 580 2276 ejus
590 2232 830 2276 decertarent,·
848 2245 960 2277 quan-

278 2294 386 2327 quam
402 2290 438 2317 et
452 2284 523 2328 jam
536 2290 656 2328 nuptae
668 2284 833 2318 mulieres
849 2284 962 2317 inter-

277 2334 364 2368 dum
380 2334 530 2380 virgines
547 2334 712 2369 dicuntur
726 2349 734 2374 ;
758 2334 827 2369 vid.
843 2335 961 2369 Brou-

277 2386 418 2421 khusius
445 2387 487 2421 ad
515 2388 690 2433 Propertii
718 2389 793 2431 IV,
815 2398 866 2430 Π,
890 2390 930 2421 52
950 2400 958 2422 ε

273 2447 310 2474 et
321 2442 414 2483 virgo
425 2440 530 2474 etiam
545 2453 563 2474 a
575 2440 661 2475 Silio
672 2468 680 2478 ,
702 2441 757 2474 III
768 2467 777 2484 ,
797 2440 860 2484 435
871 2468 878 2480 ,
896 2453 961 2473 vo-

275 2497 375 2524 catur
388 2505 396 2532 ;
411 2491 469 2525 ubi
480 2491 558 2526 vide
577 2491 766 2527 Drakemb.
781 2491 871 2526 Rod.
884 2505 960 2526 ver-

277 2541 333 2583 tit,
344 2544 697 2585 Frac'ulein.-·Ardor,
710 2551 760 2579 est
770 2543 960 2578 vehemens

275 2606 385 2627 amor.
401 2613 445 2621 —
470 2597 663 2631 Perdiderat
679 2608 692 2638 ,·
723 2595 956 2641 Caposerreus

275 2647 484 2681 emendabat
497 2650 649 2683 Perdidit
660 2676 668 2689 ‚
686 2663 708 2683 a
719 2652 862 2689 volucri,
879 2649 960 2694 quia

271 2698 338 2732 hoc
350 2710 422 2732 non
434 2706 513 2732 ante
527 2700 671 2734 Acheloi
684 2708 862 2735 certamen
878 2728 886 2744 ,
897 2702 959 2736 sed

271 2756 348 2795 post
362 2750 494 2786 accidit.
511 2751 703 2797 Plusquam
715 2753 871 2797 perfeeto
885 2766 959 2788 non

1643 752 1655 775 1
1661 740 1704 775 05

1026 874 1175 909 debebat
1190 873 1323 909 offendi
1341 872 1574 918 Capoferreus
1589 886 1598 914 ;
1621 885 1705 908 nam

1026 933 1060 960 et
1073 926 1151 960 alibi
1160 926 1288 960 Noster
1297 926 1394 959 eosic
1405 924 1532 966 utitur;
1549 925 1596 959 ita
1606 952 1616 970 ,
1627 925 1682 960 VI
1694 951 1704 969 ,

1026 977 1090 1019 425
1102 1003 1111 1020 ‚
1137 978 1257 1011 Tereus
1270 976 1497 1020 hoecsuderat.
1511 976 1613 1023 Regii
1629 989 1706 1012 nos-

1027 1029 1090 1071 tri,
1109 1031 1314 1063 Perdiderat.

1075 1084 1146 1117 103.
1164 1085 1300 1117 Patrios
1321 1097 1448 1122 muros,
1468 1082 1682 1131 Tirynthem
1695 1109 1706 1127 ,

1026 1135 1085 1170 ubi
1099 1136 1193 1180 jussu
1210 1136 1338 1171 oraculi
1354 1135 1528 1171 habitabat
1546 1136 1682 1171 Alcides
1695 1162 1705 1179 ,

1025 1189 1108 1223 inde
1131 1191 1323 1236 Tirynthius
1344 1189 1477 1231 dictus;
1504 1188 1707 1235 Apollodo-

1025 1254 1084 1275 rus
1094 1267 1103 1284 ,
1121 1255 1153 1286 p.
1169 1255 1180 1275 1
1192 1242 1240 1284 14.
1251 1241 1320 1276 Sed
1333 1241 1527 1276 secundum
1538 1240 1706 1275 eumdem

1026 1293 1282 1339 Apollodorum
1296 1320 1305 1336 ,
1331 1307 1363 1338 p.
1385 1295 1444 1337 145
1458 1319 1467 1336 ‚
1493 1293 1558 1327 hoc
1574 1294 1707 1327 sactum

1025 1353 1076 1380 est
1092 1372 1101 1388 ,
1117 1359 1226 1390 quum
1245 1346 1416 1381 Hercules
1433 1346 1647 1380 Trachinem
1663 1344 1705 1379 ad

1028 1396 1183 1444 Ceycem
1196 1411 1231 1432 se
1244 1399 1454 1433 conferebat.
1465 1398 1599 1431 -Jam
1612 1396 1708 1431 diffi-

1025 1451 1132 1485 cultas
1149 1452 1351 1489 transeundi
1367 1465 1447 1486 cum
1462 1452 1611 1497 conjuge
1629 1450 1707 1485 ssu—

1025 1504 1121 1538 vium
1134 1531 1142 1547 ,
1169 1513 1202 1539 et
1230 1506 1413 1540 necessitas
1438 1504 1602 1540 tradendi
1627 1517 1707 1540 eam

1025 1556 1155 1590 vectori
1165 1556 1319 1591 notanda
1332 1565 1426 1601 erat,
1440 1565 1479 1592 ut
1489 1570 1604 1592 mores
1617 1557 1708 1591 Her-

1024 1608 1108 1642 culis
1125 1609 1596 1653 exprimerentur.—Eoenus
1607 1608 1707 1642 AEto·

1026 1660 1079 1695 liae
1089 1660 1214 1695 fluvius
1232 1661 1317 1707 (qui
1334 1661 1427 1706 prius
1439 1661 1627 1707 Lycormas
1638 1660 1707 1695 dic—

1026 1719 1091 1747 tus.
1118 1715 1181 1747 Ed.
1192 1712 1207 1757 )
1219 1740 1227 1756 ,
1249 1712 1430 1760 Calydona
1455 1712 1707 1758 praeterfluens.

1027 1764 1141 1807 Hinc,
1154 1765 1247 1799 VIII
1259 1791 1267 1806 ‚
1283 1766 1358 1809 527,
1377 1764 1708 1812 CalydonidesEve-

1025 1820 1130 1857 ninae;
1144 1816 1270 1850 Lucan.
1287 1817 1339 1850 VI
1351 1843 1360 1860 ,
1380 1817 1443 1850 208
1454 1830 1462 1850 :
1473 1817 1706 1860 Meleagream

1012 1872 1213 1917 ,maculatus
1222 1872 1384 1914 sanguine
1394 1872 1496 1904 Nessi
1502 1871 1634 1904 Euenos
1645 1870 1708 1903 Ca-

1025 1925 1150 1969 lydona
1164 1928 1269 1957 secat.
1285 1923 1376 1957 Nota
1391 1922 1447 1956 hic
1463 1922 1637 1956 molestias
1647 1921 1708 1955 iti-

1026 1987 1153 2008 nerum
1164 1974 1272 2019 prisca
1280 1974 1624 2008 aetate.Burmannus
1632 1984 1707 2006 mo-

1025 2034 1086 2061 net
1099 2033 1191 2061 recte
1209 2033 1349 2070 poetam
1363 2026 1526 2060 Evenum
1541 2027 1706 2059 hiemali—

1025 2081 1087 2112 bus
1095 2081 1216 2112 nimbis
1225 2077 1540 2121 auctuminducere
1552 2091 1560 2118 ;
1574 2076 1705 2111 exuisse

1025 2130 1129 2165 enim.
1140 2130 1331 2164 Herculem
1350 2129 1600 2163 mortalitatem
1616 2129 1707 2163 circa

1027 2182 1363 2217 Hecatombaeonem
1373 2188 1706 2224 mensem,‚notante

1027 2234 1143 2268 Petito
1155 2234 1193 2268 in
1206 2233 1411 2268 Commeat.
1428 2234 1465 2267 in
1479 2233 1587 2279 Leges
1601 2233 1706 2267 Attic.

1024 2299 1058 2330 p.
1071 2286 1124 2319 26.
1141 2285 1212 2320 Sed
1225 2285 1308 2330 quid
1325 2285 1391 2320 hoc
1404 2285 1446 2319 ad
1458 2297 1533 2319 rem
1546 2285 1561 2319 ?
1574 2285 1704 2319 Nonne

1025 2338 1154 2372 Noster
1169 2338 1238 2382 ipse
1256 2350 1336 2372 mox
1349 2344 1486 2380 narrat,
1506 2337 1548 2370 ab
1558 2336 1705 2370 interitu

1025 2390 1125 2424 Nessi
1141 2389 1183 2423 ad
1203 2389 1366 2424 Herculis
1380 2388 1582 2434 apotheosin
1601 2387 1707 2422 efflu-

1024 2443 1108 2478 xisse
1122 2443 1266 2488 longum
1279 2450 1416 2487 tempus
1429 2442 1444 2476 ?
1457 2442 1580 2485 Neque
1595 2441 1707 2475 Heca-

1025 2495 1178 2528 tombaeo
1201 2494 1236 2528 in
1262 2493 1413 2528 hibernis
1434 2491 1612 2526 mensibus
1629 2498 1707 2534 est,

1023 2546 1083 2581 sed
1104 2547 1140 2580 in
1165 2546 1296 2581 aestivis.
1320 2546 1442 2589 Itaque
1462 2546 1623 2577 hiemales
1638 2555 1704 2588 po-

1023 2599 1195 2633 tissimum
1206 2600 1334 2632 nimbos
1341 2602 1596 2631 commemorat
1603 2621 1613 2638 ,
1623 2595 1706 2640 quia

1022 2650 1070 2684 illi
1082 2657 1117 2684 et
1129 2651 1164 2683 in
1179 2663 1214 2684 se
1229 2649 1456 2683 vehementes
1471 2655 1581 2690 sunt,
1592 2654 1630 2683 et
1643 2647 1702 2680 ni-

1022 2714 1081 2735 ves
1105 2702 1243 2736 solvunt
1259 2727 1268 2743 ,
1297 2700 1453 2745 adeoque
1475 2700 1529 2734 vel
1553 2698 1703 2732 maxime

1021 2752 1151 2788 fluvios*
1162 2759 1301 2798 augent.
1320 2753 1445 2787 Horat.
1461 2750 1677 2796 IV,.Od.x11
1689 2774 1704 2792 ,
