1820 3106
270 267 971 321 METAMORPHOSEON
1000 269 1134 311 LIB.
1170 269 1327 312 XIII.

91 371 273 439 Quippe
292 365 583 418 manufortes
597 402 608 422 ‚
630 382 710 412 nec
733 374 837 411 sunt
858 362 943 411 tibi
964 362 1109 410 Marte
1134 361 1340 420 secundi,

1415 268 1498 311 385

1443 376 1509 409 360

92 448 301 499 Consiliis
322 462 493 499 cessere,
509 441 619 491 meis
644 461 654 489 :
681 440 764 488 tibi
785 439 961 487 dextera
980 437 1099 487 bello

92 520 257 583 Utilis}
279 521 505 589 ingenium
530 532 619 578 est,
648 517 772 585 qnod
794 528 891 579 eget
913 515 1209 565 moderamine
1231 517 1387 565 nostri.

91 605 164 653 Tu
185 602 300 659 vires
319 600 412 649 sine
433 608 579 647 mente
601 595 743 659 geris3
770 594 879 643 mihi
898 612 1001 642 cura
1023 593 1161 642 futuri
1186 605 1281 642 est:

92 682 163 730 Tu
181 695 377 747 pugnare
399 687 553 743 potes3
579 671 807 741 pugnandi
831 683 1030 739 tempora
1052 690 1226 719 mecum

93 756 233 821 Eligit
255 753 434 804 Atrides
456 773 466 800 ε
492 764 541 800 tu
563 762 735 799 tantum
758 768 944 816 corpore
968 748 1154 815 prodes;

1449 765 1514 800 365

92 837 188 884 Nos
206 832 353 883 animo
374 850 384 878 :
411 841 666 898 quantoque
690 839 827 876 ratem
849 826 925 893 qui
949 828 1188 893 temperat,
1215 827 1352 876 anteit

94 910 293 975 Remigis
317 908 536 966 officium3
562 917 729 973 quanto
756 905 844 954 dux
865 904 1004 968 milite
1025 906 1189 971 major;

92 991 238 1040 Tanto
262 1007 344 1052 ego
366 999 407 1035 te
430 1004 591 1053 supero
612 1004 622 1032 ε
642 1002 815 1032 necnon
838 983 887 1031 in
911 1001 1095 1049 corpore
1118 995 1276 1032 nostro

92 1067 281 1116 Pectora
303 1076 408 1115 sunt
429 1061 606 1130 potiora
625 1080 758 1110 manu
777 1080 788 1108 t
811 1061 936 1125 vigor
959 1061 1104 1109 omnis
1125 1061 1172 1108 in
1193 1060 1294 1110 illis.

97 1144 160 1191 At
179 1161 286 1201 vos,
313 1162 339 1190 o
364 1158 569 1208 proceres
584 1177 597 1197 ,
621 1136 746 1201 vigili
765 1136 866 1185 date
889 1136 1065 1202 praemia
1088 1134 1234 1185 restro
1253 1156 1263 1195 ;
1457 1153 1522 1198 37⁰

99 1274 207 1310 ratius
218 1301 228 1318 ,
250 1274 267 1309 1
281 1299 291 1317 ,
314 1272 386 1308 od.
400 1263 458 1315 vr,
483 1273 523 1307 15
535 1297 545 1315 ,
564 1277 600 1305 et
617 1270 780 1308 ἀτάλαντος

100 1322 184 1377 Κρηῖ
198 1326 308 1360 dicius
322 1325 362 1360 ll.
378 1331 401 1359 Β
411 1350 423 1368 ,
444 1324 520 1359 651.

138 1377 216 1412 360.
228 1378 358 1421 Quippe
364 1388 466 1410 manu
463 1374 585 1420 sones,
595 1380 659 1408 etc.
670 1373 780 1408 Hein-

101 1427 171 1463 sius
179 1427 321 1473 conjicit
333 1430 460 1472 Quippe
467 1425 706 1469 animaesorles‚
720 1426 784 1459 tibi

100 1494 162 1516 nec
174 1481 328 1516 Mauorte
339 1481 500 1514 secunde.
522 1478 606 1513 Duo
627 1475 782 1511 Leiden-

103 1546 156 1570 ses
166 1535 258 1568 mihi
265 1533 376 1568 Mane
386 1533 544 1572 secundi,
563 1530 659 1576 quod
671 1530 782 1575 placet

103 1589 312 1624 Bur-manno
320 1613 331 1631 ‚
343 1593 383 1620 ut
395 1585 441 1621 sit
452 1583 622 1631 oppositio
633 1595 713 1618 cum
726 1595 782 1617 se-

103 1640 313 1687 quentibu53
331 1639 651 1684 interpretaturque
666 1662 676 1679 ‚
694 1634 782 1669 mihi

102 1707 175 1730 non
187 1693 319 1730 cedunt
329 1692 448 1728 bellica
457 1691 585 1726 virtute
598 1717 607 1733 ,
624 1688 683 1725 sed
696 1701 781 1735 pm-

103 1745 381 1791 dentia.—Regii
395 1743 530 1780 codices
541 1742 628 1778 nihil
644 1747 784 1781 mutant

103 1807 139 1836 ct
150 1798 241 1835 bene
251 1809 340 1841 ;‘nec
351 1796 551 1832 adversatur
561 1795 786 1830 Florentinus

104 1852 142 1888 S.
166 1850 279 1886 Marci
305 1848 478 1895 optimus,
496 1848 534 1882 in
552 1860 622 1892 quo
639 1847 786 1892 legitur:

109 1905 238 1948 Quippe
256 1913 375 1936 manus
387 1899 500 1944 sortes
515 1927 522 1940 ,
546 1911 606 1933 nec
629 1905 707 1932 sunt
725 1899 792 1932 tibi

105 1957 219 1991 Marte
233 1956 395 1989 secunde.
413 1953 494 1987 Hoc
506 1952 583 1986 loco
595 1977 605 1995 ‚
624 1963 697 1986 non
714 1958 788 1986 tam

109 2007 153 2043 de
174 2006 301 2053 Ulysse
322 2017 429 2050 quam
456 2003 500 2038 de
524 2003 631 2048 Aiace
653 2003 787 2049 agitur:

111 2074 129 2090 «
147 2059 206 2094 Tu
221 2055 312 2103 petis
325 2069 443 2099 arma;
468 2055 530 2091 sed
546 2067 620 2089 non
645 2060 682 2089 tu
696 2057 791 2090 solus

109 2122 197 2151 eras,
209 2111 276 2144 {ibi
280 2110 377 2143 turba
388 2120 498 2143 comes
511 2119 521 2141 :
536 2107 634 2151 Ajaae
647 2105 768 2140 Oileos
778 2131 788 2149 ,

111 2163 312 2210 Eurypylus,
322 2167 358 2195 et
365 2160 420 2195 alii
428 2172 440 2201 3
453 2173 513 2194 nec
520 2165 599 2194 sunt
605 2161 672 2194 tibi
678 2159 791 2192 Marte

43 2255 47 2259 ⁴
112 2214 255 2248 secundi
264 2231 276 2253 ,·
300 2213 459 2247 Consiliis
479 2222 604 2245 cessere
624 2213 706 2245 meis
718 2236 726 2250 ‚
754 2208 791 2243 id

115 2273 167 2301 est
179 2292 188 2310 ,
209 2263 296 2299 mihi
316 2275 447 2299 cessere
464 2262 502 2296 in
519 2262 586 2296 hoc
599 2262 790 2311 certamine

114 2328 316 2360 armorum,
334 2314 415 2362 quia
431 2313 580 2349 consiliis
597 2326 662 2359 ego
679 2314 793 2348 abun-

114 2366 172 2407 αἱ),
190 2383 209 2400 ι»
231 2368 355 2415 Quare
376 2373 449 2401 tota
469 2365 624 2412 phrasis,
654 2366 793 2411 qualem

114 2422 246 2458 habent
256 2414 390 2456 codices
404 2445 414 2463 ,
427 2425 461 2453 et
471 2416 642 2463 praecipue
657 2430 721 2451 vox
732 2420 799 2452 tibi

115 2481 168 2511 est
176 2472 355 2511 servanda.
369 2473 435 2506 Ed.
444 2489 488 2496 —
496 2471 646 2504 Dextera
654 2495 661 2503 .
672 2495 678 2503 .
687 2495 695 2502 .
701 2473 796 2514 inge-

116 2530 208 2563 nium
225 2532 290 2560 etc.
319 2522 545 2569 Comparatio
569 2520 668 2555 fortis
686 2534 796 2556 manu

119 2578 215 2614 ducis
224 2589 306 2613 cum
317 2576 471 2622 sapiente
485 2589 493 2617 ;
506 2574 642 2609 Sallust.
652 2572 755 2609 Catil.
765 2575 795 2619 1,

125 2644 138 2666 1
152 2644 160 2667 ε
171 2645 190 2661 «ι
203 2629 276 2666 Sed
286 2628 345 2663 diu
356 2640 525 2674 magnum
534 2627 797 2662 imm-mortales

118 2699 140 2718 .»
158 2689 336 2719 certamen
352 2680 419 2715 suit
430 2706 439 2724 ‚
456 2680 537 2715 vine
552 2680 729 2725 corporis,
752 2692 797 2715 an

124 2751 142 2767 »
162 2735 289 2771 virtute
309 2732 418 2768 animi
438 2745 492 2769 res
514 2731 671 2767 militaris
690 2732 800 2778 magis

124 2803 142 2820 »
161 2785 378 2834 procederet.
396 2785 489 2822 Nam
506 2791 541 2820 et
554 2810 564 2829 ,
582 2783 677 2829 prius
694 2796 799 2829 quam

275 2853 368 2899 IV.

846 1281 864 1298 ³»
881 1267 1025 1314 incipias
1042 1294 1051 1310 ,
1070 1267 1229 1303 consulto
1243 1294 1252 1312 ,
1278 1274 1335 1312 et,
1354 1269 1412 1303 ubi
1426 1282 1523 1305 con-—

847 1335 865 1351 »
884 1322 1042 1364 sulueris,
1054 1329 1190 1357 mature
1202 1321 1292 1357 facto
1302 1335 1387 1368 opus
1398 1331 1458 1360 est.
1473 1326 1526 1361 Ita

848 1387 866 1404 2»
885 1380 1156 1418 utrumque-per
1171 1386 1206 1408 se
1229 1374 1406 1421 indigens,
1430 1376 1525 1412 alte—

849 1439 866 1455 »
885 1437 964 1460 rum
973 1424 1111 1460 alterius
1123 1426 1246 1460 auxilio
1253 1435 1364 1473 veget.
1378 1431 1529 1464 u—Mo-

846 1479 1014 1511 derorm'ne
1021 1482 1142 1519 nostrl,
1156 1478 1299 1524 ingenii.
1309 1478 1408 1515 Gron
1413 1481 1525 1516 ovian.

847 1535 884 1563 et
899 1542 993 1564 unus
1016 1529 1154 1565 Heinsii
1173 1533 1394 1567 moderamine
1414 1540 1524 1576 certo,-

848 1593 972 1616 omnes
990 1581 1044 1616 alii
1061 1608 1071 1626 ,
1090 1589 1217 1628 praeter
1239 1584 1395 1629 primum
1418 1585 1528 1620 Palat.

848 1636 1071 1669 moderamine
1083 1643 1194 1670 nostro
1211 1649 1221 1670 .·
1240 1637 1288 1671 ita
1306 1644 1342 1672 et
1358 1638 1395 1673 in
1412 1638 1530 1684 Regiis

849 1686 1039 1733 codicibus.-

893 1739 968 1773 365.
992 1741 1134 1783 Corpore
1144 1743 1277 1784 prodes.
1293 1742 1474 1777 Bersman.
1492 1744 1528 1777 in

850 1792 1008 1838 margine
1027 1819 1039 1835 ,
1065 1800 1101 1827 et
1124 1793 1209 1828 editi
1236 1795 1378 1840 quidam
1401 1809 1532 1840 corpore

845 1848 966 1888 polles,
983 1858 1057 1880 non
1073 1846 1219 1882 male.-—
1227 1849 1334 1882 Tanto
1344 1861 1404 1892 ego
1415 1856 1452 1883 le
1465 1863 1531 1884 su—

847 1911 928 1942 pero
947 1899 1078 1944 recepit
1103 1899 1328 1935 Burmannus
1351 1914 1392 1936 ex
1415 1902 1532 1938 multis

852 1950 1028 1984 veteribus
1041 1977 1050 1994 ,
1063 1963 1128 1996 pro
1140 1951 1266 1997 vulgat.
1281 1959 1426 1996 tantum,
1438 1955 1533 2000 quod

853 2001 890 2036 in
911 2001 1028 2047 Regiis
1042 2002 1143 2037 codd.
1159 2003 1294 2050 legitur.

899 2053 973 2098 370.
982 2054 1033 2088 At
1041 2067 1117 2095 vos,
1129 2068 1150 2089 o
1156 2068 1320 2098 proceres,
1332 2063 1397 2092 etc.
1409 2057 1536 2102 Quum

854 2104 988 2150 singula
1005 2118 1102 2141 nunc
1117 2116 1322 2153 argumenta
1338 2110 1412 2145 sine
1434 2112 1536 2146 taedio

855 2157 966 2202 repeti
980 2170 1051 2192 non
1064 2167 1229 2205 possunt,
1249 2161 1344 2206 quod
1355 2162 1536 2199 interdurn

856 2223 1022 2256 magnam
1036 2211 1141 2247 habet
1152 2213 1222 2247 vim
1234 2213 1270 2247 in
1289 2217 1509 2260 peroratione
1524 2245 1535 2262 ,

857 2263 990 2309 reliqua
1008 2264 1152 2309 quidem
1170 2267 1377 2315 gravissimis
1391 2268 1444 2304 his
1458 2284 1539 2305 ver-

857 2315 921 2359 his,
930 2316 1072 2361 Proque.
1081 2343 1088 2351 .
1097 2344 1105 2351 .
1112 2321 1171 2362 egi
1179 2318 1331 2354 breviter
1340 2322 1539 2367 complecti-

858 2375 928 2411 tur;
939 2368 1187 2404 validissimum
1199 2378 1318 2407 autem
1328 2373 1370 2408 de
1382 2374 1539 2410 Palladio

858 2428 980 2467 erepto
993 2448 1002 2465 ,
1026 2435 1096 2467 quo
1118 2424 1232 2458 omnis
1252 2425 1341 2460 salus
1359 2427 1538 2472 Trojano-

859 2485 940 2507 rum
965 2473 1163 2518 nitebatur,
1187 2476 1400 2511 nominatim
1427 2485 1537 2524 urget.

862 2524 1015 2570 Vulgare
1030 2525 1150 2562 suisset
1161 2552 1171 2570 ,
1188 2527 1293 2562 etiam
1307 2528 1343 2562 in
1358 2536 1538 2573 posterum

859 2589 958 2611 suam
969 2589 1113 2622 operam
1128 2579 1331 2623 promittere
1347 2581 1466 2626 sociis,
1479 2583 1542 2618 sed

862 2628 928 2664 hoc
943 2630 1094 2675 graviter
1107 2637 1141 2664 et
1152 2630 1383 2677 inexspectato
1394 2634 1441 2669 ita
1452 2648 1541 2671 con-

862 2681 984 2724 vertit,
1007 2688 1047 2716 ut
1065 2695 1128 2727 per
1141 2681 1258 2718 sutura
1275 2684 1427 2722 facinora
1441 2714 1450 2731 ,
1467 2689 1539 2730 sive

862 2733 1067 2778 sapientiam
1084 2759 1093 2777 ,
1117 2734 1188 2771 sive
1211 2735 1389 2773 audaciam
1413 2742 1540 2786 requi-

863 2791 965 2828 rant,
991 2785 1183 2823 obtestetur
1202 2787 1333 2833 judices
1352 2817 1360 2833 ,
1389 2804 1540 2837 quorum

1294 2859 1348 2899 25
