1820 3106
345 259 1071 320 METAMORPHOSEQN
1107 262 1239 307 LIB.
1279 264 1370 308 IX.

1495 266 1575 308 115

150 382 174 404 n
200 359 373 424 Erigite
396 359 484 407 huc
507 369 630 407 artus
645 395 658 416 ‚
687 369 732 407 et
752 356 808 407 ad
832 356 983 406 oscula
1005 368 1159 406 nostra
1183 357 1350 415 venite,

151 462 175 484 »ι
200 440 322 488 Dum
343 437 465 500 tangi
485 455 672 504 possum
688 474 700 496 ‚
725 455 1002 504 parvumque
1023 436 1212 486 attollite
1233 449 1400 487 natum.

153 541 177 563 »
203 517 337 567 Plura
358 515 485 584 loqui
502 533 675 583 nequeo
698 535 829 565 :nam
850 515 938 582 jam
963 535 1043 583 per
1063 516 1248 566 candida
1269 515 1419 566 mollis
1481 577 1485 582 A

153 618 178 641 »
207 593 334 644 Colla
355 593 466 642 liber
488 593 653 660 serpit,
677 612 939 660 summoque
964 593 1190 642 cacumine
1213 594 1396 644 condor.

153 697 178 719 »
203 676 274 725 Ex
295 673 436 724 oculis
456 686 677 724 removete
699 692 858 722 manus
881 693 891 721 :
917 671 1011 721 sine
1034 691 1215 722 munere
1238 685 1385 723 vestro

1518 689 1584 735 390

152 777 176 798 »
205 755 427 817 Contegat
446 752 656 802 inductus
678 750 909 800 morientia
930 750 1097 800 lumina
1119 763 1285 801 cortex.
1311 774 1335 796 »

148 833 383 883 Desierant
402 829 535 880 simul
558 849 637 878 ora
659 827 813 896 loqui,
840 828 971 878 simul
995 848 1114 889 esse3
1140 830 1307 898 diuque

148 914 353 979 Corpore
373 921 546 959 mutato
569 908 682 958 rami
704 907 874 957 caluere
894 920 1105 957 recentes.
1135 931 1158 952 »

148 1046 154 1049 ἱ
212 990 315 1038 VII.
338 989 548 1054 Dumque
568 986 702 1038 refert
721 985 816 1035 Iole
839 986 1004 1035 factum
1027 986 1300 1046 miserabile,
1326 986 1522 1055 dum'que

147 1067 392 1135 Eurytidos
413 1065 628 1133 lacrymas
650 1065 832 1114 admoto
853 1063 1015 1132 pollice
1041 1064 1175 1114 siccat

1524 1080 1589 1126 395

149 1144 362 1195 Alcmene
376 1183 390 1203 ‚
413 1144 490 1194 flet
511 1155 557 1193 et
577 1144 676 1211 ipsa
698 1155 844 1192 tamen
865 1163 875 1191 ε
900 1143 1174 1210 compescuit
1197 1162 1375 1192 omnem

151 1225 243 1273 Res
261 1243 379 1273 nova
400 1222 653 1280 tristitiam3
679 1241 783 1271 nam
806 1220 958 1270 limine
982 1220 1184 1270 constitit
1205 1221 1297 1270 alto
1334 1253 1349 1271 ς

152 1302 283 1352 Paene
304 1320 441 1370 puer,
468 1300 695 1368 dubiaque
720 1311 873 1364 tegens
898 1299 1107 1364 lanugine
1130 1299 1267 1349 malas

151 1438 320 1486 singulari
336 1445 372 1474 et
381 1436 519 1486 syntaxi
529 1443 565 1472 et
580 1435 836 1482 significatione

151 1506 239 1540 pro,
264 1491 308 1528 ad
329 1504 390 1527 vos
410 1503 469 1525 me
489 1489 670 1527 inclinare.
687 1490 837 1523 -Dm

147 1549 251 1592 tea-51·
251 1558 392 1591 possum
403 1558 413 1587 ;
430 1543 639 1580 vetustiores
650 1544 664 1588 (
675 1549 711 1579 et
725 1542 838 1578 nostri

147 1597 282 1646 Regii)
291 1604 457 1644 possunt,
479 1609 611 1643 nempe
623 1598 743 1631 oscula
750 1608 762 1640 ,-
775 1595 838 1632 sed

148 1659 291 1700 praeeat
306 1657 446 1697 recepta
462 1650 576 1686 lectio.

192 1706 269 1742 388.
286 1706 376 1740 Nam
383 1704 464 1749 jam
474 1715 486 1748 ‚⁶
506 1702 676 1738 Heinsius
694 1703 837 1747 conjicit

141 1758 322 1805 samsona
336 1756 396 1792 sed
410 1763 447 1792 et
457 1769 561 1791 versu
571 1755 636 1799 403
646 1781 655 1798 ,
667 1756 836 1798 namjam.

191 1811 268 1859 389.
282 1810 416 1845 Sumo
429 1811 605 1845 cacumine
617 1809 761 1850 mador,-
778 1820 838 1842 ca-

145 1875 277 1900 cumen
294 1889 305 1907 ,
324 1873 464 1897 summa
486 1872 566 1905 pars
590 1859 725 1894 arboris
740 1885 749 1902 ,
777 1859 838 1895 ubi

147 1922 254 1962 caput
269 1919 437 1960 occupat,
465 1924 523 1946 me
543 1911 646 1957 plane
662 1911 785 1946 condit
800 1912 835 1946 in

148 1969 214 2004 hae
228 1967 353 2002 arbore
371 1992 382 2009 ,
405 1973 577 2011 tanquam
595 1964 631 1998 in
655 1964 837 2010 sepulcro:

148 2021 342 2069 ingeniose.
369 2019 487 2054 Etiam
509 2031 598 2053 vers.
618 2018 683 2053 362
702 2045 711 2061 ,
736 2021 844 2053 condi

151 2076 196 2112 de
212 2073 410 2111 mutatione
423 2072 458 2108 in
473 2071 636 2106 arborem
648 2096 658 2114 ,
674 2071 839 2117 Propert.

151 2118 209 2162 ΠΙ
221 2152 232 2170 ,
255 2136 335 2161 xvn
347 2151 358 2169 ‚
389 2124 429 2160 ιὸ
441 2151 451 2168 ,
475 2123 621 2159 Arboris
642 2126 678 2158 in
690 2123 839 2168 frondes

150 2179 290 2214 condita
303 2178 446 2223 Myrrha
462 2189 565 2211 nove.

197 2230 275 2278 390.
301 2229 362 2264 Ex
387 2230 496 2262 oculis·
521 2234 683 2263 removete
708 2241 839 2264 manus.

152 2280 391 2318 Morientium
425 2280 517 2315 oculi
549 2280 763 2316 clauduntur
794 2282 838 2316 ab

151 2335 272 2371 amicis
287 2333 603 2370 circumstantibus.
628 2333 739 2378 Quod
756 2335 839 2380 pie-

144 2387 232 2423 tatis
255 2399 377 2422 munus
396 2397 507 2432 quum
530 2392 631 2430 pater
655 2392 691 2421 et
711 2386 840 2432 conjux

151 2440 423 2489 etiamDryopae
434 2445 597 2486 praestare
616 2438 765 2483 vellent,
782 2439 841 2474 illa

149 2506 270 2530 nanus
293 2506 338 2528 ex
358 2495 468 2528 oculis
491 2504 654 2526 removere
672 2491 781 2537 jubet3
795 2510 840 2518 -

153 2548 319 2591 Coi-tegat
327 2545 601 2581 deditHeiusius
610 2571 619 2588 ,
632 2557 672 2579 ex
685 2545 839 2590 scriptis3

152 2599 256 2646 Regii
272 2598 384 2634 nostri
400 2598 532 2633 habent
544 2600 699 2642 contegit.

195 2651 365 2699 394-416.
383 2653 500 2686 Iolaus
517 2651 553 2685 in
572 2651 740 2696 juvenem
759 2662 842 2684 mu—

152 2711 248 2740 tatur
260 2730 270 2748 ,
291 2706 478 2740 Callirhoes
498 2711 617 2739 autem
627 2706 705 2750 filie·
724 2704 843 2749 impu-

153 2759 255 2794 beres
273 2757 309 2792 in
327 2757 430 2794 viros.
443 2756 550 2803 Apud
566 2756 687 2802 Eurip.
703 2755 842 2791 Heracl.

154 2810 221 2856 849
230 2821 303 2856 sqq.
322 2810 441 2843 Iolaus
459 2821 542 2844 cum
556 2807 757 2854 Eurystheo
776 2821 844 2852 pu-

904 1441 1076 1480 gnaturus
1085 1434 1213 1470 Heben
1226 1440 1328 1480 rogat
1339 1441 1374 1469 et
1385 1434 1409 1469 J
1413 1447 1571 1473 unonem
1582 1463 1591 1479 ,
1630 1454 1632 1465 ι

904 1496 944 1523 ut
952 1488 1110 1524 nnumin
1122 1488 1216 1523 diem
1226 1488 1364 1533 juvenis
1373 1488 1595 1533 reddatur,et

903 1541 1020 1577 hostes
1031 1541 1146 1584 ulcisci
1159 1541 1276 1587 possit.
1288 1540 1384 1576 Illico
1397 1541 1475 1577 duae
1486 1543 1594 1579 stellae

900 1607 1050 1630 currum
1069 1593 1146 1639 ejus
1165 1600 1290 1639 tegunt
1310 1594 1455 1629 obscura
1473 1595 1568 1630 nube
1582 1622 1592 1639 ,

904 1661 945 1683 ex
956 1661 1023 1693 qua
1034 1648 1106 1693 ipse
1117 1647 1262 1692 juvenili
1276 1648 1390 1682 forma
1400 1649 1593 1692 egreditur.

904 1699 1113 1736 Secundum
1126 1699 1323 1735 Pindarum
1338 1727 1346 1744 ,
1366 1701 1405 1736 P.
1421 1702 1473 1736 IX
1486 1727 1495 1744 ,
1516 1703 1590 1747 137,

904 1752 1037 1798 optavit
1047 1751 1179 1787 'eodem
1196 1752 1360 1796 consilio,
1379 1759 1419 1787 ut
1436 1753 1471 1787 in
1483 1753 1594 1789 vitam

903 1805 1047 1840 rediret.
1057 1806 1187 1841 Noster
1198 1806 1350 1842 fabulam
1365 1807 1412 1842 ita
1422 1807 1571 1844 intexuit
1582 1835 1592 1852 ‚

903 1865 943 1892 ut
956 1858 1138 1893 Alcmenae
1151 1865 1186 1892 et
1199 1859 1281 1893 101ae
1296 1859 1528 1894 moerentibus
1543 1873 1595 1895 so·

903 1911 987 1946 latio
1001 1910 1204 1946 essee—De
1216 1913 1500 1957 Callirhocsfiliek
1510 1924 1594 1947 con-

903 1964 957 1997 fer
970 1962 1230 2008 Apollodorum
1240 1989 1251 2006 ‚
1263 1964 1339 2006 111,
1353 1974 1408 1999 vn
1418 1990 1429 2007 ‚
1444 1964 1476 2000 fi.
1486 1964 1593 2001 Trac-

904 2023 975 2052 tata
985 2017 1058 2052 haec
1069 2017 1154 2052 olim
1164 2025 1266 2053 erant
1278 2018 1315 2052 in
1328 2018 1568 2054 Alcmaeonide
1580 2046 1590 2063 ,

902 2069 1004 2115 cujus
1012 2069 1222 2105 scholiastes
1231 2070 1410 2116 Euripidis
1420 2071 1462 2106 ad
1473 2071 1591 2108 orest.

903 2124 991 2171 998,
1010 2122 1175 2157 meminit
1186 2149 1196 2167 ,
1212 2123 1296 2157 etin
1313 2122 1504 2158 Stesichori
1517 2123 1593 2158 Eri-

904 2175 1020 2223 phyla.
1032 2175 1224 2211 Exstabant
1237 2176 1345 2211 etiam
1361 2175 1545 2221 Sophoclis
1559 2183 1594 2211 et

905 2228 1086 2274 Euripidis
1111 2228 1288 2276 tragoediae
1314 2229 1356 2264 ab
1387 2228 1593 2263 Alcmaeone

905 2282 1108 2316 nominatae.
1136 2299 1181 2308 —-
1207 2282 1347 2316 Factum
1374 2281 1590 2320 miserumve,-

905 2346 998 2374 unus
1031 2333 1217 2369 Mediceus
1234 2360 1243 2377 ,
1273 2334 1390 2378 falum
1417 2334 1585 2372 mirabile,

906 2386 1002 2432 quod
1029 2387 1199 2422 Heinsius
1222 2386 1401 2432 probabat.
1425 2403 1469 2411 —-·
1489 2385 1593 2431 Regii

905 2453 928 2473 n
933 2439 1156 2483 ostrisactum
1171 2441 1380 2473 mitnbilc.—
1387 2439 1574 2484 Eurytidos
1581 2450 1594 2481 ,¹

906 2491 999 2526 Ioles
1009 2491 1137 2538 Euryti
1153 2491 1243 2525 filiae.
1257 2492 1324 2525 Ed.

950 2544 1027 2591 398.
1052 2546 1151 2578 Pane
1167 2555 1275 2587 pacm·
1305 2542 1420 2577 Iolaus
1444 2555 1486 2577 ex
1507 2554 1591 2578 sene

906 2596 1026 2631 denuo
1051 2594 1275 2640 pubertatem
1298 2595 1443 2640 adeptus
1461 2609 1470 2638 ;
1498 2593 1592 2640 quod

907 2649 950 2684 de
968 2661 1011 2683 eo
1022 2648 1186 2695 tingitur,
1199 2648 1280 2694 quia
1292 2649 1326 2683 in
1339 2655 1441 2684 aetate
1453 2655 1594 2685 senecta

906 2701 1017 2736 multa
1030 2707 1066 2736 et
1081 2701 1220 2748 egregia
1230 2701 1384 2736 facinora
1401 2701 1516 2747 gessit.
1526 2702 1594 2736 Ed.

906 2756 1076 2789 —Dubt'a
1085 2757 1244 2798 [unagein
1254 2780 1262 2794 ‚
1286 2754 1368 2799 quia
1381 2753 1511 2798 ambigi
1526 2765 1596 2798 po-

908 2814 1016 2851 terat,
1032 2814 1151 2842 utrum
1163 2806 1291 2853 lanugo
1305 2820 1350 2841 au
1365 2806 1473 2854 barba=
1484 2812 1591 2849 esset,
