1820 3106
360 289 1045 362 METAMORPHOSEON
1086 293 1213 336 LIB.
1253 295 1313 338 X.

1469 296 1542 340 181

135 388 371 446 Constitit,
396 399 439 435 et
462 386 613 435 timide
637 407 647 435 ε
673 409 694 430 «
717 387 764 435 Si
785 388 847 435 Di
870 387 971 436 dare
994 400 1150 438 cuncta
1172 389 1384 455 potestis,

135 487 160 510 »
188 465 257 514 Sit
277 465 434 530 conjux
457 476 565 531 opto
579 501 591 523 ‚
617 467 736 528 (non
761 484 917 523 ausus,
942 466 1133 515 eburnea
1156 466 1281 529 virgo
1296 504 1308 525 ‚

1484 482 1548 526 275

132 542 286 591 Dicere
306 541 594 607 Pygmalion,
611 544 631 604 )
657 542 812 592 similis
838 562 959 602 mea,
985 543 1096 591 dixit
1111 582 1123 602 ‚
1149 544 1337 611 eburnae.
1360 567 1382 588 n

133 618 377 677 Sensit,'ut
398 619 495 687 ipsa
517 620 610 668 suis
636 621 784 669 aderat
807 622 958 669 Venus
984 641 1113 670 aurea
1133 622 1280 681 festis,

131 696 246 744 Vota
266 697 374 763 quid
395 697 470 746 illa
491 697 629 746 velint
647 718 657 746 :
678 710 742 756 et,
766 699 893 746 amici
915 699 1109 747 numinis
1134 719 1287 758 omen,

129 773 322 824 Flamma
347 787 414 823 ter
435 768 614 824 accensa
636 789 703 825 est
717 814 728 834 ‚
756 766 1011 843 apicemque
1034 766 1115 843 per
1136 796 1234 826 aera
1258 778 1396 826 duxit.
1425 774 1437 805 '¹‘

129 852 193 906 Ut
214 851 372 911 rediit,
397 853 628 912 simulacra
651 873 739 903 suae
763 855 877 921 petit
895 854 966 902 ille
990 854 1173 920 puellae;

1484 873 1551 907 280

127 929 481 998 Incumbensque
501 944 601 980 toro
626 932 747 980 dedit
768 931 917 980 oscula
937 952 945 980 :
965 932 1056 981 visa
1081 944 1225 999 tepere
1248 944 1329 982 est.

127 1007 348 1057 Admovet
369 1009 455 1058 hos
478 1009 637 1059 iterum
651 1047 663 1067 ‚
689 1010 893 1059 manibus
918 1007 1097 1077 quoque
1121 1023 1301 1078 pectora
1317 1023 1455 1061 tentat
1475 1032 1484 1059 :

127 1084 366 1135 Tentatum
388 1087 606 1136 mollescit
629 1087 765 1146 ebur3
792 1088 1028 1155 positoque
1049 1089 1194 1151 rigore

129 1162 333 1212 subsidit
353 1165 528 1229 digitis,
552 1165 781 1233 ceditque3
806 1178 858 1214 ut
879 1166 1104 1232 Hymettia
1126 1165 1220 1215 sole

130 1241 242 1290 Cera
263 1241 552 1302 remollescit,
579 1255 848 1310 tractataque
873 1242 1034 1309 pollice
1057 1242 1219 1291 multas
1397 1254 1416 1273 '¹

1487 1256 1552 1291 285

128 1317 340 1368 Flectitur
360 1321 408 1368 in
430 1320 561 1370 facies
575 1358 587 1379 ‚
614 1321 803 1388 ipsoque
825 1320 877 1368 fit
900 1319 1024 1369 utilis
1042 1340 1141 1369 usu.

128 1396 249 1457 Dum
267 1408 418 1465 stupet
432 1424 451 1455 ‚·
470 1409 515 1446 et
537 1397 686 1445 timide
710 1397 892 1461 gaudet,
918 1396 1098 1469 fallique
1121 1408 1295 1445 veretur
1310 1434 1322 1455 ‚

127 1512 205 1547 neri
229 1512 349 1558 utique
374 1512 496 1548 hostiae
517 1520 675 1548 mactatae
697 1520 802 1558 sunt,

127 1565 208 1600 licet
216 1565 422 1611 sanguinem
432 1565 618 1600 infundere
631 1578 698 1601 arae
708 1566 805 1601 nefas

127 1617 327 1653 haberetur.
336 1618 445 1654 Tacit.
456 1619 546 1654 Hist.
559 1619 627 1662 111,
637 1620 669 1653 3:
680 1620 804 1655 Horat.

127 1671 145 1706 I
156 1697 166 1715 ,
182 1670 254 1706 od.
266 1681 330 1706 xlx
342 1697 352 1716 ,
373 1671 433 1716 16,
450 1671 567 1717 ibique
582 1672 675 1707 Jani.

170 1735 244 1768 ²7⁷·
254 1723 370 1758 Ama
379 1749 388 1764 ,
402 1722 556 1769 pulchra.
567 1723 637 1758 Sed
650 1724 717 1759 hoc
729 1725 805 1769 epi-

126 1774 225 1812 theto
236 1789 256 1810 a
267 1776 384 1822 grecis
398 1783 434 1811 et
449 1776 564 1811 latinis
575 1777 687 1823 poetis
700 1790 806 1811 orna-

126 1835 186 1863 tur
209 1828 248 1863 in
278 1829 399 1875 primis
425 1829 548 1863 Venus
567 1855 576 1873 ,
606 1841 683 1874 quae
708 1830 806 1874 juxta

126 1880 256 1927 Sappb.
273 1887 387 1931 xpueot‘e'
402 1885 587 1931 χρυσέ-τερος.
600 1900 644 1907 -
658 1881 805 1916 Home-

100 1960 104 1963 ,
127 1945 187 1967 rus
207 1933 314 1967 etiam
336 1933 484 1978 passim,
506 1941 604 1983 χρυσῆ
629 1933 805 1983 Ἀφροδίτη.

127 1987 192 2020 Ed.
203 1986 368 2019 —Festtln
383 1985 523 2020 Primus
535 1984 782 2020 Gronovianus
793 2011 803 2029 ‚

126 2041 259 2083 templis
267 2049 280 2080 ,·
293 2037 510 2074 Genevensis
518 2065 527 2083 ,
538 2038 756 2073 sacris.—Re
760 2038 805 2084 gii

128 2090 261 2134 nostri,
276 2090 393 2134 festis.

173 2155 247 2189 279·
263 2143 417 2176 Flamma
428 2168 438 2183 ,
455 2141 615 2188 inprimis
627 2146 678 2176 ter
688 2155 804 2177 accen-

128 2207 180 2234 sa,
189 2194 308 2229 laetum
317 2201 368 2229 est
376 2196 648 2238 omen.—Ape.c‚
661 2194 805 2229 flamma

128 2246 166 2280 in
183 2246 316 2291 apicem
333 2246 538 2280 acuminata.
558 2247 640 2280 Non
659 2259 750 2281 nove
770 2253 805 2281 et

129 2299 218 2333 mire
227 2299 275 2334 sic
286 2299 420 2333 locutus
429 2305 481 2333 est
488 2296 650 2340 Ovidius,
660 2305 699 2332 ut
711 2298 806 2333 Schi-

129 2351 248 2386 ra'chio
265 2348 469 2393 videbatur-3
490 2362 573 2384 nam
590 2350 695 2384 etiam
709 2350 805 2396 Virg.

131 2403 273 2438 AEneid.
290 2404 345 2447 11,
359 2403 424 2437 683
434 2429 443 2447 ,
457 2415 546 2447 apex
562 2405 655 2436 visus
661 2402 808 2446 sunda-e

129 2457 249 2495 lumen,
259 2455 318 2489 ubi
324 2454 393 2489 vid.
401 2454 573 2501 Heynius.
580 2453 708 2488 Noster
716 2453 806 2487 Fast.

129 2507 183 2541 vl
197 2533 206 2551 ,
219 2507 285 2541 636
295 2532 304 2550 ,
321 2511 420 2551 inque
428 2520 524 2541 coma
530 2507 709 2550 flammeus
724 2508 810 2539 arsit

130 2570 241 2603 ομιτς
259 2571 300 2593 ex
314 2559 418 2593 Pont.
433 2558 499 2602 IV,
518 2569 555 2591 lx
571 2584 580 2601 ,
596 2559 638 2599 54
652 2583 661 2601 ,
679 2559 809 2602 Detque

130 2615 251 2647 bonum
268 2617 346 2645 voto
366 2613 498 2646 lucidus
514 2624 609 2646 amen
624 2623 711 2654 apex
723 2621 735 2651 ‚·
762 2610 810 2644 sic

132 2671 167 2698 et
189 2662 403 2698 Claudianus
419 2690 428 2706 ,
448 2664 500 2698 lv
512 2690 521 2707 ,
541 2663 649 2698 Cons.
669 2662 809 2697 Honor.

132 2728 211 2751 200.
227 2715 361 2750 Seneca
372 2741 382 2758 ,
407 2715 527 2761 OEdip.
549 2716 615 2750 310
629 2741 638 2759 ,
655 2717 810 2749 vem'cem

133 2767 285 2802 ssammae
301 2768 431 2803 tribuit.

178 2821 255 2855 280.
269 2821 456 2856 Sc‘mulacra
472 2822 664 2866 suaepuelloe
673 2848 682 2865 r
699 2820 810 2856 simu-

867 1514 974 1548 latam
984 1525 1081 1548 suam
1092 1513 1254 1558 puellam.
1261 1513 1348 1547 Mox
1356 1525 1466 1547 unum
1476 1519 1553 1558 post

870 1567 1020 1601 alterum
1038 1567 1116 1601 vitae
1135 1566 1275 1612 signum
1293 1572 1387 1600 tactu
1407 1566 1554 1612 percipit

869 1620 1001 1654 mirans
1020 1619 1240 1666 Pygmalion.
1251 1638 1295 1645 -
1311 1620 1432 1662 Tepere
1442 1618 1485 1653 de
1498 1631 1552 1653 ca-

869 1673 942 1708 lore
954 1672 1108 1718 corporis
1118 1672 1276 1706 humani.
1288 1670 1368 1706 Vid.
1383 1671 1449 1715 IX,
1464 1670 1528 1704 365
1541 1683 1550 1712 ;

871 1725 935 1772 393
951 1737 959 1759 ε
976 1725 1022 1759 ibi
1040 1727 1150 1768 tepido
1167 1731 1203 1759 et
1218 1726 1359 1759 caluere.

908 1776 982 1811 283.
992 1778 1179 1812 Tentatum.
1191 1777 1273 1812 Non
1284 1789 1354 1810 una
1367 1775 1479 1811 etsola
1489 1775 1555 1810 suit

870 1827 944 1863 haee
963 1828 1061 1874 virgo
1078 1828 1233 1863 eburnea
1249 1834 1309 1862 aut
1324 1840 1522 1862 marmorea
1541 1839 1550 1862 ε

870 1880 1037 1925 plurimas
1063 1880 1169 1914 credo
1199 1879 1303 1915 duras
1334 1879 1491 1925 primum
1517 1885 1554 1914 et

871 1932 1028 1968 difficiles
1047 1933 1260 1968 amatoribus
1278 1959 1287 1977 ,
1308 1933 1475 1978 obsequio
1493 1940 1553 1967 ta-

871 1997 955 2018 men
973 1992 1009 2019 et
1025 1985 1166 2020 assidms
1188 1985 1347 2031 precibus
1371 1984 1552 2021 emunitas.

870 2038 1143 2072 Ed.-Subs1·dft.
1157 2036 1249 2071 Vide
1262 2036 1305 2071 ad
1319 2049 1458 2071 versum
1476 2039 1552 2082 257.

869 2090 1016 2134 -Regii
1031 2089 1141 2130 nostri
1154 2115 1163 2133 ,
1180 2091 1332 2124 subsedit
1342 2101 1353 2131 ‚·
1371 2089 1431 2124 sed
1442 2089 1532 2124 male
1543 2115 1553 2133 ‚

872 2143 952 2188 quia
970 2143 1042 2188 jam
1059 2146 1225 2177 mollescit
1243 2142 1410 2189 praecedit
1432 2149 1468 2177 et
1493 2155 1556 2177 se-

873 2196 993 2241 quitur
1009 2199 1211 2231 remollescit
1220 2210 1233 2240 ;
1267 2209 1385 2231 errore
1401 2203 1555 2231 caetero-

872 2248 957 2294 quin
973 2249 1072 2284 sacili.
1083 2248 1554 2292 Ed.—Flect1·lur1·nsac1es.

873 2300 990 2346 Vulgo
1007 2300 1320 2344 verle'lurinsacles.
1336 2299 1487 2334 Volebat
1503 2298 1556 2332 di-

872 2366 950 2388 cere
977 2355 1171 2398 digilisque·
1187 2356 1277 2388 cedit
1289 2379 1299 2394 ‚
1331 2352 1392 2387 sed
1414 2351 1480 2386 hoc
1507 2352 1555 2386 ita

871 2407 1053 2441 exornavit
1071 2433 1080 2451 ,
1101 2412 1313 2452 tractataque
1322 2408 1449 2450 pollice
1465 2407 1560 2439 mul-

871 2464 927 2493 tas
940 2461 1094 2504 flectitur
1113 2462 1148 2493 ι’νι
1162 2458 1290 2506 facies.
1318 2457 1454 2492 Confer
1471 2457 1554 2502 XV,
1600 2504 1602 2508 Ι

877 2511 948 2557 169.
971 2511 1129 2544 Tractari
1141 2512 1285 2554 etflebli
1301 2510 1408 2544 verba
1424 2522 1499 2544 esse
1515 2510 1553 2546 in

872 2563 938 2598 hae
952 2577 989 2598 re
1005 2563 1144 2609 propria
1157 2589 1166 2606 ,
1197 2562 1299 2598 docet
1315 2563 1493 2598 Heinsius.
1509 2581 1553 2591 ·—·

873 2617 1014 2661 Ipsoque
1020 2617 1065 2661 fil
1079 2617 1175 2649 ult'ltlt
1188 2628 1260 2649 usu.
1273 2615 1332 2650 Sic
1344 2622 1455 2650 statua
1468 2642 1477 2660 ,
1489 2629 1556 2661 po-

873 2668 939 2702 sito
950 2667 1063 2713 rigore
1077 2693 1086 2710 ‚
1099 2667 1191 2702 utilis
1202 2666 1307 2702 fiebat
1317 2667 1551 2715 Pygmalioni.

874 2718 986 2753 Paulo
1002 2718 1100 2752 altius
1114 2717 1262 2764 repetita
1274 2719 1446 2764 posterior
1460 2719 1551 2754 simi-

873 2770 1029 2805 litudinis
1045 2783 1133 2816 pars.

921 2824 994 2869 287.
1018 2825 1108 2859 Dum
1123 2827 1242 2870 stupet.
1268 2823 1438 2861 Adfectus
1454 2824 1559 2872 Pyg-
