1820 3106
264 257 344 301 163

614 259 671 303 -Ρ,
716 259 957 304 ov1n11
993 234 1301 313 NASONIS

261 348 464 398 Carmina
487 362 637 400 nostra
659 371 784 400 move
805 372 814 400 :
835 352 956 402 Jovis
976 365 1042 402 est
1063 353 1308 420 mihi-saepe
1330 366 1525 421 potestas

256 424 385 474 Dicta
408 426 530 492 prius
551 446 559 474 :
581 428 717 476 cecini
740 428 907 494 plectro
931 430 1130 492 graviore
1155 430 1389 492 Gigantas,

1605 443 1667 479 150

256 503 503 569 Sparsaque
530 504 767 568 Phlegraeis
789 506 976 555 victricia
1002 506 1186 555 fulmina
1209 507 1384 574 campis.

254 580 384 628 Nunc
408 601 520 647 opus
542 594 608 630 est
631 582 796 632 leviore
819 583 911 650 lyra
930 605 939 631 :
961 602 1208 650 puerosque
1233 602 1435 632 canamus

253 657 453 706 Dilectos
477 659 658 725 Superis
675 698 687 718 ,
711 660 1066 727 inconcessisque
1089 660 1259 727 puellas

253 735 441 796 Ignibus
464 737 675 785 attonitas
698 739 908 787 meruisse
933 738 1118 787 libidine
1143 756 1330 804 poenam.

254 810 351 859 Rex
376 812 593 878 Superum
619 814 800 881 Phrygii
825 815 1046 881 quondam
1072 815 1336 882 Ganymedis
1360 834 1504 864 amore

1606 827 1667 862 155

255 888 406 946 Arsit3
435 902 479 937 et
497 891 723 939 inventum
745 905 811 940 est
835 891 1001 958 aliquid
1016 930 1028 949 ‚
1053 892 1174 958 quod
1196 891 1404 958 Juppiter
1424 910 1517 941 esse
1530 929 1546 956 ,-

258 965 406 1027 Quam
427 966 547 1031 quod
569 979 684 1026 erat,
708 967 857 1016 mallet
876 988 885 1016 :
906 969 1027 1017 nulla
1051 980 1193 1017 tamen
1216 968 1316 1017 alite
1339 968 1450 1016 verti

255 1089 308 1123 vel
324 1092 464 1131 cedant,
491 1092 545 1126 vel
567 1095 689 1127 cedunt
706 1093 876 1128 scribatur
894 1094 931 1128 in

254 1144 382 1178 nostris
395 1145 511 1190 Regiis
523 1145 728 1190 codicibus,
743 1160 850 1192 quum
863 1160 933 1182 am-

253 1195 299 1229 bo
311 1198 419 1231 nostri
432 1205 467 1232 et
477 1198 531 1232 alii
543 1200 657 1234 forsan
671 1201 771 1235 multi
784 1201 849 1236 hoc
859 1215 932 1236 ver-

254 1249 338 1283 bum
352 1249 502 1284 habeant
514 1264 576 1295 per
590 1252 848 1296 compendium.
866 1256 932 1288 Ed.

253 1302 457 1335 —-Carmina
464 1311 588 1337 nostra.
599 1303 776 1339 Leidensis
784 1308 933 1339 carmina

253 1356 367 1398 digna.
374 1374 418 1380 —
426 1356 526 1400 Regii
538 1357 647 1391 nostri
663 1365 787 1392 nostra.

295 1419 308 1441 ι
315 1407 368 1440 5ο.
378 1409 484 1441 Dicta
488 1411 599 1450 prius:
610 1412 789 1443 cecinietc.
801 1409 933 1443 Editio-

254 1470 317 1492 nes
331 1458 491 1502 quaedam
503 1458 722 1504 distinguunt
732 1463 931 1504 postDicta.

254 1508 403 1543 Excusat
422 1510 585 1545 carminis
604 1511 934 1545 levitatem.·-Gra-

255 1573 291 1594 νε
305 1563 467 1603 plectrum
484 1562 594 1605 poetis
611 1562 775 1595 tribuitur
789 1589 797 1601 ,
821 1576 932 1606 quum

255 1619 502 1657 argumentum
531 1625 632 1656 grave
651 1637 660 1655 ‚
699 1612 787 1646 bella
815 1620 850 1647 et
877 1627 932 1648 res

255 1670 365 1707 gestas
381 1663 540 1697 Deorum
552 1690 560 1706 ,
581 1663 729 1697 heroum
755 1670 790 1698 et
808 1677 932 1709 regum

256 1713 397 1755 dicunt;
423 1718 505 1748 levis
527 1722 650 1749 contra
670 1719 762 1761 lyra,
792 1723 850 1749 aut
866 1719 934 1750 leue

251 1770 413 1811 plectrum
433 1768 585 1810 (Horat.
603 1768 639 1803 II
658 1794 667 1811 ,
692 1767 762 1802 Od.
778 1779 790 1801 1
809 1794 818 1811 ,
837 1770 879 1812 4ο
893 1769 907 1810 )
922 1794 932 1812 ,

258 1832 368 1863 quum
379 1832 434 1853 res
445 1819 535 1854 leves
549 1846 558 1862 ,
573 1820 755 1854 amatorias
767 1827 830 1855 etc.
843 1827 934 1855 trac-

258 1878 343 1905 tant.
358 1871 413 1905 Ad
430 1871 596 1906 eumdem
607 1871 753 1905 modum
769 1870 935 1906 Claudia-

258 1936 324 1958 nus
342 1949 352 1967 ,
378 1924 485 1968 Nupt.
509 1924 646 1958 Honor.
669 1925 762 1969 praes.
780 1938 800 1971 9
816 1931 851 1958 et
870 1938 907 1969 17
923 1950 932 1966 ,

255 1973 340 2008 dixit
350 2001 357 2013 ,
377 1978 505 2008 lascivo
511 1977 635 2019 pollice
649 1982 683 2008 et
689 1978 823 2018 pectine
835 1977 932 2008 nobi-

254 2027 336 2059 liore
350 2033 475 2060 tentare
489 2027 823 2072 lyram.—F'ulmina.
840 2025 934 2060 Octo

257 2091 298 2112 ex
314 2078 514 2113 melioribus
527 2078 657 2113 habent
667 2083 837 2120 carm1'na‚·
857 2090 933 2122 quae

256 2130 360 2165 lectio
380 2130 596 2165 intellectum
614 2143 736 2164 meum
755 2130 851 2175 fugit.
867 2131 933 2163 Ed.

256 2184 659 2226 ——Pblegraeir....campis.
678 2182 844 2216 Heinsius
856 2194 934 2215 ma-

255 2234 348 2269 lebat
363 2238 504 2274 castris,
527 2234 606 2279 quia
622 2234 746 2279 passim
763 2235 934 2276 Phlegroea

256 2293 370 2320 castra
381 2297 392 2328 ,·
408 2285 469 2321 sed
480 2292 515 2320 et
525 2287 691 2329 Phlegra·
696 2288 814 2327 campi,
831 2286 934 2318 Phle-

253 2352 343 2383 gra-a
357 2351 438 2376 arva
454 2344 653 2372 occurrunt.
662 2336 812 2381 -Regii
824 2336 933 2370 nostri

255 2391 605 2434 campis—Phlegra·
612 2392 739 2433 campi,
758 2395 849 2422 terra
862 2387 933 2422 sul-

255 2443 354 2476 furea
376 2454 482 2486 prope
510 2439 665 2483 Cumas,
688 2440 747 2474 ubi
766 2439 906 2484 Jupiter
922 2465 931 2482 ,

257 2493 395 2538 adjutus
407 2500 441 2527 et
452 2506 471 2526 a
484 2492 622 2537 reliquis
637 2491 713 2526 Diis
730 2497 765 2525 et
781 2491 822 2525 ab
834 2491 930 2524 Her-

255 2546 331 2579 cule
352 2571 362 2589 ,
387 2545 553 2591 Gigantas
582 2545 704 2590 sparsis
731 2543 933 2581 fulminibus

257 2596 464 2638 debellavit;
490 2596 568 2630 vide
593 2595 847 2641 Apollodorum
860 2621 869 2638 ,
890 2596 929 2638 I,

255 2659 308 2691 VI,
324 2661 351 2681 1.
364 2648 499 2692 Nempe
512 2660 621 2692 quum
632 2647 745 2682 coloni
757 2647 855 2693 graeci
866 2653 932 2681 ter-

255 2713 311 2735 ras
326 2701 405 2734 istas
421 2700 571 2735 incolere
585 2700 784 2745 coepissent,
802 2699 932 2733 fabulas

256 2765 381 2798 graecas
389 2752 453 2788 illis
462 2752 543 2788 locis
555 2751 843 2798 alligarunt.Vide
855 2764 931 2797 quae

997 1094 1174 1129 Gesner-us
1185 1094 1227 1128 ad
1239 1093 1473 1128 Claudianum
1482 1119 1491 1136 ‚
1503 1091 1666 1135 XXVII,

996 1159 1039 1180 20
1053 1173 1062 1189 ,
1081 1146 1240 1192 disputat.
1257 1164 1301 1172 —
1318 1146 1394 1180 Hos
1409 1157 1548 1190 campos
1561 1144 1616 1179 alii
1631 1146 1668 1178 in

998 1211 1038 1232 ea
1064 1205 1160 1243 parte
1186 1197 1404 1232 Macedoniae
1415 1223 1424 1241 ‚
1451 1208 1528 1242 quae
1553 1202 1671 1241 postea

999 1250 1139 1284 Pallena
1151 1249 1241 1284 dicta
1257 1257 1308 1284 est
1322 1264 1330 1291 ;
1349 1249 1404 1284 alii
1420 1250 1456 1283 in
1473 1248 1669 1290 Thessalia;

997 1303 1035 1337 in
1055 1302 1247 1347 Campania
1261 1303 1316 1337 alii
1329 1309 1505 1345 statuunt,
1523 1301 1583 1335 ubi
1600 1301 1671 1335 Fo-

996 1367 1077 1388 rum
1089 1354 1247 1388 Vulcani.
1259 1353 1424 1389 Eae—De
1438 1352 1670 1399 argumentis,

997 1418 1073 1450 quae
1086 1405 1240 1451 graviore
1252 1405 1383 1450 plectro
1396 1404 1561 1449 Orpheus
1574 1403 1672 1438 ceci?

997 1465 1099 1492 nerat
1112 1484 1120 1500 ‚
1135 1458 1227 1492 cons.
1242 1457 1362 1502 ipsein
1376 1457 1508 1502 Argon.
1523 1469 1563 1490 10
1575 1469 1649 1501 sqq.

1044 1510 1114 1544 153.
1140 1511 1350 1543 Inconcessir
1371 1512 1514 1553 ignibus.
1538 1508 1594 1542 De
1619 1507 1671 1542 his

996 1562 1074 1596 vide
1098 1562 1139 1596 ad
1165 1563 1236 1604 lx,
1261 1562 1336 1605 453.
1362 1561 1529 1606 Intelligit
1553 1567 1671 1595 autem

996 1613 1033 1648 in
1049 1613 1168 1658 primis
1189 1613 1347 1660 Myrrhae
1366 1624 1523 1646 amorem
1536 1637 1545 1655 ,
1565 1623 1672 1656 quem

996 1666 1087 1699 infra
1103 1674 1214 1699 canet.
1224 1667 1452 1700 —Attonilas
1462 1692 1470 1706 ‚
1492 1665 1672 1699 fascinatas

999 1723 1058 1751 aut
1073 1716 1284 1750 insanientes
1295 1741 1304 1759 ,
1318 1724 1358 1751 ut
1373 1718 1454 1760 XV,
1472 1717 1672 1751 326.-Pa›-

997 1781 1086 1802 nam.
1106 1767 1227 1802 Codex
1246 1767 1375 1813 Regius
1389 1768 1420 1802 Β
1433 1780 1553 1812 poenas
1567 1781 1578 1802 .·
1593 1767 1669 1802 sine

998 1819 1103 1853 dubio
1120 1826 1260 1864 propter
1275 1819 1531 1864 praecedentem
1548 1831 1672 1854 vocem

998 1875 1178 1911 attonitas,
1197 1878 1233 1905 et
1248 1871 1348 1905 male.
1366 1872 1434 1904 Ed.

1047 1923 1117 1957 156.
1132 1924 1300 1960 Inventum
1315 1928 1366 1956 est
1375 1924 1514 1966 aliquid.
1525 1920 1674 1968 Excogi-

998 1976 1082 2010 tavit
1092 1976 1231 2019 Jupiter
1240 1976 1403 2017 sormam,
1414 1974 1451 2008 in
1462 1986 1566 2018 quam
1576 1980 1673 2008 tran-

998 2026 1081 2060 siret
1101 2038 1141 2058 ex
1160 2037 1221 2059 sua
1244 2037 1252 2058 :
1273 2024 1405 2058 nullam
1431 2030 1549 2057 autem
1571 2035 1672 2057 avem

997 2080 1211 2121 dignabatur,
1244 2076 1385 2122 dignam
1407 2075 1579 2110 indicabat
1596 2101 1606 2120 ‚
1633 2075 1671 2110 in

998 2143 1103 2175 quam
1136 2136 1331 2163 verteretur
1350 2156 1359 2172 ,
1395 2129 1460 2163 nisi
1490 2129 1640 2173 aquilam
1660 2143 1670 2171 ς

999 2194 1075 2226 quae
1096 2207 1104 2224 ‚
1137 2193 1246 2225 quum
1271 2181 1369 2215 Jovis
1392 2179 1538 2215 fulmina
1560 2180 1670 2223 serat,

997 2235 1094 2273 Jovis
1102 2234 1252 2276 a‘rmiger,
1266 2235 1417 2267 minister
1415 2231 1575 2275 fulminis
1583 2234 1666 2271 ales,

986 2286 1178 2328 flammiger
1190 2286 1263 2318 ales
1279 2291 1342 2318 etc.
1362 2296 1380 2317 a
1394 2283 1505 2328 poetis
1519 2289 1672 2316 vocatur.

998 2338 1137 2370 —Alite
1150 2349 1213 2381 pro
1226 2362 1235 2379 ‚
1252 2335 1288 2369 in
1308 2336 1425 2370 alitem
1437 2360 1447 2378 ,
1467 2341 1504 2368 ut
1521 2334 1592 2376 IX,
1607 2335 1645 2368 81
1659 2359 1669 2377 ‚

997 2394 1092 2423 lauro
1103 2386 1582 2431 mutatus.—-N1k1·quoeposs1‘t.
1597 2385 1673 2420 Ple-

997 2440 1097 2484 rique
1120 2446 1253 2474 veteres
1274 2441 1346 2472 nisi
1366 2451 1436 2482 qua
1453 2442 1586 2481 portat,
1617 2436 1672 2471 vel

991 2498 1102 2535 portet
1124 2504 1186 2525 suu
1198 2491 1349 2535 fulmina
1372 2496 1482 2531 terrae,·
1504 2489 1671 2524 Heinsius

998 2545 1096 2579 malit
1111 2546 1291 2588 Dignatus,
1313 2546 1385 2577 nisi
1395 2546 1454 2577 cui
1457 2549 1599 2586 possent
1608 2555 1672 2577 sua

987 2596 1141 2640 fulmina
1151 2595 1247 2639 ferri.
1263 2612 1306 2622 ·—-
1324 2593 1444 2628 Codex
1466 2594 1593 2639 Regius
1613 2594 1645 2628 A
1659 2619 1669 2637 ,

996 2651 1068 2682 nisi
1084 2661 1154 2692 quoe
1171 2652 1286 2690 portet
1306 2658 1369 2680 sua
1383 2645 1534 2688 fulmina
1556 2651 1670 2688 term-,-

1000 2698 1120 2732 Codex
1136 2699 1166 2732 B
1182 2724 1192 2741 ,
1210 2699 1282 2732 nisi
1295 2709 1366 2741 qua·
1379 2703 1498 2739 posset
1513 2709 1575 2730 sua
1583 2696 1670 2739 sul-

996 2754 1087 2786 mina
1102 2749 1204 2794 serre.
1235 2747 1446 2783 Emendatio
1478 2746 1671 2782 Heinsiana
