1820 3106
321 231 1003 280 METAMGRPHOSEON
1045 236 1176 281 LIB.
1211 238 1322 283 XV.

1455 239 1541 302 497

122 348 146 370 ι)
175 327 220 377 Ο
245 326 317 376 cui
338 321 526 395 juseaeli
547 325 620 374 bis
641 344 719 374 sex
741 325 879 376 fecere
900 327 1101 387 labores,

123 424 150 446 »
175 404 260 454 Fer
272 421 450 471 precor,
466 400 618 468 inquit
631 439 643 460 ‚
657 421 794 469 opem
810 423 820 451 :
834 422 936 452 nam
950 415 998 453 tu
1011 404 1119 453 mihi
1135 405 1331 456 criminis
1341 420 1506 457 auctor.
1522 431 1544 453 n

121 480 227 529 Mos
250 491 342 529 erat
360 477 572 545 antiquus
587 516 599 537 ‚
625 479 765 528 niveis
788 479 983 547 atrisque
1006 479 1169 549 lapillis
1185 519 1196 540 ‚
1503 500 1543 543 4.

120 559 206 608 His
225 558 428 607 damnare
451 577 550 606 reos
567 595 579 616 ‚
600 556 687 606 illis
711 558 938 607 absolvere
963 558 1113 627 culpae.

120 636 252 685 Nune
276 653 458 702 quoque
478 634 540 683 sic
563 633 650 682 lata
672 646 743 683 est
766 635 982 684 sententia
1005 636 1144 685 tristis
1161 656 1171 695 ;
1191 649 1239 686 et
1257 639 1406 688 *omnis

119 710 330 762 Caleulus
355 712 566 760 immitem
590 711 837 769 demit-titur
857 725 952 762 ater
974 714 1021 762 in
1046 734 1215 763 urnam.

118 791 235 856 Quae
258 789 390 839 simul
413 789 569 839 effudit
591 791 886 840 numerandos
910 811 1033 841 versa
1054 791 1232 859 lapillos
1247 831 1260 853 ,
1510 809 1553 854 45

118 869 348 919 Omnibus
368 860 547 932 e⁸nigro
571 868 695 917 color
721 881 785 918 est
807 881 1005 920 mutatus
1027 870 1074 919 in
1097 870 1278 930 albun13

123 947 411 1014 Candidaque
435 945 658 996 Herculeo
684 947 898 996 sententia
924 967 1105 998 munere
1124 949 1239 998 facta

124 1025 270 1074 Solvit
291 1024 583 1074 Alemoniden
605 1044 616 1072 :
637 1036 782 1087 grates
805 1025 895 1088 agit
917 1025 990 1074 ille
1014 1027 1189 1093 parenti

124 1102 560 1170 Amphitryoniadae3
584 1102 817 1168 ventisque
843 1103 1093 1154 faventibus
1117 1125 1268 1172 aequor

124 1183 315 1246 Navigat
339 1182 517 1249 Ionium
531 1218 544 1240 ‚
565 1180 1036 1249 Lacedaemoniumque
1057 1185 1301 1233 Tarentum
1517 1200 1560 1234 50

157 1295 212 1343 39.
223 1295 322 1329 Ocni
321 1293 387 1338 jus
396 1295 474 1328 caelt‘
483 1290 721 1326 emendarunt
730 1290 810 1325 Mu—

125 1354 246 1391 retus,
267 1345 422 1391 Scaliger
439 1351 476 1390 et
497 1343 698 1384 Meursius3
725 1343 810 1376 olim

126 1398 299 1433 edebatur
313 1397 453 1441 Ocujus
461 1398 596 1437 celum,·
608 1407 701 1429 unus
713 1393 813 1428 Vati-

127 1462 234 1486 canus
247 1475 256 1492 ,
274 1448 467 1485 Fax-nessia
481 1446 639 1492 margine
652 1471 662 1489 ,
675 1444 812 1481 Arond.

129 1509 166 1537 et
185 1501 309 1536 decem
329 1499 384 1535 alii
407 1500 439 1534 0
460 1505 497 1534 Yu
515 1511 610 1544 quem
631 1499 813 1538 celebrem,-

129 1552 248 1589 Oxou.
269 1559 306 1588 et
320 1550 449 1586 Medic.
474 1552 506 1585 0
527 1550 627 1593 cujus
643 1551 813 1583 celebrem.

128 1609 220 1642 -Τό
231 1607 355 1640 celum·
365 1603 460 1638 abest
471 1615 490 1637 a
500 1601 619 1638 codice
627 1600 743 1646 Regio
756 1601 787 1635 A
798 1626 810 1644 ‚

129 1670 198 1693 nec
208 1657 315 1703 'pouit
327 1654 396 1691 dici
412 1654 497 1696 illud
512 1653 618 1689 fuisse
631 1653 812 1695 abrasum3

129 1710 238 1747 codex
249 1709 293 1754 B,
306 1708 367 1744 sed
380 1722 399 1743 a
409 1707 565 1743 secunda
575 1719 698 1751 manu,
715 1702 815 1742 Ocuss

123 1766 187 1811 [τε
195 1766 335 1805 celuim·
357 1762 502 1807 antiqua
518 1760 688 1806 scriptura
702 1759 816 1794 deleta

131 1817 240 1853 ferro.
263 1818 331 1852 Ed.
347 1833 392 1842 --
410 1816 442 1849 0
462 1817 522 1849 cui
532 1814 596 1857 jus
621 1820 686 1848 etc.
708 1825 816 1858 quem

132 1869 320 1906 duodecim
348 1868 482 1903 labores
510 1866 655 1911 dignum
682 1865 817 1911 proba—

134 1930 220 1958 runt
231 1949 241 1967 ‚
265 1922 326 1968 qui
350 1919 566 1966 reciperetur
591 1919 686 1953 inter
710 1918 816 1953 Deos.

136 1977 293 2019 Seneca,
314 1974 438 2020 Agam.
455 1974 518 2008 812
535 1997 546 2015 ,
569 1972 660 2005 Tuus
684 1973 742 2005 ille
765 1973 817 2005 bis

135 2042 217 2064 seno
235 2029 355 2062 meruit
373 2027 488 2060 labore
505 2025 626 2068 Allegi
639 2025 722 2057 coelo
743 2036 818 2057 ma-

133 2091 222 2126 gnus
235 2079 387 2115 Alcides.
409 2075 614 2112 Formulam
627 2075 692 2120 jus
698 2073 818 2118 facete

137 2131 343 2178 comprobat
359 2129 483 2164 Heius.
501 2141 542 2163 ex
558 2128 650 2162 Fast.
668 2127 742 2171 Vl,
764 2129 817 2162 25.

138 2204 184 2212 -—
200 2185 358 2220 Criminis·
365 2189 491 2221 auctor,
501 2179 582 2227 quia
590 2180 694 2215 suasit
705 2187 739 2215 et
749 2179 819 2214 mi-

137 2239 193 2274 nis
209 2236 359 2284 perpulit
370 2259 380 2278 ,
400 2242 439 2270 ut
453 2234 709 2279 commigraret.
729 2235 796 2269 Ed.

183 2294 238 2336 41.
249 2290 328 2325 Hos
336 2290 585 2332 eratannyuus.
596 2286 695 2322 Olim
709 2287 722 2331 (
734 2294 772 2322 ut
782 2288 818 2322 in

138 2343 216 2381 cod.
232 2342 343 2388 Regio
359 2341 390 2375 A
406 2342 419 2384 )
438 2339 617 2385 legebatur
628 2365 638 2381 ‚
656 2340 735 2374 Mos
748 2346 823 2375 erat

138 2398 297 2442 antiquis.
313 2412 358 2420 -
372 2394 536 2436 Lapillis,
569 2395 680 2437 φῆμις
691 2417 701 2435 ,
724 2391 818 2427 unde

141 2453 339 2494 ψηφίζεσθαι.
372 2446 498 2480 Postea
533 2442 623 2478 fabae
641 2469 651 2486 ‚
679 2446 790 2488 κύαμοι
808 2471 818 2488 ‚

141 2499 409 2545 usurpabantur.
435 2495 596 2532 Breviter
624 2502 742 2529 autem
763 2495 822 2529 lo·-

141 2556 243 2587 cutus
269 2556 322 2585 est
346 2562 411 2595 pro
424 2575 435 2593 ‚
460 2550 589 2593 lapillis
609 2547 661 2582 uti
680 2573 689 2590 ,
717 2554 821 2592 atque

140 2607 198 2639 Itis
212 2605 374 2638 damnare
382 2609 451 2637 etc.
465 2619 508 2627 —
522 2602 635 2644 Calpe
647 2626 654 2639 ‚
682 2606 722 2634 ut
743 2600 823 2634 alibi

140 2658 341 2702 injuriarum
356 2657 498 2699 aliquem
513 2656 692 2687 absolvere.
712 2653 824 2696 Calpe

143 2722 165 2744 e
174 2708 316 2743 Thuan.
331 2714 367 2742 et
383 2713 508 2752 quarto
520 2704 683 2739 Mediceo
693 2705 824 2749 recepit

146 2760 316 2796 Heinsius
331 2784 341 2802 ,
361 2770 425 2805 pro
446 2757 573 2803 vulgat.
594 2758 694 2799 culpa
707 2754 823 2800 (quod

270 2827 363 2872 JV.

875 1293 1002 1339 legitur
1023 1294 1060 1328 in
1079 1294 1196 1330 codice
1222 1295 1335 1341 Regio
1356 1295 1388 1330 A
1402 1296 1438 1339 );
1457 1296 1562 1333 multi

876 1348 1008 1389 culpam
1025 1347 1138 1389 (utin
1154 1346 1271 1381 codice
1288 1345 1346 1392 Β)
1362 1355 1421 1383 aut
1432 1350 1561 1392 culpas.

875 1398 1093 1433 —Sentente'a
1103 1402 1211 1433 inlu-tt}
1220 1427 1228 1441 ,
1245 1412 1364 1435 severa
1376 1426 1386 1444 ,
1403 1399 1559 1446 ingrata,

877 1463 955 1497 quae
983 1450 1100 1486 reddit
1127 1464 1206 1486 reos
1232 1451 1360 1486 tristes.
1391 1451 1562 1488 Similiter

878 1502 969 1548 apud
988 1501 1062 1538 Cic.
1077 1506 1185 1538 tristis
1195 1503 1326 1548 judex,
1345 1510 1381 1538 et
1394 1507 1502 1539 mim&
1516 1507 1564 1539 li-

878 1563 950 1591 tera
962 1583 970 1596 ‚
989 1555 1088 1590 litera
1106 1555 1278 1590 damnans
1298 1554 1340 1590 C.
1359 1574 1403 1582 —-
1419 1557 1564 1592 Immitis

880 1621 966 1644 urna
975 1636 983 1646 .
999 1609 1083 1655 *qu'ia
1094 1609 1268 1644 sententia
1279 1609 1424 1644 immitis
1436 1635 1446 1652 ‚
1458 1609 1566 1644 dura:

880 1662 928 1697 sic
940 1661 999 1696 ΪῙῙ
1015 1688 1025 1705 ,
1049 1662 1113 1710 697
1128 1688 1138 1706 ,
1160 1662 1312 1696 crudelia
1326 1665 1419 1696 meeis
1434 1665 1565 1696 [nstru-

880 1719 1002 1748 menta.

926 1765 979 1810 47.
991 1765 1222 1809 Candidaque.
1231 1790 1239 1798 .
1247 1791 1253 1798 .
1262 1776 1403 1798 munere.
1416 1763 1565 1799 Plurimi

882 1816 953 1859 (ut
977 1816 1079 1862 Regii
1101 1816 1206 1851 ambo
1231 1816 1396 1860 codices)
1423 1818 1566 1851 numine.

883 1867 993 1903 Paulo
1009 1867 1171 1903 audacius
1186 1895 1195 1911 ,
1214 1867 1318 1913 lapilli
1331 1894 1341 1911 ,
1353 1867 1478 1913 quibus
1488 1881 1568 1903 sen-

884 1920 993 1957 tentia
1021 1921 1262 1957 declarabatur
1279 1948 1289 1966 ,
1322 1921 1461 1957 candidi
1486 1921 1570 1957 facti

882 1980 986 2009 erant
1010 1974 1183 2009 beneficio
1209 1974 1382 2009 Herculis.
1400 1992 1444 2000 —
1462 1975 1572 2009 Solvit

882 2039 947 2073 pro
957 2027 1149 2072 composito
1161 2025 1315 2061 absolvit.
1327 2025 1476 2060 Lenzius
1483 2039 1565 2061 con-

884 2079 968 2125 jicit,
977 2078 1108 2123 iudices
1122 2078 1226 2124 ipsos,
1239 2078 1421 2113 Alemonis
1428 2079 1567 2114 somnio

883 2137 1078 2165 commotos
1090 2157 1099 2174 ‚
1117 2129 1209 2165 albos
1221 2129 1397 2165 demisisse
1409 2130 1568 2165 calculos.

932 2187 985 2219 50.
1007 2185 1184 2218 Tarentum
1203 2187 1352 2228 pra-lert?
1378 2191 1442 2218 etc.
1462 2184 1569 2219 More

884 2249 949 2272 suo
959 2236 1123 2271 nominat
1136 2248 1256 2272 rursus
1266 2236 1366 2281 plura
1379 2236 1453 2271 loca
1464 2262 1472 2279 ,
1492 2249 1570 2281 quae

885 2289 941 2323 ille
965 2287 1182 2334 praeterierit.
1197 2306 1241 2313 —
1257 2289 1544 2322 Lacedaemonium
1557 2316 1567 2331 ,

887 2353 958 2387 quo
973 2340 1249 2383 Lacedaemonii,
1268 2339 1355 2375 duce
1373 2339 1547 2375 Phalanto
1559 2367 1570 2385 ‚

886 2393 1060 2427 coloniam
1087 2392 1310 2427 deduxerunt
1324 2407 1332 2435 ;
1360 2392 1548 2427 Pausanias
1561 2418 1571 2435 ‚

886 2444 996 2480 Phoc.
1012 2455 1045 2489 ρ’.
1065 2444 1128 2478 822
1143 2458 1151 2485 ς
1168 2444 1329 2479 Justinus
1341 2470 1351 2486 ‚
1368 2445 1444 2488 III,
1465 2446 1495 2488 4.
1512 2444 1569 2478 De

887 2496 1029 2541 reliquis
1042 2495 1118 2530 vide
1132 2495 1310 2538 Plinium,
1326 2496 1382 2530 ΙΙΙ
1392 2520 1401 2537 ,
1425 2508 1438 2529 ι
1448 2508 1478 2529 1:
1496 2496 1568 2539 Op·

881 2550 999 2593 pidum
1016 2548 1114 2582 Croto
1126 2573 1136 2590 ‚
1156 2551 1268 2581 amnis
1282 2548 1450 2581 Neaethus.
1463 2548 1571 2591 Oppi-

888 2603 966 2635 dum
984 2601 1140 2634 Thun‘um
1157 2602 1244 2634 inter
1250 2601 1335 2633 duos
1346 2611 1463 2634 amnes
1478 2601 1572 2634 Ara-

888 2655 961 2687 tln'n
977 2659 1011 2686 et
1025 2653 1166 2698 Sybarin
1179 2678 1187 2692 ,
1213 2651 1356 2696 ubt'suit
1367 2654 1445 2686 urbs
1457 2654 1571 2687 eodem

888 2708 1029 2740 nomine.
1040 2703 1179 2738 Deinde
1192 2704 1347 2749 pluribus
1357 2703 1549 2749 interjectis
1559 2731 1570 2750 ,

890 2758 1020 2792 Bar-ion
1036 2763 1115 2791 ante
1128 2757 1239 2803 Iapyx
1252 2769 1276 2791 a
1291 2756 1514 2802 Doedalifilio
1523 2785 1532 2800 ,
1550 2771 1572 2792 a

1298 2823 1352 2865 32
