1820 3106
269 251 357 307 524

623 254 676 297 P.
729 252 970 297 OVIDII
1009 251 1307 299 NASONIS

271 348 469 414 Corpora
494 347 742 403 tabuerint,
764 346 812 394 in
837 365 967 413 parva
990 345 1191 394 animalia
1214 347 1356 395 verti?

271 424 294 471 I
319 441 495 490 quoque
510 461 522 481 ,
545 421 737 471 delectos
757 432 967 471 mactatos
989 421 1127 470 obrue
1146 433 1319 480 tauros3

274 500 462 562 Cognita
481 517 550 548 res
574 517 681 554 usu,
708 498 760 545 de
783 499 904 565 putri
927 499 1087 548 viscere
1108 499 1272 565 passim

1613 511 1678 550 365

271 576 497 640 Florilegae
517 586 757 625 nascuntur
775 595 877 643 apes
890 578 904 634 ,’
928 596 1023 642 quae
1041 594 1161 625 more
1186 586 1415 642 parentum

272 654 392 702 Rura
417 653 595 711 colunt,
623 653 832 721 operique
852 653 1023 711 favent,
1047 654 1095 701 in
1119 672 1327 720 spemque
1348 653 1564 704 laborant:

270 730 453 779 Pressus
477 730 614 779 humo
637 729 825 778 bellator
846 749 984 797 equus
1007 731 1236 779 crabronis
1259 730 1383 795 origo
1406 742 1480 781 est.

272 808 473 856 Concava
494 806 653 856 litoreo
678 808 716 856 si
741 807 885 856 demas
906 807 1083 856 brachia
1101 826 1256 855 cancro
1271 844 1284 866 ‚

272 885 438 933 Caetera
460 904 683 951 supponas
708 896 855 943 terrae,
881 884 934 933 de
956 897 1080 951 parte
1102 883 1274 951 sepulta

1614 898 1680 944 ³7⁰

268 962 479 1028 Scorpius
505 963 666 1020 exibit,
694 963 917 1029 caudaque
939 963 1180 1011 minabitur
1200 981 1335 1011 unca:

270 1039 469 1106 Quaeque
494 1040 637 1088 solent
661 1041 779 1089 canis
799 1040 977 1089 frondes
1000 1041 1192 1090 intexere
1213 1040 1300 1089 filis
1315 1077 1326 1098 ‚

270 1117 476 1180 Agrestes
497 1117 646 1177 tineae,
663 1137 733 1167 res
758 1118 984 1167 observata
1005 1117 1198 1178 colonis,

240 1255 246 1261 .
269 1193 307 1241 F
307 1193 411 1242 erali
431 1206 603 1243 mutant
627 1214 726 1243 cum
748 1195 969 1262 papilione
992 1195 1188 1258 figuram.

272 1272 447 1323 Semina
466 1273 596 1323 limus
616 1274 750 1323 habet
770 1274 929 1324 virides
949 1274 1197 1338 generantia
1217 1291 1344 1323 ranas
1357 1310 1369 1332 ,

1618 1284 1683 1334 375

270 1351 332 1398 Et
353 1363 530 1413 generat
553 1362 729 1400 truncas
750 1351 966 1418 pedibus3
990 1371 1094 1400 mox
1115 1363 1216 1418 apta
1235 1349 1425 1399 natando

270 1457 333 1492 bus
344 1457 565 1493 cadaveribus
574 1472 682 1502 parva
695 1462 874 1500 animalia,
893 1460 948 1494 in-

270 1515 361 1543 secta
370 1534 380 1552 ,
391 1509 559 1554 generari.
571 1510 666 1544 Hinc
675 1510 780 1544 etiam
788 1509 949 1544 ssuxitilla

271 1560 412 1606 opinio,
437 1574 534 1606 posse
554 1574 573 1596 e
591 1566 747 1597 mactatis
769 1569 803 1597 et
823 1565 948 1597 obrutis

269 1616 377 1647 tauris
391 1625 480 1648 nova
497 1626 603 1658 apum
619 1614 776 1648 examina
791 1612 923 1649 excludi
937 1640 946 1658 ,

272 1662 316 1697 de
333 1676 400 1707 qua
418 1664 495 1698 vide
510 1665 606 1710 Virg.
628 1665 755 1710 Georg.
774 1664 839 1708 IV,
860 1666 947 1699 281-

272 1715 338 1759 3¹4
351 1742 360 1759 ,
378 1717 437 1750 ubi
453 1716 598 1751 docetur
610 1743 619 1760 ,
636 1716 812 1762 quomodo
826 1729 880 1751 res
892 1716 949 1750 in-

271 1768 447 1804 stituenda
458 1770 501 1805 sit
513 1784 520 1812 ;
531 1770 624 1805 conf.
636 1769 742 1805 etiam
752 1771 767 1804 Ι
778 1770 948 1815 Fast.377.

273 1820 345 1856 Sed
362 1836 448 1857 vers.
466 1823 530 1866 364
542 1849 551 1865 ,
570 1822 775 1869 depravatus
798 1830 871 1864 est;
893 1822 950 1857 cui

273 1887 291 1908 e
296 1874 368 1908 nim
377 1875 505 1920 placeat
512 1877 656 1911 delectos
660 1881 825 1910 mactalos
832 1878 952 1911 obrue?

274 1925 373 1960 MSS
383 1926 483 1961 valde
490 1928 624 1962 variant
635 1954 644 1971 ,
662 1927 722 1964 sed
740 1927 827 1962 nihil
838 1925 951 1962 auxilii

273 1978 404 2014 ferunt.
416 1981 537 2025 Itaque
551 1981 760 2026 conjecturis
772 1981 886 2015 locum
897 1992 952 2014 sa-

273 2043 358 2065 nare
370 2031 485 2066 conati
494 2039 577 2067 sunt
590 2033 795 2077 interpretes
808 2044 815 2066 :
829 2031 951 2067 Heius.

274 2082 396 2117 suadet
405 2109 414 2125 ,
430 2085 456 2116 I
458 2086 572 2118 scrobe
582 2086 708 2118 delecto
716 2083 731 2130 (
739 2084 792 2118 vel
802 2084 949 2126 delecta)

275 2141 440 2169 mactatos
456 2142 519 2170 etc.
535 2142 593 2169 aut
610 2135 714 2169 etiam
729 2160 738 2178 ,
761 2137 875 2169 scrobe
890 2137 951 2169 de-

269 2199 386 2231 prcsso
394 2187 446 2221 vel
455 2190 570 2222 scrobe
577 2190 699 2232 repleto
708 2199 719 2229 ,·
728 2187 756 2221 B
762 2198 908 2221 urmann
913 2199 952 2221 us

276 2252 359 2274 vero
378 2239 459 2285 legit
473 2265 482 2283 ,
504 2242 528 2273 l
539 2242 653 2274 scrobe
668 2243 728 2274 sub
745 2245 835 2274 tecta
853 2240 953 2283 deje—

276 2299 348 2327 ctos
361 2299 424 2328 etc.
440 2293 586 2327 Lenzius
597 2292 735 2336 suadet,
753 2294 788 2332 Ι,
801 2293 954 2336 cupede-

276 2347 380 2379 lcctos
392 2371 399 2384 ,
423 2351 648 2389 mactatosque
663 2351 728 2379 etc.
751 2345 833 2379 Non
853 2343 952 2378 male.

276 2416 320 2423 -
335 2399 406 2433 Pro
418 2401 581 2443 florilega·
605 2397 704 2432 multi
722 2424 730 2440 ,
754 2398 846 2432 inter
868 2409 954 2441 quos

278 2450 408 2494 Regius
426 2457 544 2484 noster
563 2451 593 2485 B
605 2477 614 2493 ‚
630 2453 818 2495 florigerae;
838 2449 898 2484 sed
914 2462 954 2483 ea

276 2501 378 2537 lectio
395 2515 467 2536 non
484 2502 603 2546 placet.
616 2505 682 2537 Ed.
695 2521 738 2529 ·—
751 2505 927 2537 Parentum
939 2528 948 2542 ‚

278 2561 470 2589 taurorum.
487 2554 557 2589 Sed
579 2554 678 2588 aliter
697 2556 787 2588 tauri
803 2567 879 2588 rura
896 2566 955 2587 co·-

279 2610 371 2648 lunt,
391 2608 489 2643 aliter
507 2621 585 2653 apes
600 2608 673 2641 ruri
688 2607 791 2643 flores
804 2607 934 2652 legunt.

323 2660 396 2694 368.
414 2661 553 2694 Pressas
566 2661 663 2694 humo
673 2661 812 2693 bellator
819 2665 882 2692 etc.
891 2656 956 2691 Ni-

282 2710 409 2746 cander
427 2711 463 2745 in
477 2711 634 2745 Theriac.
653 2723 740 2745 vers.
761 2710 821 2744 133
842 2722 851 2744 ι
874 2713 957 2744 ἵπποι

284 2768 319 2807 δὴ
339 2770 460 2809 σφηκῶν
474 2766 612 2809 γένεσις,
632 2769 732 2810 ταῦροι
749 2766 780 2798 δὲ
796 2766 955 2807 μελισσῶν.

1013 1460 1130 1496 Etiam
1154 1459 1285 1496 Plinius
1299 1486 1309 1503 ,
1328 1459 1383 1495 XI
1397 1484 1407 1502 ,
1433 1469 1476 1492 ιο
1490 1483 1500 1501 ,
1517 1455 1644 1500 tradit,
1662 1469 1683 1493 e

1010 1514 1239 1559 juvencorum
1248 1524 1391 1557 corpore
1402 1509 1595 1545 exanimato
1605 1522 1684 1555 apes

1012 1564 1104 1599 nasci
1116 1590 1125 1606 ‚
1150 1564 1237 1598 sicut
1252 1574 1425 1608 equorum
1441 1574 1559 1606 vespas
1580 1567 1685 1606 atque

1012 1617 1196 1651 crabrones
1209 1641 1219 1659 ,
1243 1621 1277 1649 et
1294 1614 1469 1649 asinorum
1490 1613 1686 1647 scarabeos.

1012 1686 1056 1696 --
1064 1668 1216 1701 Bellator
1229 1678 1329 1711 equus
1342 1677 1361 1700 e
1377 1663 1524 1710 Virgilio
1534 1689 1544 1707 ,
1558 1663 1686 1710 Georg-

1012 1719 1072 1762 Π,
1095 1720 1166 1762 145.

1057 1772 1132 1819 369.
1148 1772 1301 1806 litoreus
1315 1782 1451 1809 cancer,
1470 1776 1510 1804 ut
1526 1769 1559 1804 X
1573 1795 1583 1811 ,
1604 1781 1665 1814 ¹²7
1675 1794 1686 1812 ,

1013 1826 1125 1859 cauda
1134 1835 1220 1858 unca
1228 1825 1390 1863 minatum
1401 1820 1480 1856 vide
1490 1820 1538 1856 ad
1543 1821 1580 1856 11
1591 1846 1601 1864 ,
1617 1833 1688 1868 ¹99·

1058 1877 1131 1920 374.
1153 1877 1270 1910 F'erali
1287 1881 1351 1909 etc.
1373 1873 1468 1908 Male
1490 1879 1610 1907 auctor
1631 1880 1689 1906 ar-

1016 1934 1263 1974 gumentorum
1278 1926 1334 1961 hic
1343 1925 1386 1960 de
1393 1923 1618 1972 bombycibus
1628 1935 1689 1958 co-

1015 1981 1142 2027 gitavit.
1154 1981 1269 2016 Immo
1281 1979 1523 2024 intelliguntur
1535 1976 1662 2011 insecta
1675 1989 1685 2018 ς

1015 2046 1092 2078 quae
1103 2033 1237 2067 Linneo
1249 2031 1412 2077 phalaenae
1425 2028 1626 2064 lucernariae
1636 2025 1689 2061 di-

1014 2091 1151 2119 cuntur.
1164 2083 1253 2118 Plin.
1266 2081 1450 2124 XXVIII,
1473 2092 1532 2114 10:
1548 2094 1565 2109 «
1583 2077 1688 2123 Papi·-

1015 2151 1033 2167 »
1050 2136 1097 2171 lio
1112 2147 1249 2180 quoque
1266 2133 1488 2168 lucernarum
1499 2130 1688 2166 luminibus
1704 2141 1707 2144 ’

1016 2202 1035 2219 »
1053 2186 1214 2222 advolans
1230 2186 1323 2221 inter
1332 2184 1421 2220 mala
1434 2183 1689 2218 medicamenta

1016 2253 1034 2271 »
1051 2245 1268 2274 numeratur.
1293 2252 1311 2267 »
1338 2237 1433 2271 Hinc
1449 2235 1575 2280 fi’ralis
1589 2259 1600 2274 ‚
1621 2233 1688 2268 fu-

1016 2298 1133 2326 nestus
1144 2317 1152 2333 ,
1171 2289 1252 2324 mali
1263 2288 1397 2324 ominis.
1413 2288 1497 2323 Sine
1509 2285 1614 2320 dubio
1623 2284 1657 2319 hz
1667 2284 1690 2320 l.

1016 2343 1164 2389 respexit
1181 2343 1336 2376 Lactant.
1352 2341 1389 2375 in
1408 2340 1529 2375 Phoem
1545 2351 1592 2372 vs.
1607 2348 1689 2383 107:

1015 2396 1072 2431 Ac
1080 2398 1172 2429 velut
1183 2400 1328 2438 agrestes
1336 2419 1344 2433 ,
1371 2404 1467 2436 quum
1468 2393 1536 2436 filo
1546 2390 1597 2423 ad
1602 2399 1692 2422 saxa

1019 2449 1035 2495 (
1045 2449 1208 2484 Thomas.
1218 2447 1316 2482 malit
1328 2451 1411 2480 taxa
1420 2444 1436 2487 J
1446 2445 1601 2483 tenentur,
1618 2443 1692 2476 Mu·
1704 2455 1709 2457 ’

1017 2505 1087 2536 lari
1093 2514 1210 2545 perma-
1230 2500 1243 2543 (
1262 2498 1425 2533 Thomas.
1449 2499 1544 2530 tir'teoe
1555 2493 1571 2539 )
1582 2496 1692 2538 papi-

1018 2556 1104 2587 lione
1119 2555 1234 2586 solent.
1593 2587 1598 2591 *
1704 2555 1707 2559 '

1062 2605 1136 2649 375.
1153 2604 1281 2638 &mina
1294 2603 1392 2635 limus
1404 2601 1504 2633 babet
1518 2603 1580 2632 etc.
1598 2595 1692 2631 Con-

1018 2655 1075 2690 fer
1092 2656 1129 2699 I,
1149 2654 1212 2697 416
1227 2666 1296 2698 sqq.
1314 2653 1429 2686 Ranas
1445 2663 1464 2685 e
1479 2650 1564 2684 limo
1577 2646 1690 2689 nasci,

1021 2707 1107 2742 etin
1128 2705 1293 2741 eumdem
1314 2703 1439 2738 resolvi
1463 2701 1567 2737 tradit
1586 2699 1691 2734 etiam

1020 2759 1111 2797 Pliu.
1129 2759 1180 2795 XI
1196 2784 1205 2803 ,
1230 2759 1260 2792 8.
1285 2756 1419 2801 Nempe
1437 2752 1612 2790 ovulasua
1625 2749 1695 2785 illae
