1820 3106
381 288 1062 337 METAMORPHOSEON
1094 289 1224 337 LIBss
1262 291 1351 334 XI.

1515 291 1602 354 267

177 383 467 434 Adscendunt
485 383 591 453 illuc
604 420 616 440 ‚
643 394 894 450 stratosque
915 382 962 431 in
980 381 1283 432 litore-tauros

179 465 292 514 Cum
316 463 480 527 gemitu
504 462 780 529 adspiciunt,
805 472 1156 527 vastatoremque
1178 472 1361 508 cruento

1542 475 1608 522 395

180 543 272 592 Ore
292 542 460 598 ferum,
485 540 646 604 longos
667 539 879 588 infectum
902 538 1116 602 sanguine
1139 536 1285 586 villos.

179 617 287 668 Inde
310 635 466 666 manus
491 616 676 665 tendens
699 616 746 665 in
770 617 911 684 aperti
935 615 1064 665 litora
1089 615 1241 683 pomi,

180 694 419 755 Caeruleam
441 694 600 744 Peleus
627 695 919 754 Psamathen,
943 707 995 744 ut
1015 695 1141 744 finiat
1165 694 1272 742 iram
1286 731 1298 752 ‚

180 774 294 823 Orat
309 810 322 832 ,
346 792 568 840 opemque
590 773 703 823 ferat
722 794 732 822 :
756 793 838 823 nec
860 774 1046 823 vocibus
1065 772 1142 821 illa
1163 772 1363 836 rogantis

176 850 392 901 Flectitur
415 852 620 901 AEacidae.
645 852 804 909 Thetis
827 853 940 902 hanc
964 872 1048 919 pro
1073 852 1262 917 conjuge
1289 849 1481 918 supplex
1548 863 1616 909 400

176 930 364 996 Accepit
385 931 557 980 veniam
577 950 588 979 ε
613 930 692 980 sed
714 931 833 980 enim
854 942 1086 980 revocatus
1109 930 1164 978 ab
1185 929 1274 978 acri

179 1007 309 1056 Caede
334 1006 469 1075 lupus
493 1021 687 1075 perstat,
714 1009 946 1058 dulcedine
971 1009 1200 1072 sanguinis
1223 1027 1378 1074 asper;

178 1086 336 1135 Donec
358 1086 645 1135 inhaerentem
668 1086 821 1136 lacerae
844 1087 1009 1136 cervice
1030 1087 1227 1153 juvencae

176 1163 402 1212 Marmore
424 1164 612 1213 mutavit
632 1184 642 1212 ε
664 1183 852 1231 corpus,
877 1177 1124 1233 praeterque
1149 1163 1343 1213 colorem

221 1296 295 1343 394.
321 1296 554 1332 Adscendunt.
584 1296 693 1331 Multi
717 1298 863 1332 descen-

178 1349 276 1388 dunt,
291 1348 384 1394 quod
398 1349 626 1384 Burmannus
635 1363 676 1383 ex
684 1352 868 1385 escendunt

179 1407 299 1436 ortum
327 1409 427 1448 putat
440 1428 450 1446 ,
479 1415 584 1448 quam
613 1415 738 1437 vocem
764 1403 863 1437 Livio

179 1465 270 1499 saepe
287 1453 483 1490 reddiderit
497 1454 755 1490 Gronovius.-
762 1456 864 1502 Regii

179 1505 290 1540 nostri
296 1508 537 1553 ascendunt.—
541 1506 734 1552 Orefi‘rnm.
743 1507 865 1542 Potest

167 1556 495 1606 strustubstantive
506 1559 601 1605 capi,
613 1567 652 1595 ut
661 1559 752 1606 apud
765 1560 863 1606 Virg.

176 1617 213 1645 et
225 1610 363 1660 Phaedr.
375 1610 420 1647 de
430 1625 536 1658 equo,
551 1626 668 1657 cervo,
682 1614 784 1649 leone
797 1621 862 1649 etc.

177 1661 281 1698 Tunc
289 1669 446 1699 vastator
448 1664 551 1709 sertu-
561 1665 695 1701 dictum
706 1666 811 1710 soret,
824 1674 864 1702 ut

175 1714 210 1750 X
220 1740 231 1758 ‚
250 1716 319 1760 540,
330 1742 340 1760 ,
364 1723 517 1762 raptones
535 1719 616 1763 lupi.
633 1738 678 1744 —
694 1719 861 1765 Aper-tus,

174 1770 274 1816 cujus
284 1779 491 1819 conspectus
503 1773 571 1809 late
585 1782 700 1820 patet,
719 1782 758 1810 ut
769 1786 866 1821 aper*

174 1829 230 1858 tus
241 1836 383 1869 campus
392 1851 401 1867 ‚
423 1825 498 1860 non
515 1826 647 1862 obsitus
660 1828 844 1863 arboribus
853 1855 863 1872 ,

174 1874 259 1910 binc
278 1875 382 1923 longe
401 1878 691 1924 conspiciendus,
715 1880 865 1924 'apertum

175 1930 293 1964 caelum
309 1956 318 1971 ,
354 1943 429 1966 non
461 1932 656 1969 obductum
683 1935 836 1970 nubibus
855 1962 864 1979 ‚

177 1981 259 2017 hinc
275 1982 384 2018 oculis
396 1983 500 2031 longe
517 1985 656 2032 lateque
674 1994 807 2032 patens.

221 2035 299 2078 400.
321 2037 490 2072 AEacfflae.
515 2036 639 2073 Codex
664 2038 796 2085 Regius
812 2039 864 2084 B,

180 2099 290 2132 graeca
315 2087 430 2124 forma
448 2115 458 2133 ,
484 2091 658 2126 AE'acidos.
674 2111 718 2117 —
733 2093 867 2127 Hecti-

179 2144 235 2173 tur
243 2145 309 2174 etc.
325 2139 398 2176 sed
412 2140 574 2178 Thetidis
590 2144 752 2189 precibus
769 2144 868 2180 miti-

180 2197 259 2237 gata
285 2198 338 2228 est
354 2219 364 2237 ,
390 2200 431 2229 ut
456 2195 595 2230 veniam
622 2195 722 2232 daret
748 2197 866 2232 Peleo.

180 2242 268 2278 Mox
278 2250 419 2280 auctore
431 2245 581 2281 Heinsio
590 2259 608 2281 e
619 2248 867 2284 vetustioribus

179 2296 355 2343 plerisque
373 2298 472 2334 MSS
495 2299 631 2345 praetuli
648 2327 658 2344 ,
683 2308 867 2338 revocatus.

179 2348 325 2384 Frustra
342 2349 404 2385 diu
421 2351 652 2387 revocabatur
672 2365 691 2387 a
713 2353 866 2389 Nereide

178 2403 281 2449 lupus
297 2430 307 2448 ,
326 2404 441 2440 donec
457 2412 523 2440 etc.
546 2407 599 2441 Ita
615 2406 706 2442 bene
723 2413 870 2443 notatur

179 2456 284 2492 ardor
309 2465 344 2493 et
371 2459 655 2506 sanguinolentia
683 2461 766 2507 lupi.
793 2461 869 2508 Qui

177 2512 380 2546 &revocatus
394 2518 542 2547 tuentur
553 2540 562 2556 ,
581 2513 753 2559 explicant
772 2515 869 2550 irre-

179 2562 549 2600 vocabilem.-—Ambo
567 2566 668 2613 Regii
683 2567 794 2601 nostri
809 2580 868 2602 re-

181 2621 320 2650 vocatus
329 2615 626 2653 habene—Acris
636 2621 755 2657 coedes,
767 2631 868 2665 saeva,

180 2668 512 2715 plurima.—Asper,
529 2671 655 2706 ardens
668 2698 676 2714 ,
688 2672 850 2708 incitatus
861 2700 869 2718 ,

180 2727 220 2755 ut
238 2721 335 2766 Virg.
355 2721 485 2769 Georg.
507 2723 585 2768 111,
611 2724 676 2768 434
693 2750 702 2768 ,
728 2737 872 2770 serpens

931 1310 1134 1343 quanquam
1150 1310 1191 1332 ea
1204 1297 1422 1343 potissimum
1434 1322 1443 1340 ‚
1462 1308 1543 1330 cum
1557 1307 1619 1328 as·-

925 1354 1070 1395 peritate
1103 1356 1327 1394 comparatur
1353 1375 1362 1392 ,
1404 1347 1463 1383 sed
1503 1347 1619 1382 omnis

931 1403 1037 1437 etiam
1058 1401 1165 1438 animi
1187 1402 1559 1448 impetus.—Inbaerere
1576 1399 1619 1434 de

931 1454 1119 1490 mordente
1129 1455 1238 1490 bestia
1250 1454 1357 1490 etiam
1370 1455 1386 1489 Ι
1400 1481 1409 1497 ,
1420 1453 1620 1490 535.Verbo

929 1510 1052 1543 haerere
1073 1515 1109 1543 et
1137 1507 1340 1554 compositis
1362 1507 1529 1542 ablativus
1557 1506 1617 1540 in·-

930 1560 1073 1595 terdum
1086 1560 1226 1596 additur
1240 1587 1249 1604 ,
1268 1560 1335 1595 nisi
1349 1559 1449 1594 malis
1464 1559 1620 1594 hocloco

931 1612 1065 1648 dictum
1081 1626 1169 1659 pro,
1191 1615 1365 1648 herentem
1384 1616 1421 1647 in
1441 1616 1621 1647 ceroti-e.-

931 1667 1086 1706 Lucem,
1109 1678 1215 1711 quam
1230 1666 1382 1701 lacerare
1396 1665 1551 1711 parabat.
1563 1664 1623 1699 In—

931 1718 1072 1764 geniose
1092 1725 1305 1753 vastatorem
1327 1718 1364 1752 in
1391 1718 1466 1764 ipso
1493 1717 1623 1752 lacera-

931 1770 1036 1805 tionis
1057 1779 1135 1807 actu
1152 1771 1254 1818 fingit
1273 1777 1461 1805 mutatum.
1478 1789 1523 1795 -
1542 1771 1624 1804 Cer-

932 1826 1003 1857 m'ce
1024 1825 1196 1868 jnrencoe.
1214 1850 1221 1857 .
1239 1851 1246 1858 .
1265 1850 1273 1858 .
1286 1851 1293 1858 .
1314 1824 1440 1857 Omnia
1465 1825 1623 1858 serravit.

933 1875 1097 1924 Micyllus
1122 1877 1266 1921 conjicit
1295 1878 1442 1910 Nomina
1467 1877 1621 1909 servavit.

934 1929 1039 1964 Unus
1052 1929 1235 1965 Mediceus
1252 1931 1377 1964 cervice
1385 1931 1520 1973 gerenti.
1533 1926 1622 1963 Inde

933 1983 1163 2019 Burmannus
1188 1983 1358 2027 faciebat,
1383 1996 1516 2024 vaccae,
1542 1993 1621 2016 cer-

933 2038 1004 2070 vice
1011 2040 1155 2081 gerenti,
1172 2036 1242 2071 scil.
1254 2036 1388 2082 lupum.
1401 2033 1575 2071 Gronovii
1589 2040 1625 2069 et

933 2088 1100 2123 Menardi
1117 2090 1393 2133 nireoejuoencae.
1416 2087 1625 2125 Basileensis

932 2144 1007 2176 lata
1034 2145 1170 2177 ceruice.
1199 2141 1289 2177 Tres
1303 2168 1312 2185 ,
1338 2144 1481 2177 mutavit
1502 2153 1624 2185 corpus

933 2197 1156 2240 Psamateque
1173 2197 1325 2230 colorem.
1348 2193 1457 2229 Multi
1472 2220 1481 2237 ,
1506 2206 1626 2238 corpus

927 2251 1118 2292 pariterque
1136 2250 1277 2282 colorem
1288 2275 1296 2289 ,
1320 2249 1447 2282 Cetera
1463 2244 1623 2286 servarit,

934 2310 975 2332 ex
987 2298 1114 2344 quibus
1124 2299 1236 2334 varias
1248 2312 1346 2345 posse
1357 2298 1626 2334 emendationes

934 2352 1121 2398 eicogitari
1139 2379 1148 2396 ‚
1177 2353 1407 2387 Burmannus
1431 2359 1566 2387 monet.
1583 2370 1626 2377 —-

936 2404 1067 2451 Regius
1084 2413 1206 2440 noster
1228 2406 1258 2440 B
1274 2406 1366 2440 solus
1388 2406 1520 2439 variam
1547 2404 1626 2446 lec—

935 2458 1070 2494 tionem
1089 2459 1213 2499 assem
1233 2459 1338 2494 habet
1355 2461 1526 2494 Marmore
1545 2473 1627 2493 rnu—

933 2517 1021 2546 tavit
1033 2514 1384 2557 Psamete‚proelerque
1394 2514 1536 2546 colorem
1548 2512 1627 2546 Om-

935 2568 995 2598 nia
1005 2565 1381 2605 semaam—Marmore,
1401 2565 1437 2599 in
1451 2577 1626 2605 marmor3

935 2616 1014 2651 vide
1033 2616 1083 2650 ad·
1095 2617 1146 2651 IX
1158 2643 1167 2660 ,
1186 2619 1238 2653 81.
1257 2617 1419 2652 Mutatus
1435 2624 1554 2652 autem
1568 2617 1626 2652 ille

936 2675 1010 2706 non
1031 2672 1066 2706 in
1087 2684 1246 2706 marmor
1263 2671 1418 2707 informe
1437 2699 1445 2715 ,
1470 2671 1531 2707 sed
1550 2685 1627 2707 cor-

932 2737 1007 2767 pus,
1020 2722 1170 2759 sormam
1186 2724 1277 2770 lupi,
1293 2727 1486 2769 omniaque,
1502 2736 1626 2759 omnes

181 2785 283 2817 asper
295 2777 370 2815 siti,
391 2782 425 2810 et
442 2775 491 2810 IX
505 2802 514 2819 ,
533 2775 576 2811 62
589 2802 598 2819 ,
616 2776 718 2822 lupus
732 2789 832 2820 asper
840 2784 875 2812 et
938 2778 1014 2821 eius
1030 2785 1167 2824 partes,
1190 2778 1349 2813 servavit.
1367 2778 1541 2813 Laborare
1566 2784 1625 2812 ta—

183 2828 350 2870 improbus
366 2831 419 2862 ira
436 2829 544 2864 Soevit.
566 2829 649 2865 Non
671 2829 778 2864 modo
797 2830 847 2864 ira
860 2856 871 2875 ,

938 2843 1020 2865 men
1046 2830 1100 2866 hic
1118 2844 1239 2866 sensus
1262 2831 1353 2866 visus
1379 2837 1430 2866 est
1454 2837 1529 2876 post
1554 2829 1626 2863 Mi-
