1820 3106
284 264 364 320 134

650 267 700 309 P.
739 267 971 312 OVIDII
1005 268 1309 313 NASONIS

280 378 302 399 »
327 357 485 404 Nonne
509 355 576 404 vel
598 356 673 406 illa
695 358 786 407 dies
807 358 971 418 fuerat,
995 359 1062 408 vel
1086 371 1179 409 tota
1200 360 1425 418 voluntas,

282 456 302 474 υ
331 434 417 481 Sed
440 434 589 499 potius
610 435 816 484 mutanda
835 435 959 485 dies?
982 437 1102 485 Deus
1126 437 1219 503 ipse
1242 438 1475 496 monebat,

282 535 303 554 n
332 511 550 577 Signaque
573 524 688 560 certa
710 513 867 572 dabat,
893 514 931 561 si
952 533 1043 562 non
1066 513 1176 563 male
1199 533 1301 562 sana
1323 515 1515 563 fuissem.

283 611 305 631 »
332 590 391 636 Et
414 601 558 638 tamen
579 590 674 655 ipsa
696 589 847 656 loqui,
873 610 953 639 nec
975 610 1042 639 me
1066 591 1336 640 committere
1360 611 1466 640 cerae

1620 609 1687 642 600

282 689 303 710 »
333 667 607 725 Debueram,
633 686 910 734 praesensque
935 687 1055 717 meos
1077 669 1241 735 aperire
1265 669 1447 718 furores.

279 765 302 786 »
328 743 522 791 Vidisset
544 743 751 811 lacrymas
772 765 782 802 ;
806 745 954 794 vultus
975 746 1156 794 vidisset
1177 746 1359 794 amantis
1377 765 1387 794 :

282 842 304 862 υ
333 819 464 867 Plura
486 819 611 886 loqui
634 833 832 886 poteram
846 859 857 879 ‚
884 842 1013 888 quam
1039 842 1134 889 quae
1156 842 1305 888 cepere
1328 821 1508 871 tabellae.

283 919 305 939 »
333 898 477 944 Invito
503 898 631 963 potui
654 899 921 948 circumdare
944 900 1122 948 brachia
1146 899 1285 957 collo;

283 995 305 1015 »
333 973 636 1040 Amplectique
660 976 817 1041 pedes,
845 977 1070 1042 affusaque
1093 995 1273 1042 poscere
1293 977 1453 1023 vitam:

1624 987 1692 1022 605

284 1073 306 1092 »
334 1052 416 1106 Et,
443 1051 480 1098 si
503 1052 726 1115 rejicerer‚
751 1053 878 1118 potui
901 1053 1115 1101 moritura
1135 1053 1285 1101 videri.

288 1150 309 1169 υ
340 1129 501 1175 Omnia
523 1129 720 1177 fecissem
740 1149 749 1186 ;
775 1144 962 1196 quorum
986 1130 1023 1178 si
1045 1129 1217 1191 singula
1241 1130 1393 1177 duram

289 1226 310 1246 n
339 1204 529 1253 Flectere
551 1225 643 1252 non
665 1219 894 1271 poterant,
916 1208 1165 1273 potuissent
1190 1206 1358 1263 omnia,
1383 1215 1584 1253 mentem.

265 1305 269 1308 ⁴
289 1304 310 1323 »
339 1281 542 1329 Forsitan
567 1293 610 1328 et
632 1282 755 1330 missi
778 1284 836 1330 sit
860 1284 1056 1349 quaedam
1079 1285 1206 1352 culpa
1228 1283 1427 1332 ministri.

288 1380 310 1399 »
338 1358 440 1404 Non
464 1357 571 1405 adiit
594 1370 720 1423 apte;
745 1378 835 1406 non
858 1359 963 1422 legit
987 1361 1143 1408 idonea
1159 1397 1171 1417 ‚
1201 1359 1356 1416 credo,

1629 1370 1696 1404 6ιο

289 1456 310 1475 n
337 1435 580 1499 Tempora;
601 1454 680 1482 nec
702 1435 830 1500 petiit
852 1435 1092 1501 horamque
1111 1437 1390 1501 animumque
1409 1445 1629 1482 vacantem
1647 1452 1658 1480 ε

290 1533 311 1551 »
338 1511 442 1558 Haec
467 1530 654 1559 nocuere
679 1511 787 1558 mihi
807 1531 817 1558 :
837 1530 976 1578 neque
999 1513 1115 1564 enim
1140 1513 1191 1560 de
1217 1513 1374 1574 tigride
1396 1523 1552 1566 natus3

282 1623 316 1657 id
335 1630 386 1658 est
400 1649 409 1666 ‚
430 1636 555 1658 vanam
567 1638 575 1665 ;
598 1625 739 1667 Caduca.-
757 1637 873 1668 preces
883 1652 892 1665 ‚
918 1626 933 1659 Ι
947 1651 958 1668 ,

286 1676 376 1709 Fast.
395 1675 433 1708 18
442 1676 579 1709 1.--Scd
586 1679 699 1719 potius
714 1679 874 1710 mutanda
889 1678 962 1711 dies

284 1727 372 1761 bene
389 1726 430 1760 ad
448 1727 575 1761 amoris
590 1726 822 1761 ardentissimi
834 1727 958 1761 verita-

284 1785 356 1812 tem
367 1778 567 1822 repetitum,
578 1790 688 1823 quum
697 1791 768 1812 non
778 1779 963 1813 sustineret

284 1836 388 1863 totam
399 1831 609 1869 voluntalem,
631 1837 744 1864 totum
756 1830 937 1864 'consilium
950 1857 959 1873 ,

286 1880 494 1924 abjicere.—-
505 1882 641 1914 Monere
658 1881 794 1926 proprie
812 1881 854 1915 de
871 1882 963 1915 omi-

286 1932 386 1966 nibus
395 1958 404 1975 ‚
415 1933 565 1978 auguriis
573 1935 847 1978 eto—Stigmaque
855 1941 942 1968 certa
950 1947 961 1977 ‚·

286 1991 355 2018 tres
366 1985 530 2028 Signaque
540 1996 635 2026 carm·
652 1985 817 2020 Heinsius
828 1986 963 2020 volebat

286 2037 336 2069 Et
344 2041 419 2069 rata
433 2039 590 2079 segman—
602 2036 700 2081 Regii
717 2036 824 2070 nostri
842 2038 962 2081 Slyna-

285 2099 347 2130 que
358 2088 687 2121 cerla.—·Malesana
697 2114 705 2128 ‚
725 2087 863 2129 insana;
879 2088 963 2122 Vir-

289 2136 386 2182 gilius
399 2140 435 2170 s1'
442 2150 533 2170 mens
547 2151 611 2171 non
626 2139 850 2182 loeoaful'sset.

331 2187 406 2221 600.
423 2189 472 2221 Et
485 2195 593 2221 tamen
610 2192 686 2231 [josa
699 2192 794 2234 loqui
807 2197 871 2223 etc.
889 2188 962 2223 Co-

289 2253 363 2274 ram
379 2240 500 2275 melius
512 2267 522 2284 ‚
545 2254 648 2286 quam
670 2240 775 2276 literis
787 2268 796 2285 ,
819 2243 962 2276 fratrem

289 2292 499 2326 vicissem.-—
508 2294 590 2336 Ipsa
603 2305 719 2327 coram
730 2319 737 2332 ,
755 2306 832 2337 opp.
847 2293 960 2328 literis.

289 2345 390 2377 —Me
400 2356 481 2378 cum
492 2343 525 2377 vi
537 2343 668 2378 dictum
679 2370 688 2387 ,
703 2343 736 2377 id
747 2370 756 2387 ,
770 2344 862 2378 unde
874 2345 962 2379 salus

289 2408 366 2429 mea
383 2394 521 2441 pendet.
532 2395 648 2429 Etiam
660 2399 857 2430 committere
867 2391 961 2430 'verb.

289 2447 473 2483 delectum.
488 2467 531 2473 —
545 2448 626 2482 Jam
647 2448 779 2493 singula
801 2455 961 2491 enarrat,

291 2499 413 2543 quibus
431 2512 579 2543 praesens
599 2500 712 2534 fratris
733 2500 890 2533 animum
909 2500 963 2534 vel

292 2551 433 2584 mollem
445 2564 605 2595 movere,
623 2552 675 2586 vel
688 2552 814 2586 durum
824 2552 962 2586 vincere

289 2607 323 2634 et
338 2613 460 2646 cogere
479 2604 652 2638 tentasset.
668 2603 760 2638 Sunt
776 2610 892 2637 autem
907 2603 962 2637 illa

293 2654 483 2687 amantium
496 2681 505 2697 ,
521 2654 713 2689 dolentium
729 2681 737 2698 ,
755 2655 962 2699 persuaden-

291 2703 380 2737 tium
392 2729 401 2747 ‚
418 2706 609 2749 supplicum
621 2732 630 2748 ‚
650 2705 963 2751 desperantium.—

297 2757 414 2789 Vultus
423 2759 567 2790 amantis
578 2768 590 2798 ,·
610 2758 731 2792 Heins.
742 2758 837 2792 malit
849 2772 962 2792 aman—

1024 1632 1073 1660 tes
1084 1651 1092 1664 ‚
1116 1625 1169 1659 vel
1185 1627 1307 1659 vultum
1321 1630 1484 1658 amantem
1494 1649 1503 1662 ‚
1526 1622 1605 1667 quia
1620 1625 1694 1656 vul-

1023 1686 1091 1713 tum
1107 1678 1246 1723 plurimi
1263 1685 1406 1712 veteres.
1419 1695 1462 1702 —-
1472 1676 1571 1721 Regii
1587 1676 1699 1710 nostri

1025 1733 1149 1764 vultum
1160 1755 1167 1762 .
1182 1757 1189 1764 .
1202 1755 1209 1763 .
1221 1733 1377 1763 amantis.
1389 1747 1433 1754 —
1446 1728 1615 1772 Adfusum
1628 1726 1698 1761 sive

1025 1783 1214 1815 advolutum
1227 1770 1386 1824 at'nplecti
1390 1781 1494 1823 pedes
1509 1785 1568 1813 aut
1585 1780 1700 1812 adbe-

1024 1846 1092 1866 τετε
1109 1835 1246 1876 genibus
1269 1832 1374 1865 etiam
1393 1831 1515 1865 Romae
1536 1830 1700 1874 frequens

1025 1883 1292 1929 supplicantium
1318 1895 1394 1917 mos
1410 1897 1419 1924 ;
1441 1882 1574 1917 Plinius
1589 1906 1599 1925 ,
1621 1880 1674 1915 IX
1687 1905 1698 1923 ‚

1030 1935 1094 1980 Ep.
1114 1946 1194 1978 XXI,
1217 1949 1243 1968 1.

1069 1987 1143 2021 608.
1174 1988 1366 2020 Patatzrsent
1392 1988 1504 2019 omnia
1520 1995 1531 2025 ‚·
1562 1980 1699 2017 Heinsii

1026 2051 1134 2080 unus,
1154 2051 1243 2072 unus
1260 2038 1510 2084 Ambrosianus
1525 2048 1606 2071 cum
1625 2034 1700 2069 Co-

1026 2090 1099 2124 dice
1117 2090 1250 2124 Bersm.
1263 2095 1418 2133 poterant
1436 2095 1545 2123 tamen
1561 2091 1691 2128 omnia,

1026 2141 1118 2186 quod
1140 2142 1359 2175 concinnum⁴
1378 2141 1559 2175 videbatur
1582 2140 1699 2175 Hein-

1026 2193 1084 2227 sio.
1104 2210 1147 2218 -——
1158 2192 1257 2237 Regii
1275 2192 1385 2227 nostri
1402 2191 1489 2226 nihil
1506 2198 1654 2226 mutant.

1069 2244 1090 2278 6
1097 2258 1106 2277 ι
1113 2257 1144 2277 o.
1155 2246 1229 2278 Non
1240 2246 1328 2278 adiit
1335 2250 1398 2278 etc.
1411 2243 1509 2278 Idem
1521 2255 1638 2292 rursus
1645 2249 1699 2276 ter

1027 2295 1131 2337 dixit;
1149 2309 1230 2329 nam
1246 2298 1340 2329 adire
1353 2301 1447 2339 apte,
1466 2297 1569 2338 legere
1579 2296 1699 2327 idonea

1025 2354 1170 2391 tempora
1184 2346 1285 2392 (vide
1299 2346 1341 2380 ad
1353 2358 1437 2379 vers.
1453 2341 1539 2389 571')
1551 2351 1586 2378 et
1590 2351 1701 2387 petere

1026 2401 1140 2433 boram
1149 2405 1319 2432 vacantem
1329 2396 1452 2431 eodem
1460 2395 1618 2441 redeunt.
1627 2395 1697 2430 Sed

1027 2452 1177 2485 consusae
1195 2449 1305 2484 menti
1320 2448 1483 2483 convenit
1499 2448 1574 2482 talis
1590 2454 1699 2482 tauto—

1027 2502 1125 2547 logia.
1135 2504 1231 2535 Hora
1242 2504 1432 2544 animusque
1441 2512 1577 2540 vacans,
1592 2499 1676 2533 hora
1686 2524 1697 2542 ,

1028 2553 1085 2587 ubi
1103 2553 1238 2587 animus
1259 2558 1354 2586 vacat
1373 2551 1555 2585 laboribus.
1576 2550 1698 2585 Hein-

1028 2605 1097 2639 sius
1114 2605 1210 2639 malit
1227 2617 1290 2638 non
1303 2606 1418 2647 petiit.
1431 2630 1438 2638 .
1453 2630 1460 2637 .
1472 2609 1639 2637 vacantes.

1071 2657 1145 2690 612.
1169 2657 1252 2689 Hoec
1269 2667 1340 2688 non
1358 2654 1464 2688 modo
1483 2654 1526 2688 ad
1544 2654 1698 2699 proxime

1028 2705 1267 2741 antecedentia
1283 2732 1292 2748 ‚
1318 2705 1377 2740 sed
1401 2713 1436 2739 et
1457 2704 1500 2739 ad
1523 2704 1699 2749 superiora

1028 2757 1262 2792 referendum.
1276 2757 1347 2793 Nisi
1363 2757 1460 2802 culpa
1474 2762 1533 2791 aut
1548 2767 1625 2790 mea
1639 2760 1699 2788 aut
