1820 3106
354 262 1044 312 METAMORPHOSEON
1075 263 1203 306 LIB.
1241 264 1316 306 IX
1481 263 1558 306 135

144 384 168 405 »
196 363 286 410 Nec
307 359 470 422 rigidas
492 358 636 407 silices
650 395 662 415 ,
688 356 930 407 solidumve
954 358 1002 406 in
1021 367 1196 424 pectore
1218 355 1381 404 ferrum
1395 392 1406 413 ‚

141 461 170 482 ·»
182 438 289 487 -Aut
309 435 537 485 adamanta
561 435 699 498 gerit,
725 453 802 484 nec
824 434 889 483 lac
912 434 1032 483 bibit
1054 432 1127 482 ille
1150 431 1305 482 leaenae.

150 541 173 562 »
199 515 414 564 Vincetur
433 533 443 562 :
463 513 726 580 repetendus
747 513 853 571 erit3
876 531 957 561 nec
978 511 1104 560 taedia
1126 510 1260 576 coepti

1499 523 1566 557 615

149 617 174 638 ‚2
199 590 405 642 Ullaxmei
428 591 595 658 capiam
611 628 624 648 ‚
648 591 755 640 dum
774 590 956 658 spiritus
977 589 1058 638 iste
1080 587 1286 637 manebit.

141 693 174 716 ,»
200 671 313 720 Nam
334 669 561 736 primum5
578 668 616 719 si
637 668 752 718 facta
773 668 881 717 mihi
906 684 1106 717 revocare
1127 664 1305 722 liceret,

151 770 174 792 ν»
197 749 301 797 Non
322 747 507 814 coepisse
527 746 615 795 fuit
634 766 643 794 :
666 758 808 813 coepta
830 762 1079 812 expugnare
1093 781 1105 800 ‚
1131 741 1370 792 secundum
1394 754 1472 792 est.

148 848 172 870 ιο
195 825 381 892 Quippe
405 842 487 872 nec
510 822 583 872 ille
605 834 779 890 potest,
802 834 854 870 ut
873 822 962 887 jam
982 839 1078 870 mea
1099 832 1202 870 vota
1224 819 1467 886 relinquam
1483 857 1495 878 ‚

150 925 172 946 ’²
199 905 302 952 Non
328 915 471 951 tamen
493 918 702 949 ausorum
725 918 897 967 semper
916 918 1084 948 memor
1107 917 1200 947 esse
1220 917 1434 948 meorum.

1502 913 1570 946 620

149 1004 172 1024 »
199 982 284 1039 Et,
309 979 409 1047 quia
435 979 635 1028 desierim
649 1014 662 1036 ‚
686 976 837 1027 leviter
856 977 1048 1030 voluisse,
1070 976 1280 1033 videbor3

150 1082 174 1101 ι»
198 1060 293 1107 Aut
316 1058 444 1106 etiam
469 1068 661 1107 tentasse
681 1054 806 1104 illum
820 1093 832 1113 ‚
855 1055 1113 1121 insidiisque
1135 1055 1309 1122 petisse.

152 1160 174 1179 n
200 1135 285 1185 Vel
304 1147 418 1185 certe
440 1154 532 1188 non
551 1133 638 1183 hoc
652 1172 664 1193 ‚
692 1134 771 1200 qui
793 1132 1010 1200 plurimus
1030 1131 1145 1181 ussit
1163 1143 1205 1179 et
1223 1131 1315 1179 urit

151 1265 244 1300 missi
269 1264 420 1299 ministri
442 1270 557 1307 esset,
582 1263 610 1298 si
632 1275 708 1297 rem
731 1262 830 1297 aliter

153 1327 352 1355 tractassem
364 1344 374 1362 ‚
390 1317 502 1353 victus
517 1323 606 1352 esset
622 1317 751 1358 fratem
773 1329 829 1350 ne-

153 1383 215 1416 que
232 1373 319 1405 enim
335 1371 376 1405 de
390 1371 508 1415 tigride
523 1375 588 1404 etc.
607 1368 704 1404 Hine
723 1380 830 1413 corn-

155 1422 259 1458 mode
279 1435 323 1458 eo
345 1421 524 1465 defertur,
546 1428 586 1456 ut
609 1434 685 1456 rem
710 1419 829 1455 denuo

154 1481 290 1511 tentare
304 1474 430 1520 cupiat.
442 1473 568 1509 Verbis
581 1479 698 1508 autem
713 1472 778 1507 illis
790 1474 831 1507 de

152 1528 272 1572 tigride
278 1532 379 1561 natus
389 1533 454 1561 etc.
469 1525 625 1560 solemne
638 1525 748 1570 poetis
760 1524 830 1559 ani-

154 1591 253 1614 mum
271 1577 494 1613 durissimum
511 1577 704 1612 describere
720 1591 728 1618 ς
751 1576 829 1611 vide

152 1631 196 1667 ad
211 1630 285 1667 VH
297 1657 306 1675 ,
325 1631 378 1665 32.
391 1650 433 1656 —-
446 1632 592 1675 Bigidas
609 1643 627 1665 e
645 1629 831 1664 duodecim

151 1682 467 1730 praestantioribus3
495 1682 612 1718 caeteri
637 1684 774 1728 rigidos.
788 1701 832 1708 —

151 1735 260 1782 Regii
270 1735 382 1770 nostri
396 1736 533 1780 rigidas.

191 1787 272 1824 515.
293 1789 450 1823 Vincetur
460 1793 525 1822 etc.
538 1787 680 1822 Novum
695 1786 834 1832 pericu—

152 1841 228 1876 lum
242 1841 355 1876 faeere
370 1839 455 1875 vult.
468 1857 512 1866 ·-
524 1841 733 1883 Repetendus
742 1866 750 1880 ,
764 1834 836 1873 *de-

154 1904 227 1928 nuo
242 1890 442 1928 tentandus.
465 1889 599 1926 Confer
620 1890 832 1933 Horatium,

157 1945 230 1981 Sat.
241 1946 258 1981 1
271 1971 281 1989 ,
293 1955 331 1980 lx
342 1970 354 1989 ‚
372 1946 415 1980 55
429 1957 550 1990 sqq.—
557 1945 672 1979 Toedia
681 1947 835 1988 cap1‘am;

158 1995 410 2043 Neapolitanus
425 2003 460 2031 et
474 1995 654 2031 Mediceus
669 1997 771 2030 tedia
777 1994 837 2039 sa-

159 2054 268 2092 ctum
292 2049 444 2096 Regius,
466 2049 620 2084 Urbinas
645 2056 680 2083 et
705 2049 837 2095 primus

161 2102 340 2140 Palatinus
354 2110 486 2140 mutata
501 2103 721 2139 distinctione
735 2130 744 2147 ‚
755 2106 838 2139 mei:

161 2153 451 2198 cupiam-Codex
464 2161 584 2190 noster
592 2155 624 2190 A
634 2155 723 2190 male
734 2155 839 2190 habet

115 2243 121 2245 ,
162 2206 265 2240 tedia
273 2209 362 2251 cepit
369 2207 450 2241 Ulla
460 2210 545 2242 mei:
556 2211 688 2252 cupiam
697 2219 708 2250 ‚⁰
719 2220 839 2243 sensus

163 2264 214 2292 est
239 2257 391 2292 nimium
415 2265 596 2294 contortus
615 2274 624 2302 ;
651 2259 771 2294 Codex
786 2259 817 2294 B
828 2285 838 2303 ‚

161 2312 263 2345 tedia
283 2314 388 2356 coepti
400 2336 407 2344 .
420 2336 447 2346 ..
462 2314 594 2356 cupiam
606 2339 615 2353 ‚
639 2312 698 2347 sed
715 2313 840 2348 melior

162 2367 214 2396 est
231 2368 381 2407 recepta.
403 2363 470 2397 Ed.
485 2381 531 2389 —
553 2364 668 2397 Taedia
686 2367 837 2408 capiam,

163 2427 227 2460 pro
242 2414 396 2460 vulgari,
415 2414 516 2450 taedia
526 2415 665 2460 capient
675 2428 743 2451 me.
755 2417 842 2451 Lau-

163 2465 225 2500 dat
241 2465 366 2501 Burm.
390 2465 501 2501 Corn.
527 2467 618 2512 Nep.
642 2467 734 2512 apud
757 2466 844 2502 Gel-

162 2517 249 2552 lium
262 2544 272 2563 ,
290 2518 382 2563 vll,
404 2520 443 2554 18
457 2546 467 2563 ,
489 2520 537 2553 Ut
550 2521 683 2554 toedium
699 2522 775 2554 vite
790 2532 844 2555 ce-

159 2573 280 2615 perine.
302 2570 447 2606 Dictum
474 2584 558 2617 ergo
580 2577 631 2606 est
653 2578 693 2606 ut
718 2574 845 2615 gaudia

164 2635 301 2667 capere,
323 2630 361 2659 et
378 2623 468 2670 apud
484 2624 557 2660 Cic.
570 2624 698 2668 Quint.
712 2624 768 2667 31,
784 2637 847 2659 ca-

162 2688 241 2721 pcre
255 2678 513 2711 miserttordiam
521 2703 530 2718 ‚
546 2676 714 2711 misereri.
725 2675 847 2711 Libra-

171 2729 214 2763 rii
222 2728 296 2781 2100
312 2728 388 2764 loco
405 2729 535 2764 haesere
554 2729 589 2764 in
606 2728 671 2763 hac
689 2729 847 2763 formula.

174 2780 326 2816 Notatur
337 2787 455 2815 autem
470 2780 503 2817 h.
517 2781 539 2816 l.
553 2781 656 2817 tristis
666 2793 739 2816 sors
751 2781 826 2825 ejus
836 2806 845 2823 ,

895 1263 953 1307 qui
970 1275 988 1296 e
1006 1260 1286 1307 turpissimorum
1301 1258 1491 1300 criminum
1510 1258 1574 1292 in-

894 1315 998 1350 famia
1014 1328 1050 1349 se
1067 1313 1228 1359 expedire
1245 1311 1355 1346 nescit
1366 1337 1375 1355 ,
1393 1310 1458 1346 nisi
1476 1310 1576 1345 novis

895 1367 1079 1403 sceleribus
1093 1363 1345 1412 perpetrandis.

939 1421 1014 1465 617.
1033 1423 1143 1455 Facta
1155 1430 1306 1452 revocare
1320 1444 1327 1457 ‚
1345 1417 1433 1450 sacta
1448 1415 1575 1450 insecta

894 1467 1220 1515 reddere—emta
1233 1481 1244 1511 ‚·
1262 1468 1361 1514 Regii
1372 1467 1480 1502 nostri
1493 1481 1577 1512 coep-

894 1525 1138 1568 tum—Capta
1151 1534 1338 1567 expugnare
1348 1548 1355 1561 ,
1374 1526 1484 1566 coepta
1499 1532 1539 1564 pe
1546 1532 1580 1553 r-

896 1576 1012 1611 ficere.
1022 1565 1166 1610 Fatelur
1179 1575 1406 1608 Burmannus
1421 1584 1456 1606 se
1475 1571 1577 1615 igno-

896 1641 973 1663 rare
1009 1627 1114 1674 hujus
1150 1625 1335 1661 locutionis
1365 1624 1577 1669 exemplum.

900 1681 1116 1726 Comparare
1133 1679 1240 1726 possis
1255 1692 1296 1713 ex
1311 1678 1414 1720 XIV,
1432 1691 1471 1711 21
1489 1702 1498 1720 ‚
1519 1689 1579 1710 ez-

890 1746 1032 1777 pugnax
1042 1734 1144 1767 herba
1159 1759 1167 1771 ,
1187 1729 1497 1773 efficax.—Utjam
1514 1735 1578 1762 etc..

899 1784 994 1830 quod
1020 1784 1048 1818 si
1073 1783 1179 1827 etiam
1208 1795 1305 1817 nunc
1331 1794 1351 1815 a
1377 1780 1466 1814 votis
1493 1779 1580 1813 meis

900 1836 1069 1871 absistam.
1200 1879 1202 1881 Ι

944 1891 1019 1925 621.
1041 1892 1188 1931 leviter,
1215 1902 1288 1923 non
1303 1900 1445 1925 summo
1461 1887 1580 1922 surore

901 1950 1119 1989 correptam,
1145 1941 1237 1987 quod
1265 1940 1466 1976 excusatius.
1490 1939 1579 1973 Ma·-

901 1998 1015 2044 jorem
1032 1999 1138 2033 etiam
1153 1997 1293 2032 veniam
1309 2002 1505 2037 merentur,
1523 1993 1582 2038 qui

903 2063 922 2084 a
939 2052 1015 2086 Deo
1040 2050 1171 2085 incitati
1190 2075 1199 2093 ,
1229 2061 1334 2095 quam
1361 2047 1419 2093 qui
1443 2048 1585 2080 libidine

903 2103 982 2139 victi
1000 2110 1129 2138 amant.
1146 2121 1190 2129 —
1209 2103 1307 2137 Ussit
1326 2107 1362 2136 et
1379 2104 1447 2135 urit
1457 2110 1468 2140 ‚¹
1497 2098 1581 2132 olim

904 2155 1074 2191 edebatur
1095 2161 1190 2211 pree!
1208 2162 1242 2190 e!
1266 2156 1356 2196 ur1't‚·
1379 2151 1440 2188 sed
1465 2154 1532 2186 urit
1550 2156 1587 2184 ct

904 2212 992 2243 ussit
1015 2208 1087 2253 jam
1117 2207 1267 2242 Ciosano
1292 2205 1448 2252 placebat
1477 2216 1495 2237 e
1520 2216 1583 2237 suo

907 2260 1039 2295 Codice
1064 2267 1099 2295 et
1118 2259 1253 2294 Caelest.
1278 2258 1378 2294 Idem
1402 2263 1520 2302 postea
1546 2256 1582 2289 in

905 2312 1061 2359 pluribus
1077 2314 1137 2357 (et
1154 2312 1190 2346 in
1206 2310 1332 2346 nostris
1349 2308 1466 2354 Regiis
1481 2321 1489 2347 3
1508 2319 1584 2340 ma-

904 2364 968 2399 lim
978 2371 1073 2409 urget
1083 2370 1117 2398 et
1128 2367 1202 2398 urit.
1220 2362 1286 2397 Ed.
1298 2361 1314 2407 )
1331 2365 1510 2404 repertum
1523 2370 1585 2390 ve-

905 2417 1047 2453 teribus.
1066 2416 1233 2452 Heinsius
1246 2414 1462 2458 conjecturat
1475 2413 1543 2444 urit
1556 2416 1590 2443 ct

906 2475 992 2504 urat.
1000 2469 1228 2504 Burmannus
1238 2462 1496 2512 proeserendum
1507 2475 1586 2497 een-

907 2522 1004 2557 sebat
1027 2525 1116 2556 ussit
1137 2528 1171 2556 et
1191 2524 1275 2559 urit,
1305 2524 1344 2552 ut
1364 2530 1400 2552 se
1422 2515 1585 2552 nondum

910 2574 1073 2609 desistere
1092 2585 1188 2619 posse
1206 2571 1346 2606 indicet.
1368 2570 1462 2605 Eum
1483 2569 1587 2604 ordi-

910 2638 995 2661 nem
1025 2638 1089 2660 nos
1114 2623 1338 2660 restituimus.
1365 2622 1445 2666 Sic,
1471 2622 1563 2657 VIII
1579 2646 1590 2662 ,

911 2678 976 2712 350
989 2703 999 2720 ,
1027 2681 1063 2711 si
1083 2684 1114 2711 le
1141 2678 1291 2720 coluique
1309 2677 1466 2720 coloque5
1492 2674 1565 2709 ΧΠ
1582 2700 1592 2716 ,

918 2742 928 2762 1
939 2730 977 2772 14
990 2755 998 2767 ,
1027 2730 1146 2763 Valuit
1162 2741 1235 2762 mea
1250 2729 1368 2762 dextra
1382 2729 1543 2771 valetque.
1552 2744 1596 2752 --

916 2782 1105 2821 Plurimus,
1129 2792 1266 2816 summa
1280 2780 1323 2814 vi.
