1820 3106
354 251 1046 303 METAMORPHOSEON
1089 252 1222 296 LIB.
1259 252 1418 297 VIII.
1550 252 1605 294 23

170 355 233 403 Et
255 351 421 420 plausit
443 350 630 418 pennis,
654 360 903 415 testataque
930 347 1090 411 gaudia
1116 358 1247 396 cantu
1269 357 1336 395 est
1356 365 1366 394 :

172 431 315 480 Unica
332 441 438 478 tunc
461 427 677 486 volucris,
704 445 785 475 nec
807 426 900 476 visa
922 426 1151 493 prioribus
1172 424 1300 474 annis
1314 461 1326 482 ‚

171 512 390 576 Factaque
413 527 558 575 nuper
581 507 672 556 avis
688 544 699 565 ‚
725 505 914 568 longum
938 505 1022 554 tibi
1036 543 1048 563 ‚
1078 503 1256 554 Daedale
1270 541 1282 561 ‚
1304 502 1471 552 crimen
1492 521 1502 550 :
1541 515 1608 560 240

171 589 374 654 Namque
397 586 504 635 huic
528 585 770 634 tradiderat
786 622 798 643 ‚
822 584 1015 633 fatorum
1038 583 1192 647 ignara
1206 620 1218 641 ‚
1244 580 1486 633 docendam

171 667 437 731 Progeniem
458 684 664 730 germana
687 683 835 723 suam,
860 662 1083 712 natalibus
1108 661 1217 709 actis

168 744 249 794 Bis
270 763 459 813 puerum
482 743 600 793 senis
614 780 626 802 ‚
648 742 783 791 animi
806 742 867 790 ad*
885 752 1107 808 praecepta
1125 739 1309 807 capacis.

167 821 250 872 Ille
272 821 404 872 etiam
425 821 574 871 medio
597 820 749 888 spinas
772 820 820 868 in
843 820 965 887 pisce
987 831 1165 867 notatas

166 901 323 950 Traxit
345 901 392 950 in
416 899 694 967 exemplum3
719 899 928 966 ferroque
950 898 1111 947 incidit
1133 908 1263 947 acuto

165 980 414 1047 Perpetuos
437 979 619 1037 dentes;
645 990 689 1027 et
706 997 836 1029 serrae
859 977 1057 1045 repperit
1080 995 1225 1025 usum.

164 1057 343 1107 Primus
367 1069 412 1107 et
431 1076 484 1106 ex
504 1077 597 1106 uno
622 1057 714 1105 duo
738 1056 878 1105 ferrea
898 1055 1081 1105 brachia
1099 1054 1223 1103 nodo

164 1135 349 1196 Vinxit‚
371 1147 450 1196 ut,
476 1134 634 1203 aequali
659 1134 805 1202 spatio
830 1132 1103 1182 distantibus
1126 1131 1216 1181 illis
1231 1169 1243 1190 ,

164 1214 318 1265 Altera
338 1235 443 1283 pars
468 1227 632 1274 staret;
656 1233 761 1282 pars
785 1212 920 1261 altera
944 1211 1124 1260 duceret
1146 1211 1315 1259 orbem.
1342 1203 1353 1218 ‘

165 1294 376 1344 Daedalus
395 1293 557 1342 invidit
568 1331 593 1367 ‚x
606 1311 814 1359 sacraque
835 1311 889 1340 ex
909 1310 1006 1339 arce
1030 1289 1244 1338 Minervae

1540 1301 1605 1335 250

166 1372 451 1440 Praecipitem'
467 1373 607 1421 mittit
621 1409 633 1430 ‚
658 1371 833 1438 lapsum
852 1369 1065 1419 mentitus
1085 1386 1095 1416 :
1116 1379 1162 1416 at
1182 1366 1309 1415 illum
1325 1404 1338 1425 ‚

167 1451 281 1516 Quae
301 1451 418 1501 favet
441 1450 658 1515 ingeniis,
685 1450 859 1518 excepit
882 1448 1026 1499 Pallas
1048 1468 1058 1507 ;
1083 1466 1294 1514 avemque

166 1529 406 1589 Reddidit,
427 1541 472 1579 et
491 1529 639 1579 medio
663 1528 824 1577 velavit
843 1529 891 1577 in
914 1547 1011 1577 aere
1031 1527 1205 1594 pennis.

164 1605 254 1656 Sed
273 1607 402 1672 vigor
422 1607 590 1672 ingenii
613 1607 840 1675 quondam
863 1606 1052 1665 velocis,
1079 1605 1126 1653 in
1151 1604 1241 1654 alas

151 1740 287 1776 Potius
307 1740 463 1776 perdicis
480 1754 615 1776 nomen
633 1740 758 1776 sabulae
774 1740 848 1775 ori—

163 1793 284 1839 ginem
299 1793 435 1829 dedisse
445 1793 596 1829 videtur.
607 1793 700 1829 Vide
711 1807 759 1828 vs.
773 1795 848 1828 255.

205 1847 282 1890 ²4⁰·
293 1847 445 1891 longum
458 1850 583 1880 crimen
594 1873 602 1887 ‚
619 1859 698 1891 quae
710 1859 850 1892 semper

162 1898 225 1933 tibi
242 1898 376 1934 caedem
391 1906 632 1945 perpetratam
652 1899 783 1945 objicit.
805 1916 850 1926 ·—-

166 1953 339 1987 Germana
355 1952 397 1987 ab
421 1952 640 1998 Apollodoro
663 1954 790 1987 Perdix
813 1958 849 1987 et

154 2007 332 2048 proyeaies
349 2005 456 2039 Talus
469 2011 633 2040 vocatur:
646 2005 694 2040 sic
705 2012 741 2039 et
757 2004 850 2039 Dio—

163 2056 270 2093 dorus
287 2071 298 2100 ;
324 2057 384 2093 sed
413 2071 433 2093 e
460 2071 565 2093 versu
590 2061 656 2094 255
682 2065 824 2104 apparet
836 2084 845 2102 ‚

164 2109 335 2144 Nostrum
354 2123 438 2145 cum
462 2111 610 2158 Hygino
623 2138 632 2155 ,
659 2111 848 2157 Fulgentio

164 2169 200 2197 et
210 2161 334 2197 servio
344 2171 505 2199 secutum
517 2177 590 2199 esse
600 2176 659 2198 eos
670 2191 679 2208 ,
692 2164 751 2209 qui
764 2165 847 2199 Per-

163 2215 248 2251 dicis
271 2228 406 2251 nomen
428 2217 501 2251 filio
527 2218 736 2252 tribuerent.
753 2216 847 2252 Vide

164 2267 384 2302 Munkerum
419 2268 464 2302 ad
493 2269 630 2316 Hygini
660 2270 765 2304 fabul.
793 2270 846 2316 39.

164 2319 259 2355 Eum
282 2319 419 2355 Daedali
443 2326 584 2365 μαθητὴν
614 2328 713 2358 vocat
739 2322 846 2357 etiam

163 2371 414 2418 Apollodorus,
427 2372 531 2418 eique
543 2372 603 2408 dat
614 2376 750 2420 εὐφυΐαν,
763 2387 848 2420 prae-

161 2425 295 2460 clarum
314 2425 510 2471 ingenium.
534 2444 579 2451 —
603 2427 668 2460 Ad
680 2434 848 2471 precepta

159 2481 324 2521 capaces,-
344 2477 466 2518 multi,
484 2481 621 2522 rapacis
632 2505 640 2518 ‚
664 2478 758 2523 quod
776 2479 847 2514 ad-

159 2529 339 2565 blanditur
358 2530 509 2565 Heinsio
523 2557 532 2574 ‚
552 2530 634 2576 quia
654 2543 736 2565 mox
750 2535 846 2575 inge-

159 2584 250 2615 nium
262 2584 362 2616 velot
371 2582 405 2617 ei
414 2582 592 2617 tribuitur.
603 2582 752 2617 Dubitat
760 2583 847 2618 Bur-

161 2646 314 2669 mannus
328 2647 373 2669 an
386 2648 499 2679 rapax
514 2637 565 2669 ad
576 2641 671 2670 recte
687 2634 825 2670 dicatur
836 2662 845 2679 ,

165 2700 277 2732 quum
301 2702 416 2733 capax
440 2701 530 2735 saepe
547 2689 594 2724 ita
611 2688 767 2724 construi
783 2701 849 2724 so-

162 2739 243 2775 leat.
266 2740 374 2775 Male.
400 2742 465 2776 Ad
474 2749 560 2776 tunc
575 2748 627 2776 est
640 2768 649 2785 ‚
666 2740 792 2787 quoad.
804 2761 849 2768 —

167 2792 269 2838 Regii
283 2793 395 2829 nostri
409 2793 541 2830 habent
557 2798 708 2839 capacetr.
726 2794 847 2839 Equi-

914 1739 998 1774 dem
1018 1738 1146 1774 Cicero
1160 1764 1170 1782 ,
1196 1737 1299 1772 Tusc.
1313 1735 1370 1771 ΠΙ
1384 1761 1394 1780 ,
1416 1736 1435 1769 5
1456 1761 1465 1779 ,
1484 1741 1603 1768 mcnlfs

913 1795 965 1828 ad
976 1797 1090 1828 omnia
1108 1795 1295 1837 capacitas.

960 1847 1035 1890 244.
1059 1846 1183 1889 Spinas
1198 1847 1234 1878 in
1248 1847 1352 1888 pisca
1379 1841 1438 1876 Sic
1455 1847 1491 1875 et
1510 1841 1599 1887 Hy—

917 1899 1017 1944 ginus
1038 1912 1046 1939 ;
1077 1896 1139 1932 sed
1168 1895 1364 1931 secundum
1397 1892 1598 1928 Diodorum

914 1959 950 1987 et
968 1951 1154 1998 Hyginum
1168 1976 1176 1992 ‚
1203 1947 1406 1983 mandibula
1428 1947 1600 1992 serpentis

915 2004 1079 2039 dentibus
1102 2015 1221 2048 aspera
1246 2000 1279 2036 ei
1302 2013 1404 2036 causa
1427 1999 1493 2034 suit
1515 2012 1597 2034 ser—

913 2069 991 2090 ram
1007 2053 1222 2091 inveniendi.
1246 2053 1408 2088 Herbam
1427 2059 1597 2087 serratam

914 2108 1087 2154 originem
1116 2119 1222 2143 serrae
1247 2106 1381 2141 dedisse
1403 2132 1412 2149 ‚
1438 2105 1494 2140 alii
1517 2111 1597 2139 tra-

914 2160 1054 2196 debant.
1080 2160 1216 2196 Plinius
1232 2186 1241 2203 ,
1270 2160 1392 2194 XXIV
1409 2184 1418 2201 ,
1448 2161 1497 2193 15.
1523 2157 1599 2191 Eo-

913 2213 997 2248 dem
1019 2221 1162 2248 auctore
1188 2213 1244 2247 illa
1268 2212 1343 2247 laus
1360 2210 1510 2246 debetur
1533 2210 1595 2255 ipsi

913 2266 1081 2308 Daeda10;
1102 2266 1175 2301 VII
1188 2291 1198 2308 ‚
1226 2265 1268 2299 56
1284 2278 1309 2299 s.
1337 2265 1389 2308 57.
1410 2282 1455 2289 —-
1476 2264 1599 2296 Traxit

911 2324 949 2355 in
957 2323 1141 2364 exemplum
1151 2347 1159 2361 ‚
1181 2318 1336 2354 imitatus
1347 2323 1398 2352 est
1412 2315 1596 2350 Claudian.

913 2372 1048 2408 Stilich.
1066 2373 1102 2408 II
1118 2398 1127 2415 ,
1152 2386 1163 2406 1
1176 2386 1211 2416 ¹7
1230 2384 1239 2406 ι
1257 2377 1465 2415 corruptum
1481 2380 1595 2402 aevum

913 2433 947 2462 te
964 2439 1039 2461 non
1055 2429 1165 2461 traxi!
1176 2427 1227 2459 ad
1237 2423 1597 2467 exemplum—Perpe-

911 2486 1003 2520 tuos,
1027 2493 1098 2514 una
1114 2479 1204 2514 serie
1224 2476 1598 2523 procurrentes—ser-

912 2546 957 2566 ra·
970 2544 1051 2566 usus
1061 2558 1069 2572 ,
1085 2531 1157 2576 ipsa
1172 2542 1276 2565 serra.
1292 2528 1383 2564 Vide
1400 2528 1444 2563 ad
1460 2528 1477 2563 I
1491 2554 1500 2571 ,
1519 2529 1595 2572 408.

911 2602 958 2620 ·.-
972 2585 1091 2618 Ferrea
1106 2584 1246 2618 brachia
1265 2589 1329 2617 etc.
1341 2608 1352 2626 ,
1379 2580 1500 2616 circini
1525 2580 1596 2615 ‹le—

912 2635 1054 2681 scriptio
1075 2635 1419 2681 egregia.-—Nodus‚
1447 2633 1484 2668 id
1497 2659 1507 2677 ‚
1525 2645 1596 2678 quo

912 2688 1092 2724 cobaerent
1108 2701 1165 2723 res
1183 2688 1303 2724 scissae.

959 2742 1036 2775 250.
1053 2742 1187 2776 Invidit.
1202 2740 1364 2789 Hyginus
1377 2766 1386 2783 ,
1401 2744 1537 2785 propter
1546 2750 1597 2771 ar-

911 2796 1015 2840 tficii
1024 2796 1186 2830 Invidiam
1200 2821 1209 2836 ‚
1228 2797 1321 2840 quod
1329 2797 1361 2828 is
1369 2797 1514 2838 primum
1528 2803 1599 2826 ser-
