1820 3106
321 249 1022 298 METAMORPHOSEON
1062 249 1192 295 LIB.
1238 244 1385 295 XIV.

1491 249 1580 311 4³9

139 347 389 398 Ausonium
403 383 417 406 ‚
441 345 632 413 Libycas
651 357 785 394 vento
808 341 1060 407 referuntur
1082 344 1138 394 ad
1161 364 1274 394 oras.

139 426 319 494 Excipit
339 425 511 475 AEnean
535 423 626 472 illic
651 424 888 491 animoque
911 423 1164 491 domoque,

140 504 248 556 Non
268 506 380 554 bene
405 504 640 554 discidium
666 503 848 571 Phrygii
872 502 1015 552 latura
1041 504 1216 562 mariti,
1464 530 1483 537 —

142 583 322 633 Sidonis
345 603 355 631 :
381 583 517 650 inque
542 603 651 650 pyra
674 583 784 632 sacri
807 582 892 632 suh
914 582 1106 646 imagine
1129 583 1243 631 facta
1540 597 1585 629 so

139 660 354 719 ‚Incubuit
376 661 494 710 ferro
512 699 524 720 ,
552 660 822 727 deceptaque
844 659 1009 727 decipit
1033 679 1202 709 omnes.

140 741 317 790 Rursus
338 758 533 789 arenosae
559 738 736 802 fugiens
755 757 871 787 nova
889 738 1050 788 moenia
1074 750 1199 787 terrae
1213 776 1225 797 ,

138 818 213 867 Ad
237 818 475 886 sedemque
499 818 682 885 Erycis,
705 817 933 885 fidumque
957 816 1122 866 relatus
1145 819 1364 875 Acesten,

140 896 391 955 Sacrificat,
419 895 732 962 tumulumque
757 895 827 944 sui
851 895 1063 959 genitoris
1085 896 1304 945 honorat:

139 975 359 1042 Quasque
382 985 500 1023 rates
527 973 612 1022 Iris
635 973 833 1022 Junonia
855 992 980 1040 paene
1003 984 1240 1031 cremarat,
1536 985 1582 1022 85

183 1116 234 1149 77.
249 1104 401 1150 Libycas
414 1102 599 1148 reseruntur
607 1104 751 1136 adoras.
769 1101 828 1136 Cf.

131 1153 264 1200 ,Vix-gil.
279 1154 363 1190 AEu‘.
386 1155 442 1190 Ill
454 1181 464 1199 ,
486 1155 550 1201 687
567 1167 640 1199 sqq.
662 1154 760 1188 Litus
776 1154 829 1188 le-

139 1214 229 1252 gunt
239 1205 364 1242 Siciliae
376 1206 523 1242 australe
542 1214 578 1242 et
587 1206 801 1242 occidentale
814 1232 824 1250 ‚

141 1259 187 1294 ad
216 1259 427 1305 Drepanum
450 1285 460 1303 ,
493 1272 598 1304 supra
631 1259 827 1307 Lilybaeum

140 1311 429 1358 promontorium
439 1338 450 1356 ,
470 1312 605 1348 faciunt
621 1325 802 1347 escensum
816 1337 826 1354 ,

143 1365 260 1411 ibique
275 1367 428 1402 moritur
438 1366 620 1402 Anchises.
635 1367 731 1401 Vere
746 1366 829 1400 anni

143 1419 324 1464 sequentis
340 1419 454 1455 classis
467 1432 486 1454 e
499 1418 614 1455 Sicilia
629 1419 732 1454 solvit
746 1432 829 1453 ver-

143 1484 201 1506 sus
211 1471 352 1507 Latium
364 1484 373 1514 ;
385 1471 444 1507 sed
455 1478 660 1518 tempestate
672 1472 714 1506 ab
725 1471 829 1506 AEolo

143 1523 298 1560 Junonis
314 1524 474 1571 precibus
492 1524 639 1559 excitata
656 1523 769 1571 (AEn.
789 1525 806 1559 Ι
819 1550 829 1567 ,

143 1575 187 1619 34
201 1587 264 1622 sqq
278 1574 295 1622 )
307 1602 317 1620 ,
337 1589 444 1612 naves
462 1588 586 1612 omnes
611 1578 762 1623 Libycas
783 1578 835 1612 ad

140 1641 221 1663 oras
234 1628 441 1673 referuntur,
469 1629 530 1665 sed
555 1629 698 1665 diversis
720 1630 830 1677 parti-

139 1680 223 1724 bus,
234 1680 366 1718 AEneas
377 1681 521 1727 quidem
532 1695 612 1718 cum
623 1690 758 1728 septem
771 1695 831 1717 na-

142 1732 241 1768 vibus
256 1746 318 1778 eo,
333 1734 393 1770 ubi
403 1734 712 1770 nuncTunitanus
723 1736 830 1771 sinus.

142 1785 312 1831 Egressus
323 1786 367 1821 de
380 1786 466 1822 colle
479 1786 735 1833 Carthaginem
746 1788 833 1822 sub-

141 1838 271 1884 jectam
281 1839 448 1885 prospicit
461 1840 532 1883 (vs.
544 1841 634 1884 418)
649 1867 659 1884 ,
671 1848 707 1876 et
720 1854 832 1886 quum

143 1891 182 1926 in
204 1891 358 1927 Junonis
382 1892 516 1938 templo
541 1891 678 1939 singula
698 1893 832 1928 lustra—

144 1953 222 1989 ret,
240 1958 284 1980 eo
303 1945 444 1981 incessit
460 1945 557 1981 Dido
575 1947 711 1983 Sidonis
723 1974 731 1988 ‚
755 1960 833 1993 quae

146 1998 302 2034 AEneam
325 2003 503 2045 animoque
527 2003 688 2046 domoque
709 2005 836 2046 excipit

146 2050 232 2097 (IX
243 2077 253 2096 ,
273 2065 357 2100 279,
376 2053 529 2088 thalamo
552 2057 728 2099 animoque
747 2059 834 2089 reci-

140 2106 278 2150 pere),
307 2105 342 2141 h.
365 2119 398 2142 e.
422 2107 537 2152 ipsum
558 2107 595 2142 in
623 2108 720 2154 regia
743 2115 834 2143 tecta

148 2159 247 2194 ducit
260 2186 270 2204 ,
287 2160 474 2196 comitibus
493 2173 618 2206 pecora
641 2162 834 2207 vinumque

148 2211 281 2256 mittit,
305 2212 451 2259 epulum
472 2213 614 2249 instruit
632 2213 834 2249 laudatissi—

147 2277 251 2302 mum
266 2271 331 2300 etc.
351 2264 494 2300 AEneid.
511 2266 528 2301 1
541 2290 551 2309 ,
569 2265 636 2301 630
654 2279 726 2312 sqq.
747 2267 835 2302 Mox

150 2325 311 2363 correpta
331 2316 455 2352 insano
482 2317 606 2353 AEneae
622 2331 740 2354 amore
757 2345 766 2362 ‚
791 2319 835 2354 ad

152 2371 292 2416 nuptias
307 2370 467 2405 animum
485 2369 660 2412 intendit;
679 2371 762 2407 AEn.
781 2373 835 2408 IV

153 2423 229 2459 init.
247 2423 356 2469 Quod
373 2436 484 2469 quum
507 2436 526 2457 a
547 2423 729 2458 Mercurio
748 2424 839 2459 edo-

155 2481 230 2510 ctus
244 2482 333 2510 esset
345 2475 476 2510 AEneas
489 2500 498 2518 ,
517 2487 583 2508 nec
596 2475 757 2519 precibus
771 2489 837 2511 nec

156 2526 318 2574 lacrymis
343 2527 495 2562 Didonis
525 2526 671 2561 retineri
697 2528 835 2572 potuit,

158 2580 245 2625 quin
257 2579 390 2614 abitum
407 2587 567 2624 pararet,
585 2586 759 2625 noctuque
777 2593 838 2615 au-

152 2634 303 2680 fugeret.
330 2633 410 2667 Hoc
429 2639 481 2667 est
502 2634 680 2667 disczdium
702 2634 842 2680 Phrygii

151 2690 285 2727 mariti,
311 2685 406 2731 quod
425 2685 520 2720 Dido
545 2698 612 2720 non
631 2688 712 2720 bene
733 2687 747 2729 (
764 2699 837 2720 non

153 2740 228 2776 sine
245 2752 386 2775 summo
406 2738 529 2774 furore
542 2764 552 2782 ,
581 2751 645 2784 per
667 2739 839 2782 λιτέτητᾳ)

155 2793 245 2830 tulit.
268 2793 404 2829 Furens
426 2791 532 2839 igitur
555 2792 675 2828 dolore
690 2806 830 2840 pyram,

893 1102 1051 1136 scrobem
1065 1108 1303 1147 superstructa
1318 1102 1497 1148 lignorum
1511 1114 1585 1137 mo-

893 1154 924 1189 le
940 1182 950 1198 ,
966 1155 1050 1190 facit
1061 1158 1123 1189 sub
1136 1159 1282 1199 imagine
1293 1159 1401 1195 sacri,
1415 1155 1584 1190 simulans

892 1221 988 1243 sacra
998 1208 1290 1252 magica'Hecatae
1302 1221 1311 1249 ς
1322 1207 1383 1242 sed
1395 1221 1504 1254 quum
1513 1208 1584 1242 sola

894 1266 1004 1304 esset,
1023 1259 1228 1295 conscendit
1241 1272 1365 1308 pyram
1380 1287 1389 1303 ,
1405 1263 1584 1294 incumbit-

893 1327 955 1359 que
955 1313 1062 1357 ferro.
1077 1314 1193 1359 Atque
1207 1314 1255 1348 ita
1265 1316 1405 1357 decepta
1414 1314 1456 1348 ab
1467 1313 1584 1348 AEnea

894 1368 1020 1410 decipit
1033 1379 1148 1401 omnes
1161 1365 1276 1409 (lusus
1294 1378 1368 1406 non
1383 1378 1583 1411 magnope-

893 1433 932 1454 re
949 1419 1150 1465 probandus
1166 1420 1180 1464 )
1196 1445 1205 1462 ,
1226 1419 1362 1454 Barcen
1378 1419 1554 1454 nutricem
1571 1445 1581 1462 ,

895 1473 1039 1507 Annam
1061 1485 1222 1507 sororem
1247 1478 1283 1507 et
1307 1471 1456 1506 famulas
1475 1498 1484 1515 ,
1508 1485 1581 1516 pu·-

894 1532 1008 1561 tantes
1032 1539 1115 1561 vere
1135 1539 1231 1561 sacra
1249 1525 1383 1571 parari;
1409 1525 1491 1560 AEn.
1509 1526 1584 1571 lv,

896 1580 961 1622 504
977 1591 1041 1624 sqq
1054 1605 1063 1623 ,
1081 1586 1117 1614 et
1135 1580 1199 1614 632
1222 1592 1295 1623 sqq.
1320 1577 1502 1612 Caeterum
1522 1591 1586 1623 pro

886 1645 977 1679 pyra
992 1635 1089 1667 sacri
1099 1634 1161 1666 sub
1180 1634 1326 1676 imagine
1342 1631 1448 1676 sacta
1460 1658 1468 1671 ,
1494 1644 1584 1666 unus

896 1683 1078 1719 Leidensis
1092 1683 1199 1719 habet
1201 1686 1305 1730 ficti,
1334 1683 1430 1729 quod
1448 1682 1584 1718 refera-

895 1743 954 1771 tur
970 1736 1014 1771 ad
1029 1740 1130 1772 sacri.

941 1790 995 1823 82.
1020 1791 1120 1825 Nova
1146 1790 1271 1823 moem'a
1287 1815 1296 1829 ‚
1325 1788 1451 1822 urbem
1472 1813 1482 1830 ,
1508 1800 1586 1833 quae

896 1839 956 1875 illo
972 1841 1046 1887 ipso
1062 1849 1224 1887 tempore
1239 1839 1585 1875 condebatur.—·Ab

896 1899 1009 1931 arenis
1025 1896 1166 1931 infamis
1183 1894 1367 1930 Africa.-—
1377 1894 1509 1930 ltaliam
1522 1909 1588 1941 pe-

897 1956 976 1983 tens
987 1948 1119 1983 AEneas
1130 1947 1278 1992 refertur,
1293 1947 1412 1982 denuo
1426 1946 1587 1982 defertur

898 2001 934 2036 in
953 2000 1113 2047 Drepani
1137 2007 1290 2046 portum.
1307 2018 1351 2026 —-
1368 2000 1484 2045 Prope
1512 2007 1587 2035 erat

897 2056 994 2089 sedes
1003 2055 1141 2101 EeJct's,
1161 2053 1243 2087 urbs
1255 2053 1368 2100 Eryx,
1388 2066 1494 2098 quarn
1506 2066 1587 2088 con-

899 2107 1037 2143 diderat
1047 2109 1159 2154 Eryae,
1179 2107 1331 2141 Veneris
1349 2113 1384 2141 et
1402 2106 1473 2152 ipse
1487 2105 1587 2142 filius.

901 2160 953 2195 lbi
966 2160 1073 2195 etiam
1087 2162 1245 2205 AEgrstus
1256 2159 1346 2194 Tros
1355 2186 1364 2202 ,
1382 2171 1487 2204 quem
1500 2158 1590 2193 Ovi-

901 2211 978 2247 dius
994 2225 1076 2247 cum
1099 2210 1244 2257 Virgilio
1263 2211 1411 2246 Acesten
1427 2209 1589 2244 nominat

901 2264 998 2311 (vid.
1011 2265 1132 2311 Heyn.
1149 2263 1191 2298 ad
1206 2263 1303 2310 Virg.
1321 2263 1405 2298 AEn.
1420 2264 1435 2298 I
1449 2288 1459 2305 ,
1481 2264 1541 2309 195
1554 2263 1567 2306 )
1578 2288 1587 2306 ,

900 2318 1063 2354 conditor
1078 2317 1175 2352 urbis
1196 2318 1349 2363 AEgestae
1365 2331 1390 2352 s.
1412 2316 1565 2363 Segestae
1578 2343 1587 2361 ,

901 2385 920 2406 a
941 2385 1010 2417 quo
1027 2378 1062 2406 et
1084 2383 1199 2417 nuper
1222 2378 1323 2406 erant
1344 2370 1495 2415 benigne
1522 2383 1588 2403 ex-

901 2424 993 2469 cepti
1009 2450 1018 2467 ,
1046 2431 1083 2459 et
1104 2437 1202 2459 nunc
1226 2423 1447 2468 excipiuntur
1473 2435 1481 2456 ε
1507 2421 1589 2457 hinc

903 2476 996 2522 apud
1014 2476 1112 2522 Virg.
1127 2475 1162 2510 d.
1180 2476 1200 2510 l.
1218 2478 1324 2510 bonus
1339 2476 1498 2514 Acestes,
1518 2474 1552 2508 h.
1568 2474 1589 2508 l.

889 2530 999 2574 fidus.
1014 2546 1057 2554 --
1074 2527 1126 2562 Ibi
1142 2533 1177 2561 et
1189 2529 1349 2561 tumulum
1363 2530 1422 2560 sui
1430 2529 1589 2571 gem'toris

903 2585 1061 2621 honorat,
1086 2581 1258 2626 genitori,
1285 2593 1390 2624 quern
1409 2579 1587 2625 superiore

904 2646 999 2669 anno
1015 2632 1143 2667 eodem
1158 2632 1213 2666 die
1230 2631 1275 2666 ibi
1289 2632 1515 2678 sepeliverat,
1535 2645 1590 2666 sa-

905 2698 1005 2722 crum
1029 2684 1114 2720 facit
1137 2684 1440 2727 anniversarium;
1465 2683 1589 2730 Virgil.

905 2738 991 2773 AEn.
1007 2738 1054 2780 V,
1074 2738 1116 2781 45
1132 2750 1206 2782 sqq.

951 2793 1005 2828 85.
1015 2792 1081 2827 Iris
1092 2803 1112 2827 a
1121 2790 1144 2826 J
1149 2803 1267 2826 unone
1277 2789 1380 2826 missa
1389 2788 1593 2825 mulieribus
