1820 3106
249 224 335 282 548
626 225 680 269 Ρ.
719 225 956 271 OVIDII
989 225 1296 272 NASONIS

248 317 433 385 Templa
457 318 653 385 parentis
676 318 760 367 init
779 317 939 368 flavum
963 319 1184 382 tangentia
1205 319 1324 369 litus.

246 398 447 463 AEquore
468 408 623 463 pacato
648 397 813 463 patrias
836 396 1106 463 Epidaurius
1130 416 1225 447 aras

247 474 456 540 Linquit,
482 484 527 521 et
549 473 750 540 hospitio
765 473 908 539 juncti
931 473 1018 522 sibi
1041 474 1235 524 numinis
1258 494 1365 524 usus
1376 489 1392 534 ,’

245 552 471 601 Litoream
496 562 638 600 tractu
664 569 855 617 squamae
880 550 1134 618 crepitantis
1156 570 1331 601 arenam

244 629 420 688 sulcat,
446 641 514 688 et,
533 628 713 677 innixus
737 627 1035 676 moderamine
1058 629 1181 678 navis
1197 666 1209 687 ‚
1232 628 1279 677 in
1302 628 1387 677 alta

244 708 402 774 Puppe
425 718 559 773 caput
582 706 761 772 posuit;
785 706 926 754 donec
949 706 1263 772 Castrumque,
1289 719 1519 772 sacrasque

241 785 398 834 Lavini
421 784 543 833 sedes
557 821 569 842 ‚
594 783 892 850 Tiberinaque
917 783 972 832 ad
995 784 1109 832 ostia
1129 784 1260 833 venit.

241 863 344 911 Huc
370 881 521 910 omnes
544 861 705 928 populi
727 862 916 929 passim,
944 873 1222 929 matrumque
1237 899 1248 920 ‚
1274 873 1540 929 patrumque

245 942 393 991 Obvia
417 942 549 990 turba
572 942 688 1000 ruit,
715 960 899 1008 quaeque
922 941 1072 1005 ignes,
1098 942 1278 999 Troica,
1303 953 1446 990 servat

241 1020 401 1076 Vesta,
426 1030 552 1076 tuos,
580 1017 770 1084 laetoque
793 1018 940 1066 Deum
965 1017 1150 1066 clamore
1178 1017 1393 1067 salutant.-

241 1097 433 1162 Quaque
457 1114 537 1162 per
560 1095 762 1144 adversas
784 1095 908 1144 navis
931 1095 1017 1143 cita
1042 1096 1218 1144 ducitur
1239 1095 1405 1154 undas,

238 1173 360 1221 Tura
379 1191 513 1238 super
535 1171 678 1238 ripas,
705 1171 792 1219 aris
814 1189 865 1218 cx
889 1171 1041 1220 ordine
1062 1171 1214 1231 factis,

237 1251 369 1298 Parte
393 1250 447 1297 ab
474 1261 661 1315 utraque
686 1260 870 1306 sonant,
897 1260 941 1297 et
962 1248 1152 1297 odorant
1176 1267 1274 1297 aera
1296 1247 1460 1297 fumis:

235 1329 418 1394 Ictaque
436 1326 662 1392 conjectos
687 1325 910 1375 incalfacit
931 1327 1078 1376 hostia
1103 1326 1282 1376 cultros.

237 1407 426 1472 Jamque
451 1416 585 1471 eaput
607 1423 779 1462 rerum,
806 1406 1053 1453 Romanam
1077 1405 1313 1454 intraverat
1332 1396 1490 1453 urbem
1509 1422 1520 1451 z

235 1484 438 1546 Erigitur
461 1500 664 1548 serpens,
689 1488 947 1548 summoque
971 1481 1160 1530 adelinia
1182 1482 1301 1532 malo
1369 1534 1371 1537 ,

236 1561 362 1610 Colla
385 1571 532 1609 movet
546 1597 558 1618 ‚
585 1559 800 1625 sedesque
826 1558 914 1607 sibi
933 1560 1230 1626 circumspicit
1250 1573 1387 1626 aptas.

235 1627 465 1687 Scinditur
489 1637 537 1684 in
563 1636 759 1700 geminas
780 1649 929 1703 partes
951 1636 1231 1710 circumfluus
1253 1637 1419 1694 amnis;

235 1716 389 1766 Insula
411 1734 575 1764 nomen
597 1714 731 1763 habet
751 1733 761 1771 ;
784 1714 1058 1780 laterumque
1081 1732 1105 1760 a
1127 1726 1254 1779 parte
1275 1713 1466 1762 duorum

236 1793 433 1859 Porrigit
455 1793 642 1860 aequales
664 1791 810 1841 media
831 1789 1206 1840 tellure'lacertos.

1603 955 1668 1002 73⁰

1599 1340 1664 1387 735

1596 1728 1663 1774 74⁰

980 1912 1077 1935 sacro
1092 1906 1128 1934 et
1144 1899 1335 1941 Penatibus
1351 1901 1538 1946 asportavit
1553 1902 1660 1945 3Vir-

981 1951 1100 1997 gilius,
1121 1950 1262 1986 AEneid.
1280 1953 1317 1988 II
1329 1978 1340 1996 ‚
1364 1953 1440 2001 296.

986 2014 989 2016 ·
1026 2005 1098 2048 734.
1125 2005 1249 2039 Sonare
1274 2004 1317 2039 de
1339 2006 1478 2051 crepitu
1504 2006 1600 2041 turis.
1615 2025 1660 2034 —·

234 1917 358 1942 xxx111
368 1933 377 1949 ‚
398 1909 416 1940 5
430 1931 440 1948 ,
457 1905 551 1939 orbes
576 1904 757 1947 tmplz'ct‘lat
767 1903 917 1946 expedit-

232 1972 303 2005 que.
332 1959 375 1993 In
391 1957 445 1991 his
466 1963 500 1991 e't
517 1953 744 2001 sequentibus
759 1952 838 1988 vid'e
860 1954 917 1988 di-

230 2009 412 2056 ligentiam
425 2035 434 2051 ,
458 2008 641 2053 ingenium
652 2012 688 2040 et
697 2011 863 2040 ornatum
877 2004 915 2039 in

230 2062 297 2097 hac
311 2059 524 2095 narratione.
535 2077 579 2084 -
606 2060 743 2102 Templa
752 2060 914 2101 paream.

232 2113 352 2149 valer.
380 2112 556 2147 Maximus
585 2110 691 2155 ipsius
725 2108 915 2153 AEsculapii

233 2165 407 2211 templum
420 2162 604 2198 nominat:
621 2161 682 2197 sed
697 2174 824 2207 parum
837 2173 916 2195 cre-

235 2219 339 2253 dibile
354 2244 363 2261 ,
391 2229 473 2252 eum
494 2216 568 2261 jam
583 2222 663 2250 tum
681 2214 817 2249 cultum
842 2225 914 2248 esse

236 2271 278 2305 ab
300 2269 511 2305 Antiatibus.
530 2285 573 2294 —
593 2268 739 2307 sulcam
767 2265 846 2300 vide
871 2265 916 2299 ad

234 2324 303 2367 IV,
325 2322 449 2368 706.-
461 2322 685 2366 Crep17ant1's;
704 2318 761 2353 ΙΙΙ
771 2344 780 2361 ,
796 2321 838 2363 75
848 2343 858 2360 ‚
871 2317 915 2352 de

233 2380 395 2420 serpente
406 2400 415 2417 ‚
437 2374 539 2406 Terra
548 2381 629 2406 rasa
644 2375 747 2405 sonat
757 2372 915 2413 squamis.

282 2440 355 2471 727.
370 2427 523 2459 Castrum
540 2423 641 2467 Inui,
662 2422 744 2456 urbs
761 2421 918 2456 Rutulo-

236 2490 329 2512 rum.
348 2496 392 2503 —
409 2478 532 2511 Sacras
548 2476 643 2509 sedes
655 2501 664 2515 ,
685 2474 764 2520 quia
785 2473 915 2508 AEneas

236 2530 388 2564 Penates
411 2528 457 2562 ibi
477 2523 513 2561 iil
534 2525 683 2562 Palladis
697 2525 834 2571 ‘templo
849 2538 921 2571 po·-

236 2583 315 2617 suit.
337 2600 380 2608 ·—-
405 2582 558 2621 Passim,
581 2579 654 2614 sine
670 2578 915 2622 ordine,bene

235 2634 463 2680 conjungitur
478 2645 559 2667 cum
576 2635 643 2666 ruit
658 2658 667 2673 ,
690 2631 784 2677 quod
801 2638 836 2666 et
854 2631 916 2676 ip-

236 2699 315 2721 sum
330 2692 402 2728 est,
423 2697 563 2721 currere
576 2684 650 2719 sine
660 2683 917 2729 lege.—-Tro1'ca

246 2740 348 2774 Vesta
358 2765 367 2781 7
387 2750 493 2784 quam
510 2735 640 2772 AEneas
655 2748 726 2771 uua
737 2747 820 2771 cum
834 2734 915 2781 igue

984 2055 1253 2100 Odorantfanu's
1265 2082 1274 2097 ‚
1296 2056 1434 2102 replent
1447 2056 1553 2093 sumis
1571 2057 1660 2093 odo—

978 2109 1071 2144 ratis.
1085 2127 1130 2135 —
1144 2108 1325 2154 Conse-ctas
1343 2116 1383 2145 ut
1400 2111 1554 2156 adjectus
1568 2123 1659 2156 pro-

978 2161 1095 2206 prium
1112 2161 1155 2196 de
1173 2161 1286 2196 cultro
1302 2161 1441 2205 adact03
1456 2162 1536 2198 vide
1555 2162 1658 2198 Gro—

978 2213 1125 2248 novium
1136 2238 1147 2257 ,
1167 2213 1253 2248 Obs.
1269 2226 1345 2259 pag.
1361 2215 1414 2260 87.
1424 2214 1661 2259 —Incalfacit

978 2267 1091 2299 hostia
1114 2267 1248 2300 cultms.
1271 2265 1370 2299 Dum
1391 2265 1489 2300 enim
1509 2266 1659 2301 victimae

979 2317 1206 2364 jugulantur,
1236 2316 1340 2353 cultri
1364 2318 1533 2364 sanguine
1557 2317 1661 2354 cale-

979 2369 1082 2404 fiunt.
1095 2371 1161 2404 Ed.
1180 2387 1224 2397 ·—-
1235 2370 1408 2405 Adclim'a.
1419 2370 1555 2416 Vulgo,
1571 2377 1607 2405 et
1621 2370 1660 2404 in

981 2421 1098 2468 Regiis
1116 2421 1309 2466 codicibus,
1329 2423 1487 2458 adelina.

1025 2476 1098 2523 739.
1108 2475 1281 2509 Scinditur
1287 2477 1323 2509 in
1333 2477 1485 2519 geminas
1496 2480 1559 2509 etc.
1568 2474 1660 2509 Prae-

979 2528 1071 2563 clara
1095 2527 1238 2572 insulae,
1266 2539 1372 2573 quam
1395 2526 1523 2562 fluvius
1546 2526 1631 2561 facit
1648 2553 1659 2569 ,

981 2578 1176 2625 descriptio.
1204 2597 1247 2606 -
1271 2581 1421 2622 Ροιτιζςιῖ
1443 2605 1453 2620 ,
1491 2577 1661 2613 extendit.

981 2630 1126 2665 Festus:
1145 2645 1162 2661 «
1180 2631 1224 2665 ln
1240 2630 1351 2665 insula
1362 2629 1560 2675 AEsculapio
1568 2629 1660 2664 sacta

982 2697 999 2713 »
1020 2682 1111 2717 aedes
1126 2682 1194 2717 fuit
1206 2709 1216 2726 ,
1234 2682 1326 2727 quod
1342 2682 1462 2728 aegroti
1479 2695 1498 2717 a
1513 2681 1656 2716 medicis

981 2749 1000 2767 n
1018 2747 1107 2780 aqua
1119 2735 1267 2771 maxime
1280 2741 1529 2777 sustentantur.
1541 2748 1559 2767 n
1574 2733 1656 2768 Cae«
