1820 3106
250 241 337 285 538

620 245 673 287 P.
715 244 955 290 OVIDII
990 246 1292 294 NASONIS

249 335 363 400 Quae
385 336 520 395 vidit,
545 337 692 401 tetigit
714 358 724 387 ε
746 358 824 388 nec
846 339 938 405 jam
960 359 1037 390 sua
1061 340 1226 390 lumina
1251 342 1461 393 damnans

246 413 452 472 Restitit,
479 425 530 463 ut
552 415 695 464 victor
718 415 890 466 domito
911 419 1135 468 remeabat
1158 413 1219 468 ab¹
1236 421 1379 470 hoste.

246 492 320 540 Ad
342 492 584 560 caelumque
606 493 783 555 oculos,
811 508 855 545 et
878 496 1034 547 eodem
1055 498 1237 547 brachia
1258 499 1440 558 tollens,

1605 513 1673 563 570

250 591 275 611 «
301 568 558 635 Quidquid,
583 570 666 630 ait,
691 570 876 639 Superi,
901 585 1104 623 monstro
1130 576 1410 642 portenditur
1431 576 1518 625 isto
1533 614 1546 635 ,

179 652 181 659 '
249 669 274 691 >›
303 648 390 697 Seu
412 647 561 698 laetum
583 662 670 708 est,
694 651 846 717 patriae
867 651 1017 701 laetum
1035 690 1047 711 ,
1071 653 1328 721 populoque
1353 655 1532 719 Quirini
1551 675 1564 705 :

247 747 273 768 »
303 725 402 773 Sive
424 726 571 774 minax
585 765 597 786 ,
620 727 730 776 mihi
752 728 840 778 sit:
863 752 887 773 »
914 730 1133 798 viridique
1155 751 1178 780 e
1203 732 1366 800 cespite
1386 732 1523 782 factas

244 803 394 853 Placat
421 805 617 856 odoratis
639 806 855 856 herbosas
877 808 1057 871 ignibus
1081 829 1201 868 aras;

244 882 447 949 Vinaque
475 883 550 932 dat
570 885 732 951 pateris
747 923 758 944 ‚
783 898 1158 954 mactatarumque
1179 887 1416 938 bidentum

1606 899 1673 950 575

245 959 369 1023 Quid
395 960 483 1009 sibi
507 961 756 1024 significent
771 1000 783 1021 ,
810 963 1075 1030 trepidantia
1099 963 1290 1014 consulit
1310 970 1423 1014 exta.

245 1037 358 1100 Quae
381 1037 512 1085 simul
535 1038 728 1106 inspexit
750 1041 987 1108 Tyrrhenae
1010 1040 1152 1105 gentis
1174 1041 1421 1108 haruspex,
1489 1054 1492 1058 ’

242 1115 409 1178 Magna
433 1115 610 1183 quidem
630 1136 777 1166 rerum
801 1118 1029 1169 molimina
1051 1118 1162 1167 vidit
1185 1119 1233 1167 in
1255 1118 1369 1178 illis,

241 1192 346 1240 Non
368 1193 594 1242 manifesta
619 1206 763 1243 tamen
785 1215 795 1244 ε
817 1216 955 1263 quum
977 1216 1080 1246 vero
1103 1196 1283 1246 sustulit
1304 1215 1405 1246 acre

241 1271 284 1319 A
309 1272 529 1337 pecudum
547 1273 672 1322 fibris
698 1274 753 1323 ad
778 1275 879 1343 Cipi
905 1295 1069 1325 cornua
1087 1275 1265 1334 lumen;
1298 1309 1302 1312 -

1602 1290 1671 1327 580

246 1370 270 1392 «
299 1351 394 1398 Rex
410 1389 421 1409 ‚
448 1352 532 1411 ait,
558 1371 585 1400 o
607 1352 722 1402 salve
744 1373 754 1402 ε
776 1354 859 1403 tibi
883 1355 1027 1414 enim,
1054 1355 1138 1403 tibi
1154 1392 1166 1413 ,
1194 1354 1327 1422 Cipe‚
1354 1354 1530 1421 tuisque

245 1446 270 1467 »
299 1425 385 1473 Hic
410 1426 558 1486 locus,
582 1440 625 1476 et
649 1429 785 1478 Latiae
809 1431 1030 1496 parebunt
1053 1430 1264 1479 cornibus
1284 1448 1415 1479 arces.

244 1525 270 1546 »
297 1504 369 1551 Tu
392 1505 527 1553 modo
549 1524 704 1573 rumpe
732 1526 900 1555 moram
915 1544 927 1565 ‚
949 1520 1190 1573 portasque
1211 1508 1376 1556 intrare
1397 1519 1599 1574 patentes

245 1603 270 1623 ³1
297 1581 559 1648 Adpropera
578 1603 588 1632 ε
611 1584 672 1632 sic
695 1584 782 1632 fata
802 1584 960 1649 jubent
981 1605 991 1633 z
1011 1604 1200 1650 namque
1223 1585 1346 1634 Urbe
1369 1597 1574 1653 receptus

247 1680 269 1700 »
301 1660 401 1707 Rex
423 1659 507 1708 eris
522 1697 534 1717 ‚
560 1673 602 1709 et
625 1674 802 1728 sceptro
828 1674 952 1711 tutus
979 1662 1148 1728 potiere
1170 1662 1367 1729 perenni.
1391 1684 1415 1706 »

287 1770 362 1818 569.
371 1771 558 1806 Remeabat
562 1773 606 1805 ab
611 1773 715 1806 hoste.
725 1772 803 1806 Val.
814 1771 924 1807 Maxi-

242 1834 320 1856 mus
337 1829 457 1856 narrat
470 1847 480 1865 ‚
501 1835 632 1857 cornua
650 1823 681 1858 ei
694 1849 703 1867 ,
727 1836 836 1868 quum
859 1823 923 1857 ad-

240 1885 361 1908 versus
374 1873 512 1908 hostem
529 1874 806 1920 proficisceretur
817 1900 826 1917 ,
847 1887 919 1909 esse

241 1934 332 1961 nata.
351 1928 394 1962 In
410 1927 501 1963 bello
511 1941 600 1974 saepe
617 1928 742 1974 digitos
758 1928 800 1963 ad
816 1928 919 1963 fron-

240 1986 313 2012 tem
324 1979 490 2014 retulerat
503 1993 511 2021 ;
529 1993 626 2016 nunc
634 1994 716 2015 vero
730 1980 868 2015 rediens
878 1980 920 2014 ab

240 2030 340 2065 hoste
357 2031 444 2066 scire
462 2032 591 2076 voluit,
612 2033 697 2077 quid
712 2032 769 2067 illa
784 2032 921 2078 signifi·-

240 2090 383 2126 carent;
402 2084 519 2130 itaque
535 2085 661 2120 restitit
677 2092 742 2120 etc.

285 2139 361 2181 570.
373 2138 526 2172 Brachia
540 2140 672 2172 tollens.
685 2138 833 2173 Plurimi
845 2139 921 2174 ine-

239 2194 298 2232 pte
320 2201 445 2223 cornua
462 2191 593 2224 tollens.
611 2209 654 2216 —
675 2189 793 2224 Ambo
818 2190 920 2235 Regii

239 2240 352 2274 nostri
370 2240 459 2276 hanc
476 2242 704 2287 posteriorem
721 2241 852 2276 habent
868 2242 920 2276 le-

239 2292 418 2336 ctionem,
445 2306 550 2339 quam
577 2294 744 2329 Heinsius
769 2293 824 2329 hic
850 2295 919 2328 im·-

240 2351 391 2388 portune
409 2346 451 2380 ab
467 2353 590 2392 arguto
614 2347 728 2392 aliquo
748 2355 918 2392 nugatore

237 2397 446 2431 inculcatam
474 2399 520 2433 ait
543 2411 550 2432 :
578 2399 723 2434 alteram
749 2400 853 2445 igitur
878 2413 919 2435 ex

238 2456 318 2484 octo
332 2449 429 2484 MSS
452 2450 558 2486 dedit.
578 2453 644 2485 Ed.
658 2470 702 2478 -
718 2453 789 2487 Pro
799 2456 918 2497 patriae

238 2502 348 2534 Iaetum
377 2502 558 2537 Bentleius
588 2503 729 2549 conjicit
760 2505 919 2538 Patribus

238 2555 359 2587 loelum.

284 2606 357 2649 574.
372 2606 515 2639 Placari
527 2606 692 2641 dicuntur
703 2618 770 2641 arae
780 2633 789 2650 ‚
808 2618 918 2652 quum

237 2654 300 2689 Dii
323 2656 505 2700 placantur
527 2659 630 2694 sacris
654 2659 692 2693 in
718 2671 775 2693 ara
797 2658 916 2701 factis3

237 2706 308 2741 vid.
317 2707 554 2744 Burmannus.
566 2711 848 2755 Hincplacabz'lis
856 2723 919 2744 ara

238 2759 329 2805 apud
351 2761 474 2807 virgil.
498 2761 641 2798 AEneid.
659 2763 755 2808 Vll,
786 2763 858 2810 754.
875 2782 918 2791 —

1603 1675 1668 1712 585

994 1773 1212 1815 Trepidanlia
1228 1783 1242 1814 ‚·
1266 1771 1392 1807 confer
1420 1785 1563 1806 versum
1595 1772 1668 1809 136.

1031 1825 1070 1868 57
1077 1838 1104 1870 7.
1118 1826 1287 1868 Inspicere
1294 1831 1330 1859 et
1340 1827 1518 1868 inspiciam
1527 1825 1669 1871 propria

986 1874 1030 1910 ‹le
1041 1875 1301 1920 haruspicibus;
1324 1875 1404 1910 vide
1423 1875 1668 1912 Heinsium.—-

990 1928 1025 1960 T
1015 1929 1165 1974 yrrbenae
1176 1931 1285 1972 gentis
1296 1930 1475 1972 haruspex.
1488 1928 1612 1974 Quum
1625 1943 1667 1965 ex

986 1979 1140 2015 Etruscis
1151 1979 1218 2015 hoc
1230 1980 1452 2015 divinationis
1463 1993 1527 2026 per
1536 1981 1665 2017 viscera

986 2032 1219 2068 animantium
1237 2045 1346 2078 genus
1363 2033 1516 2069 Romani
1533 2033 1665 2070 didice-

984 2093 1084 2130 rant,
1098 2094 1191 2121 recte
1204 2085 1353 2121 Ovidius
1363 2086 1591 2134 Tyrrhenum
1599 2100 1665 2123 vo-

984 2146 1039 2173 cat
1054 2150 1138 2172 eum
1159 2138 1201 2172 de
1218 2151 1288 2184 quo
1313 2138 1371 2174 hie
1396 2139 1519 2185 agitur.
1540 2141 1606 2174 Ed.
1619 2159 1664 2167 —

983 2192 1108 2225 Rerum
1123 2193 1309 2232 molimina,
1331 2191 1589 2226 revolutionem
1606 2193 1662 2227 ci·-

982 2241 1350 2285 vitatis.-—]llam'fesla‚
1368 2249 1461 2277 certa
1475 2243 1542 2278 :sic
1553 2246 1664 2277 mani-

972 2293 1071 2338 festa
1084 2297 1243 2336 vti-toria,
1263 2301 1359 2329 certo
1375 2302 1544 2340 eventura
1557 2321 1566 2339 ,
1580 2294 1665 2330 Flo-

982 2360 1063 2390 rus,
1082 2348 1142 2391 ΙΙ,
1160 2358 1234 2391 vn,
1253 2362 1282 2393 7.

1028 2400 1101 2434 580.
1122 2402 1255 2434 Cornua
1271 2413 1311 2434 ex
1331 2399 1568 2445 antiquissima
1586 2399 1665 2435 idea

982 2452 1183 2498 symbolum
1211 2453 1375 2498 potentiae
1403 2460 1438 2487 et
1466 2453 1665 2498 majestatis.

983 2504 1080 2538 Hinc
1107 2504 1142 2538 in
1172 2504 1327 2539 nummis
1353 2504 1456 2539 multi
1485 2517 1584 2550 reges
1607 2503 1665 2537 illa

982 2555 1045 2590 sibi
1065 2556 1284 2598 tribuerunt3
1307 2556 1386 2591 vide
1409 2555 1664 2602 Spanhernium

983 2607 1026 2642 de
1055 2608 1133 2643 Usu
1158 2615 1194 2642 et
1217 2614 1329 2653 praest.
1346 2608 1474 2642 numis.
1494 2606 1662 2641 dissertat.

984 2660 1120 2694 VIL-
1132 2660 1240 2694 Arces
1250 2660 1357 2694 etiam
1373 2659 1415 2694 de
1429 2658 1556 2693 finibus
1571 2656 1636 2691 dici
1649 2681 1659 2699 ,

983 2710 1084 2746 docet
1113 2712 1343 2748 Burmannus
1375 2711 1418 2747 ad
1444 2710 1630 2756 Virgilium
1647 2732 1663 2750 ,

982 2762 1111 2809 Georg.
1132 2764 1190 2809 11,
1213 2777 1282 2810 17²·
