1820 3106
263 215 348 258 512

624 214 675 256 P.
721 184 965 262 ov1n11
991 213 1310 260 NASONIS
1358 247 1359 250 η

262 305 467 372 Adspicis
481 342 493 363 ‚
514 305 653 354 aetatis
677 319 955 372 peragentem
976 307 1215 356 imitamina
1237 319 1397 357 nostrae
1417 310 1438 357 ?

1611 334 1677 358 200

259 385 372 432 Nam
397 394 538 440 tener,
564 394 608 430 et
630 381 818 441 lactens,
845 384 1056 451 puerique
1079 385 1325 434 simillimus
1349 405 1438 434 aevo

260 460 375 507 Vere
396 479 514 508 novo
537 473 603 509 est
623 479 632 507 :
658 472 762 509 tunc
782 461 920 509 herba
943 462 1087 510 nitens
1101 499 1112 520 ‚
1139 473 1180 510 et
1203 462 1377 510 roboris
1400 480 1553 529 expers

259 539 454 600 Turget,
479 549 523 586 et
542 537 730 587 insolida
752 550 817 587 est
831 577 843 597 ‚
869 551 911 587 et
933 558 1010 605 spe
1035 538 1222 587 delectat
1241 532 1467 602 agrestem.

261 616 423 664 Omnia
444 628 536 664 tum
557 616 742 674 florent;
765 616 1010 683 florumque
1031 616 1254 666 coloribus
1275 617 1415 666 almus

261 695 394 742 Ridet
413 712 543 756 ager;
568 712 712 759 neque
736 693 878 743 adhuc
900 695 1038 742 virtus
1059 694 1106 741 in
1128 693 1361 743 frondibus
1385 694 1474 743 ulla
1497 704 1574 743 est.
1609 707 1675 742 205

259 772 440 820 Transit
462 772 509 819 in
531 783 721 820 aestatem
740 783 843 837 post
864 790 963 828 ver,
988 771 1215 818 robustior
1234 790 1375 820 annus
1389 808 1402 829 ‚

258 850 417 915 Fitque
441 848 587 897 valens
609 848 778 912 juvenis
798 867 808 895 :
828 866 971 913 neque
994 847 1108 894 enim
1130 847 1357 895 robustior
1379 860 1482 897 aetas

259 927 383 984 Ulla,
404 946 484 975 nec
507 927 687 975 uberior
702 963 713 984 ‚
741 944 822 974 nec
843 944 939 991 quae
961 926 1099 988 magis
1122 937 1297 984 aestuet,
1321 925 1408 974 ulla
1430 938 1508 975 est.

258 1005 435 1071 Excipit
457 1017 717 1061 autumnus,
741 1003 890 1069 posito
913 1004 1081 1052 fervore
1101 1003 1288 1069 juventae

258 1113 395 1158 spicuus
421 1110 464 1146 de
489 1118 637 1156 quatuor
664 1110 746 1144 anni
771 1109 934 1154 partibus.

259 1164 433 1198 venustas
447 1171 563 1198 autem
576 1162 657 1197 inde
671 1169 722 1196 est
732 1189 740 1204 ,
757 1161 848 1207 quod
861 1162 935 1207 epi-

257 1216 354 1251 theta
369 1222 404 1249 et
420 1215 582 1250 attributa
594 1241 602 1257 ‚
617 1222 687 1248 tam
699 1227 760 1259 per
771 1221 933 1248 naturam

254 1268 306 1303 rei
320 1294 329 1311 ,
348 1280 450 1313 quam
464 1280 504 1301 ex
518 1279 582 1301 usu
598 1265 763 1310 loquendi
779 1264 933 1299 homini-

253 1320 318 1355 bus
344 1326 378 1353 et
402 1319 526 1353 annuis
551 1325 654 1353 terrae
684 1316 933 1352 mutationibus

255 1372 474 1415 communia,
493 1371 535 1405 ad
552 1383 684 1405 annum
699 1370 811 1415 ipsum
822 1395 832 1413 ,
844 1376 933 1404 tam-

252 1437 361 1469 quam
379 1423 421 1457 ad
438 1433 640 1467 personam,
659 1421 822 1456 translata
840 1427 931 1455 sunt.

258 1473 573 1517 Conf.Lucretius,
584 1475 631 1516 V,
645 1473 815 1518 735—74G;
831 1472 932 1507 Clau—

256 1527 379 1561 dianus
393 1551 403 1568 ,
429 1525 445 1559 I
463 1551 472 1567 ,
503 1525 658 1567 268-274
673 1550 682 1566 ,
709 1531 744 1558 et
761 1536 780 1558 e
797 1524 931 1559 Nostris

254 1577 429 1613 zachariae
445 1577 481 1610 in
492 1575 653 1611 Partibus
670 1574 737 1609 diei
755 1601 765 1618 ,
785 1587 860 1620 pag.
880 1588 930 1609 10.

252 1629 415 1665 Breviter
430 1628 502 1663 haec
522 1627 693 1662 delineata
708 1626 813 1662 habes
828 1639 931 1672 supra

253 1682 290 1716 11
302 1707 312 1724 ,
333 1681 463 1727 27-30,
480 1686 515 1714 et
531 1678 620 1723 apud
639 1678 847 1722 Horatium,
863 1678 928 1721 IV,

255 1732 326 1768 Od.
336 1743 391 1766 v11
403 1758 413 1776 ,
429 1732 449 1765 6
465 1744 559 1776 seqq.
574 1731 758 1774 —Species
768 1757 776 1771 ‚
795 1730 930 1765 vicissi—

254 1784 393 1820 tudines
403 1782 655 1817 annua-Pro
670 1784 844 1817 succedere
854 1782 932 1816 vul-

256 1849 299 1882 go
316 1836 333 1882 (
350 1842 385 1870 et
401 1835 438 1869 in
459 1834 575 1870 codice
600 1834 711 1879 Regio
729 1834 784 1876 B)
807 1834 932 1880 legitur

256 1890 414 1922 secedere.
433 1887 555 1921 Annus
580 1887 729 1920 succedit
748 1889 785 1920 in
806 1889 933 1930 species

256 1946 397 1985 quatuor
403 1951 467 1984 pro
478 1938 609 1983 vulgari
620 1963 629 1981 ,
646 1938 774 1983 species
784 1944 932 1982 quatuor

257 1991 340 2025 anni
356 1991 419 2025 sibi
434 1990 583 2024 invicem
592 1989 791 2024 succedunt.
800 2009 844 2016 —
853 1992 934 2024 Per-

255 2049 404 2088 agentem
414 2044 602 2076 imitamina
610 2069 618 2081 ,
628 2040 671 2075 ad
681 2041 910 2076 imitationem
921 2067 930 2085 ,

258 2101 293 2128 et
306 2093 372 2128 hoc
386 2092 474 2127 nihil
486 2092 577 2127 aliud
591 2092 656 2127 nisi
668 2091 932 2126 similitudinem

260 2144 420 2180 declarat.

303 2209 379 2233 201.
400 2198 507 2232 Tener
519 2202 554 2231 et
567 2199 695 2230 lactens
709 2202 779 2231 tam
789 2195 933 2230 infanti-

258 2250 335 2292 bus,
348 2261 453 2294 quam
463 2248 561 2282 novis
572 2247 686 2282 herbis
696 2247 909 2282 conveniunt
921 2261 930 2289 ;

258 2302 380 2334 lactere
390 2300 486 2334 enim
501 2305 552 2334 est
562 2306 597 2333 et
606 2299 656 2333 lac
666 2310 787 2343 sugere
800 2305 835 2333 et
845 2298 930 2332 lacte

259 2353 403 2398 plenum
420 2352 664 2387 esse.—Herba
673 2377 681 2390 ,
701 2362 797 2395 seges
808 2356 932 2383 'tenera

259 2411 294 2439 et
307 2417 397 2439 nova
410 2432 419 2448 ,
447 2411 486 2438 ut
505 2417 594 2449 saepe
613 2403 703 2448 apud
723 2402 907 2448 Virgilium
920 2428 930 2446 ,

259 2455 388 2501 Georg.
405 2457 445 2497 13
460 2455 538 2490 vide
556 2461 591 2489 et
606 2467 708 2500 supra
723 2455 815 2489 VIII
828 2480 838 2498 ,
857 2467 931 2501 ²9⁰·

259 2527 302 2536 -
316 2511 448 2549 Nilne,
477 2514 519 2543 ut
540 2520 621 2542 mox
642 2509 748 2541 ridere
767 2514 803 2541 et
821 2508 908 2552 γελᾶν
921 2533 931 2550 ,

257 2561 464 2606 frequenter
479 2567 515 2595 et
530 2560 707 2605 eleganter
722 2559 765 2594 de
780 2559 857 2594 laeto
872 2571 933 2593 co-

258 2613 330 2647 lore
345 2639 354 2656 ,
367 2612 587 2658 jucundaque
598 2611 686 2646 facie
698 2611 840 2655 frugum
851 2636 859 2654 ,
870 2610 933 2644 sso-

259 2677 338 2699 rum
351 2690 360 2707 ,
377 2671 556 2710 pratorum
567 2664 741 2707 dicuntur,
758 2675 867 2697 verno
882 2663 932 2697 in-

261 2717 379 2762 primis
390 2723 556 2763 tempore.
571 2715 666 2753 Hinc
680 2716 829 2751 suaviter
841 2714 933 2760 apud

999 1109 1163 1144 Plautum
1180 1137 1189 1153 ,
1210 1110 1314 1145 Truc.
1334 1110 1391 1153 Π,
1411 1112 1453 1154 4,
1477 1110 1519 1145 de
1537 1109 1671 1156 puella,

1005 1163 1071 1195 Ver
1085 1164 1170 1197 vide.
1194 1162 1241 1195 Ut
1255 1164 1431 1206 totafloret
1439 1161 1450 1197 l
1471 1162 1519 1196 Ut
1530 1165 1599 1197 olel
1607 1161 1618 1198 !
1635 1168 1676 1197 ut

997 1215 1101 1247 m'lz'de
1109 1212 1206 1248 nitet!
1218 1213 1296 1247 vide
1306 1213 1547 1248 Heinsium.—-
1553 1215 1677 1258 Turget

997 1263 1112 1299 lacteis
1122 1264 1326 1300 humoribus
1336 1278 1343 1306 ;
1355 1264 1477 1311 Virgil.
1490 1264 1617 1311 Georg.
1631 1265 1648 1300 I
1660 1290 1671 1309 ,

997 1316 1061 1351 315
1073 1342 1082 1358 ,
1102 1318 1277 1351 Frumento
1287 1320 1322 1351 iu
1337 1319 1441 1351 viride·
1453 1319 1674 1360 stepulaJac-

995 1370 1102 1401 tentia
1125 1374 1259 1412 turgent.
1270 1387 1313 1393 —
1325 1369 1496 1408 InsolMa,
1522 1380 1596 1402 non
1614 1380 1675 1403 so-

995 1418 1063 1453 lida
1076 1446 1084 1463 ,
1099 1420 1238 1454 infirma
1251 1434 1259 1461 ;
1277 1433 1366 1455 unus
1381 1419 1561 1455 Mediceus
1576 1419 1682 1465 iuva?

994 1472 1076 1505 lida.
1085 1473 1197 1515 -Spe
1208 1474 1367 1512 delectat,
1387 1471 1480 1507 unde
1493 1485 1587 1517 seges
1602 1472 1674 1518 ipsa

994 1536 1071 1567 spes
1078 1525 1270 1558 anm'toties
1279 1531 1432 1568 vocatur,
1445 1524 1674 1570 quemadmo-

995 1573 1079 1609 dum
1097 1575 1194 1619 pueri
1211 1587 1288 1618 spes
1302 1579 1459 1611 cludatur.

1039 1628 1113 1660 205.
1125 1628 1227 1660 Ridet
1235 1639 1316 1670 ager
1327 1627 1446 1662 habuit
1457 1627 1622 1662 Heinsius
1631 1629 1682 1662 ex*

995 1690 1066 1711 uno
1081 1677 1240 1712 Leidensi
1253 1684 1288 1712 et
1304 1689 1378 1712 uno
1388 1677 1558 1712 vossiano
1570 1691 1579 1719 3
1592 1677 1674 1723 plu—

993 1729 1097 1772 rimi,
1119 1736 1154 1763 et
1174 1729 1275 1774 Regii
1294 1729 1397 1764 ambo
1411 1729 1522 1763 nostri
1535 1755 1545 1773 ‚
1569 1730 1676 1763 Ludit

993 1791 1092 1824 agen·
1102 1780 1146 1814 de
1158 1780 1223 1815 hoc
1233 1781 1307 1815 loco
1317 1779 1488 1815 videndus
1497 1787 1548 1815 est
1557 1780 1681 1815 Heia-¹

992 1834 1072 1868 sius.
1085 1835 1150 1881 Ed.
1159 1853 1203 1860 —
1219 1836 1342 1869 Valens
1351 1860 1361 1876 ‚
1381 1834 1506 1869 seilicet
1518 1833 1645 1869 viribus
1659 1847 1670 1876 ;

995 1896 1078 1930 ergo
1099 1883 1193 1919 idem
1211 1884 1304 1930 quod
1323 1887 1495 1924 robustus,
1521 1884 1613 1930 quod
1634 1892 1671 1920 et

994 1937 1163 1981 praecessit
1180 1943 1214 1971 et
1231 1936 1397 1982 sequitur.
1420 1935 1591 1971 Similiter
1609 1948 1671 1971 nec

992 1991 1065 2024 ulla
1085 1995 1154 2029 est,
1182 1989 1274 2032 quod
1301 1987 1409 2022 modo
1429 1995 1647 2033 praecesserat
1657 2006 1673 2031 ,”

994 2052 1076 2074 mox
1097 2040 1148 2074 bis
1169 2040 1340 2085 repetitur
1359 2051 1430 2074 uno
1453 2052 1565 2074 versu.
1584 2039 1670 2074 De-

992 2091 1076 2126 fecit
1090 2091 1195 2137 igitur
1216 2091 1271 2125 hic
1289 2090 1456 2126 Ovidium
1474 2090 1669 2126 fecunditas

992 2144 1189 2189 ingenii.——
1207 2144 1359 2184 Uberior,
1375 2143 1455 2187 quia
1471 2149 1566 2178 aestas
1582 2142 1669 2187 plu—

993 2195 1097 2229 rimas
1107 2192 1224 2238 fruges
1235 2193 1448 2238 suppeditat,
1464 2193 1668 2237 juvenissau-

994 2252 1064 2279 tem
1083 2244 1230 2289 plurima
1245 2245 1384 2289 negotia
1404 2251 1545 2279 strenue
1562 2243 1669 2278 susci·-

992 2297 1052 2342 pit.
1071 2313 1114 2323 -
1129 2298 1266 2330 AEstuat
1289 2308 1420 2339 annus,
1447 2294 1673 2340 quandoaer

992 2348 1165 2383 vicinitate
1181 2348 1260 2383 solis
1276 2347 1496 2383 incandescit.

1037 2414 1112 2448 209.
1132 2403 1247 2436 Posito
1252 2401 1541 2446 fi’roorejuventae-
1549 2400 1667 2433 alatu-

993 2463 1062 2494 rus5
1073 2452 1240 2486 Horatius
1249 2477 1258 2494 ,
1273 2452 1349 2486 Art.
1361 2452 1458 2486 Poet.
1471 2464 1483 2484 1
1492 2454 1531 2486 15
1541 2463 1550 2485 ι
1561 2465 1579 2480 «ι
1591 2451 1668 2485 Ma-

995 2519 1013 2535 »
1031 2511 1174 2539 turusne
1190 2516 1312 2547 senex,
1330 2516 1373 2537 an
1391 2503 1503 2537 adhue
1519 2502 1666 2538 florente

994 2572 1013 2589 »
1031 2559 1173 2603 juventa
1191 2556 1366 2592 Fervidus.
1379 2571 1396 2586 »ι
1414 2557 1574 2600 Namque
1590 2567 1664 2589 ma·
1697 2598 1701 2602 ῃ

991 2617 1083 2645 turus
1102 2609 1288 2643 honestum
1303 2608 1458 2642 virorum
1479 2614 1582 2652 atque
1603 2619 1666 2640 se·—

993 2664 1133 2698 niorum
1146 2662 1321 2707 epitheton
1332 2686 1341 2704 ,
1357 2660 1449 2705 quod
1461 2659 1664 2705 gravitatem

993 2727 1117 2749 eorum
1133 2713 1292 2759 exprimit
1306 2726 1314 2756 3
1327 2712 1440 2754 VIII,
1453 2712 1516 2758 (317
1530 2736 1540 2754 ,
1553 2713 1662 2745 animo
