1820 3106
224 246 227 249 ³
272 191 956 239 METAMORPHOSEON
1000 193 1132 237 LIB.
1173 194 1338 240 XIII.

1434 195 1521 252 413

91 287 398 346 Ambraciam,
419 285 621 352 versique
643 284 796 334 vident
813 285 899 334 sub
922 285 1113 350 imagine
1136 305 1291 336 saxum

93 365 288 425 Judicis‚
309 364 494 414 Actiaco
517 381 614 430 quae
637 382 756 412 nune
779 363 836 411 ab
859 362 1069 430 Apolline
1090 376 1198 413 nota
1221 376 1312 424 est,

1509 380 1527 399 f.

1461 392 1527 427 7¹⁰

93 443 389 511 Vocalemque
413 461 494 492 sua
519 453 680 491 terram
702 441 945 492 Dodonida
969 461 1134 510 quercu
1149 482 1160 503 ‚

93 520 402 587 Chaoniosque
415 520 572 577 sinus,
591 519 673 568 ubi
696 518 789 567 nati
812 538 914 583 rege
939 518 1144 570 Molosso

91 599 224 650 Irrita
244 598 456 665 subjectis
480 598 632 662 fugere
656 597 861 648 incendia
882 599 1052 666 pennis.

28 673 33 676 ⁵
157 677 368 728 Proxima
387 677 624 727 Phaeacum
646 677 850 728 felicibus
874 677 1021 727 obsita
1048 678 1194 746 pomis

89 759 212 808 Rura
233 768 394 825 petunt
413 776 424 805 z
443 756 610 824 Epiros
634 757 691 806 ab
714 756 786 806 his
801 794 814 816 ‚
840 769 1108 824 regnataque
1132 758 1222 806 vati

87 836 337 887 Buthrotos
363 836 561 903 Phrygio
574 873 586 894 ‚
613 835 908 904 simulataque
931 837 1068 902 Troja
1090 848 1309 887 tenentur.

88 916 199 967 Inde
221 917 477 966 futurorum
499 915 631 975 certi,
659 934 757 982 quae
780 926 939 964 cuncta
962 913 1085 964 fideli

90 1050 254 1098 Apolline
274 1052 313 1087 in
329 1064 451 1088 saxam
469 1064 587 1087 versus
607 1058 679 1095 est;
698 1052 778 1087 An-

89 1113 165 1142 ton.
188 1105 262 1141 Lib.
285 1118 360 1152 cap.
386 1107 417 1150 4.
446 1105 500 1140 Ibi
522 1105 629 1141 etiam
658 1105 776 1140 nobile

90 1156 263 1203 templum
271 1157 447 1201 Apollinis·
456 1157 600 1201 Actiaci
606 1168 618 1199 ;
634 1157 774 1201 Strabo,

90 1209 150 1245 lib.
159 1209 199 1244 ’Χ
212 1235 221 1253 ,
238 1223 271 1256 p.
284 1211 361 1253 45¹·
375 1227 421 1236 —-
431 1209 636 1255 Apollinem
652 1211 778 1245 Actia-

92 1275 167 1297 cum
178 1261 313 1297 dictum
323 1268 411 1308 puto
422 1275 464 1297 ex
475 1274 518 1297 eo
529 1288 539 1307 ,
556 1261 652 1308 quod
662 1262 699 1297 in
712 1275 779 1300 na-

55 1347 73 1359 χ
92 1313 159 1348 vali
173 1312 295 1359 praelio
313 1339 324 1357 ,
355 1325 427 1358 quo
453 1312 572 1349 divicit
597 1314 778 1360 Augustus

93 1364 296 1400 Antonium
321 1371 358 1400 et
381 1363 608 1412 Cleopatram
628 1393 638 1409 ,
672 1366 778 1400 auxi-

92 1417 181 1452 lium
206 1417 367 1464 Augusto
391 1417 508 1453 tulisse
538 1418 776 1461 credebatur3

93 1476 129 1505 et
144 1482 263 1505 meam
277 1469 493 1506 sententiam
504 1471 656 1516 probant
670 1471 778 1506 verba

91 1534 182 1558 nunc
192 1524 238 1557 ab
249 1522 411 1567 Apolline
424 1529 506 1557 nota
522 1529 583 1558 est.
600 1522 666 1559 Ed.

139 1585 157 1618 7
163 1573 214 1609 16.
233 1574 455 1619 Vocalemque
462 1600 471 1609 .
481 1599 490 1607 .
499 1601 507 1608 .
516 1576 702 1611 Dodonida
710 1582 776 1611 etc.

91 1625 197 1663 Nune
222 1625 314 1662 male
339 1625 469 1662 deserit
492 1626 619 1663 ducem
643 1640 775 1664 suum:

87 1678 184 1725 ,apud
194 1678 384 1726 Virgilium
394 1705 405 1724 ,
421 1691 510 1715 vers.
528 1693 570 1729 ²9
609 1694 649 1727 sq
662 1707 672 1725 ,
692 1682 779 1717 reli·-

90 1738 147 1766 cto
156 1731 346 1768 Ambracio
357 1731 437 1766 sinu
447 1758 457 1776 ,
467 1694 778 1778 prend-vehuntur

91 1784 283 1818 pheacum
301 1796 328 1818 s.
345 1782 542 1831 Corcyram
555 1810 565 1828 ,
580 1791 658 1819 tum
677 1785 778 1820 litora

94 1835 194 1881 Epiri
221 1835 346 1882 legunt
360 1862 370 1878 ,
399 1843 543 1881 portum
575 1836 778 1871 Chaonium

92 1888 228 1923 intrant
245 1894 282 1922 et
295 1887 512 1923 Buthrotum
533 1888 666 1924 adeunt
677 1903 687 1932 ;
716 1888 778 1924 sed

97 1940 190 1987 apud
221 1940 395 1976 Nostrum
431 1941 527 1987 prius
558 1942 779 1988 conspiciunt

95 1995 287 2035 Dodonam,
295 1992 390 2039 quod
398 1993 476 2029 fieri
485 2007 558 2030 non
567 1996 681 2042 potuit
690 2009 698 2037 ;
707 1995 779 2030 Do-

97 2044 191 2080 dona
205 2045 302 2080 enim
321 2045 360 2080 in
379 2047 658 2092 septemtrionali
678 2048 778 2094 Epiri

96 2104 194 2144 parte
216 2098 280 2134 sita
299 2097 377 2134 suit.
401 2098 608 2134 Secundum
629 2099 778 2148 Dionys.

98 2150 212 2186 Halic.
225 2151 243 2186 I
253 2175 264 2194 ,
285 2152 324 2186 51
339 2177 350 2195 ,
368 2150 500 2187 AEneas
513 2178 523 2195 ,
538 2153 658 2189 relicta
672 2153 777 2189 classe

98 2202 191 2248 apud
213 2202 430 2240 Buthrotum
444 2229 453 2247 ,
484 2217 566 2239 cum
588 2205 779 2241 lectissimis

98 2255 180 2291 viris
193 2281 204 2300 ,
229 2253 383 2290 duorum
404 2255 543 2291 dierum
564 2257 690 2293 itinere
716 2272 779 2304 per

98 2314 230 2343 terram
246 2306 428 2352 confecto,
450 2306 639 2344 Dodonam
656 2323 780 2356 perve-

100 2362 154 2398 nit
166 2388 176 2407 ,
185 2361 285 2397 Jovis
293 2362 474 2396 oraculum
485 2363 715 2400 consulturus.
727 2365 780 2399 Ea

103 2414 187 2450 olim
212 2427 232 2449 a
255 2415 451 2449 Chaom‘bus
480 2413 633 2449 habitata
661 2423 781 2461 postea

105 2466 265 2501 atolomzr
276 2466 412 2510 paruit;
429 2466 631 2502 Eustathius
647 2467 690 2502 ad
708 2468 782 2503 Ho—

104 2529 243 2552 merum
255 2543 266 2561 ,
287 2515 358 2553 od.
375 2521 402 2554 Ξ
414 2543 424 2562 ,
441 2531 474 2564 p.
492 2520 567 2563 544.
592 2518 645 2553 Ibi
665 2519 783 2555 nobile

105 2577 310 2616 quercetum
322 2596 332 2614 ‚
347 2571 447 2616 cujus
457 2582 606 2616 quercus
617 2583 701 2607 voce
717 2572 784 2607 hu«

103 2634 209 2656 mana
223 2621 347 2656 locutae
356 2634 429 2656 esse
440 2628 545 2667 atque
555 2622 694 2657 oracula
706 2623 785 2658 edi-

103 2673 192 2709 disse
209 2673 399 2710 traduntur
412 2700 422 2718 ‚
440 2674 536 2708 unde
555 2679 734 2725 vtpmniyvpu
748 2681 785 2711 et

104 2733 251 2771 μοστικαι·
263 2730 346 2776 δρύες
361 2726 460 2762 dictae
476 2728 785 2765 sunt—Molosso-

842 1064 914 1086 rum
929 1063 988 1086 tex
1003 1049 1197 1088 Munichus
1213 1056 1283 1087 tres
1301 1050 1423 1088 habuit
1438 1053 1527 1092 filios

842 1109 879 1138 et
890 1115 999 1138 unam
1010 1102 1118 1138 filiam
1130 1129 1140 1147 ,
1154 1103 1214 1149 qui
1226 1129 1236 1147 ,
1249 1116 1360 1149 quum
1374 1105 1527 1142 latrones

841 1155 963 1200 ignem
975 1155 1178 1200 injecissent
1194 1154 1357 1191 domibus
1373 1183 1382 1200 ,
1402 1169 1422 1192 a
1436 1157 1527 1193 Jove

843 1207 881 1242 in
898 1220 977 1243 aves
993 1208 1120 1243 mutati
1136 1214 1219 1244 sunt
1233 1222 1242 1251 ;
1266 1208 1401 1244 Anton.
1420 1210 1528 1245 Libe-

842 1259 923 1294 ralis
936 1286 946 1304 ‚
963 1272 1036 1306 cap.
1052 1261 1250 1304 14.-Irr1‘!a
1266 1273 1331 1306 pro
1345 1263 1450 1305 impia
1464 1261 1530 1296 de·—

844 1311 896 1346 dit
907 1311 950 1347 de
961 1324 1025 1347 suo
1039 1311 1208 1347 Heinsius
1217 1338 1227 1355 ‚
1240 1313 1300 1357 qui
1312 1313 1410 1348 malit
1420 1314 1528 1349 etiam

839 1367 1009 1400 subvectis
1012 1367 1134 1409 penm‘s
1142 1377 1152 1399 .·
1163 1363 1458 1403 Mitscherlichius
1468 1371 1529 1403 im-

834 1420 898 1461 pia
906 1417 1219 1452 revocavit—Hoc
1229 1423 1528 1463 postremum'am—

839 1470 887 1504 bo
901 1469 1036 1505 codices
1050 1469 1154 1516 Regii
1169 1469 1312 1506 habent.

889 1536 905 1568 7
915 1534 963 1570 ¹9·
973 1524 1146 1557 Faucibus
1158 1525 1271 1558 obsita
1274 1529 1396 1568 pomis.
1407 1526 1529 1574 Respi-

841 1573 887 1609 cit
898 1573 942 1608 ad
953 1574 1092 1609 Alcinoi
1109 1574 1229 1611 hortos
1240 1602 1249 1620 ‚
1268 1577 1326 1622 qui
1338 1591 1402 1623 per
1412 1586 1528 1615 totum

842 1637 977 1660 annum
1002 1626 1229 1676 abundabant
1249 1630 1365 1664 omnis
1390 1632 1529 1676 generis

840 1678 1010 1715 fructibus
1023 1693 1032 1715 ε
1044 1680 1193 1716 Homer.
1205 1681 1277 1716 Od.
1288 1688 1314 1717 Η
1322 1708 1332 1727 ,
1353 1696 1368 1718 1
1377 1697 1414 1717 12
1426 1698 1475 1730 sq.
1485 1703 1530 1714 ·—-

842 1733 1042 1773 Buthrotos,
1061 1740 1122 1768 aut
1135 1732 1352 1769 Buthrotum
1363 1761 1372 1778 ,
1386 1736 1429 1770 ad
1442 1750 1528 1782 por-

843 1790 921 1818 tum
938 1784 1120 1819 Pelodem.
1146 1785 1217 1820 Hic
1241 1787 1410 1831 regnabat
1430 1796 1530 1824 vates

843 1838 1026 1883 Phrygius,
1054 1838 1236 1883 Helenus,
1261 1840 1396 1876 Priami
1414 1842 1504 1879 filius
1517 1871 1528 1888 ,

844 1888 912 1935 (cs.
925 1903 972 1925 vs.
990 1889 1082 1936 320)
1101 1892 1161 1937 qui
1178 1893 1307 1940 Pyrrhi
1325 1902 1361 1929 et
1377 1898 1529 1944 conjuge

843 1949 879 1977 et
902 1955 1013 1988 regno
1038 1944 1168 1989 potitus
1188 1970 1198 1988 ,
1225 1945 1380 1991 pristinae
1406 1951 1530 1995 patriae

845 1996 991 2030 nomina
1002 1996 1045 2030 ad
1058 2009 1165 2032 novas
1175 1997 1275 2033 sedes
1288 2002 1527 2048 transtulerat,

844 2059 945 2081 more
971 2060 1096 2082 eorum
1111 2075 1120 2092 ,
1151 2049 1210 2095 qui
1234 2050 1387 2087 colonias
1406 2053 1528 2090 dedu·—

843 2098 969 2133 cebant
985 2099 1021 2133 in
1041 2099 1121 2135 alias
1137 2113 1214 2136 oras
1231 2115 1240 2137 t
1262 2102 1344 2138 hinc
1366 2108 1530 2142 simulata

849 2152 955 2195 Troja
963 2179 972 2193 ‚
989 2152 1180 2189 adsimilata
1191 2154 1299 2200 priori
1310 2155 1438 2203 Trojae.
1450 2159 1530 2194 Vir-

845 2202 943 2248 gilius
956 2229 965 2247 ,
984 2217 1032 2240 vs.
1051 2206 1117 2252 349
1133 2218 1141 2240 z
1156 2219 1174 2235 «
1194 2206 1372 2252 Procedo,
1396 2215 1431 2244 et
1447 2223 1530 2255 par-

846 2271 864 2290 >›
883 2270 963 2291 vam
982 2257 1130 2303 Troiam
1145 2259 1376 2306 simulataque
1392 2265 1529 2309 magnis

848 2323 866 2340 »ι
886 2310 1057 2355 Pergama
1070 2336 1079 2354 ,
1096 2317 1132 2345 et
1149 2318 1308 2347 arentem
1319 2314 1453 2350 Xanthi
1468 2328 1531 2351 co·—

848 2376 865 2391 »
886 2363 1052 2407 gnomine
1066 2363 1182 2398 rivum
1194 2364 1356 2410 Agnosco
1369 2379 1378 2407 ;
1393 2381 1410 2398 »
1430 2375 1466 2402 et
1483 2381 1531 2404 vs.

846 2413 910 2447 302
909 2413 1030 2458 salsus
1036 2415 1158 2450 Simois
1165 2415 1292 2450 eodem
1300 2430 1414 2452 sensu.
1423 2418 1531 2464 Apud

847 2465 994 2513 Dionys.
1008 2466 1041 2501 d.
1054 2467 1075 2501 l.
1087 2467 1219 2502 AEneas
1234 2481 1315 2502 cum
1328 2470 1427 2504 sociis
1443 2471 1529 2506 Do·-

848 2517 980 2553 donam
999 2519 1173 2564 profectus
1185 2546 1194 2563 ,
1213 2521 1249 2555 in
1268 2521 1448 2558 Helenum
1464 2525 1528 2559 in·-

847 2572 931 2607 cidit
944 2586 952 2614 ;
981 2572 1043 2607 sed
1069 2573 1235 2618 Virgilius
1247 2600 1257 2617 ,
1283 2575 1377 2610 unde
1403 2577 1532 2614 Noster

848 2624 980 2670 pendet
990 2650 999 2667 ,
1013 2623 1056 2658 ad
1068 2624 1285 2661 Buthrotum
1297 2627 1396 2663 illum
1406 2642 1531 2666 occur-

848 2689 927 2712 sum
946 2677 1130 2713 transtulit.

896 2742 968 2773 7²²»
992 2730 1076 2764 lade
1088 2730 1278 2775 futurorum
1297 2738 1404 2770 certi:
1420 2748 1530 2780 quum
