1820 3106
302 295 1021 346 METAMORPHOSEON
1059 297 1195 340 LIB.
1235 297 1382 341 XIV.

1477 294 1566 356 437

126 395 297 446 Parvus
317 401 410 458 erat
434 410 594 463 gurges
609 429 622 451 ‚
648 410 807 441 curvos
831 391 1034 441 sinuatus
1055 391 1104 440 in
1127 409 1282 451 arcus,

133 474 269 534 Grata,
290 472 416 540 quies
440 469 594 538 Scyllae
615 489 625 519 :
650 489 740 536 quo
766 488 812 518 se
835 469 1053 519 referebat
1073 470 1129 519 ab
1150 481 1260 518 aestu

128 553 191 601 Et
210 549 341 600 maris
365 561 409 598 et
430 547 550 607 caeli,
573 548 720 598 medio
746 567 884 616 quum
905 547 1126 615 plurimus
1150 547 1260 597 orbe

129 628 207 678 Sol
228 640 321 678 erat
335 665 347 686 ‚
374 638 419 677 et
439 626 644 676 minimas
669 646 694 675 a
714 626 873 675 vertice
895 626 1057 675 fecerat
1076 626 1271 675 umbras.

127 707 263 755 Hunc
286 706 381 754 Dea
403 704 644 772 praevitiat,
669 702 1065 772 portentiferisque
1087 701 1268 751 venenis

1525 716 1544 750 vv

1549 715 1569 750 υτ

127 785 341 852 Inquinat
361 803 371 833 :
391 783 497 833 huic
521 783 648 832 fusos
672 782 824 831 latices
846 781 992 831 radice
1013 780 1193 830 nocenti

128 862 337 930 Spargit;
363 873 408 911 et
430 861 671 910 obscurum
693 860 932 910 verborum
955 859 1142 923 ambage
1165 876 1384 907 novorum

126 942 217 991 Ter
238 940 392 990 novies
413 958 589 989 carmen
609 940 781 1004 magico
806 939 1107 987 demurmurat
1131 957 1223 986 ore.

130 1018 277 1087 Scylla
298 1018 418 1068 venit
431 1057 443 1077 ‚
466 1018 699 1086 mediaque
723 1030 854 1067 tenus
873 1016 1158 1067 descenderat
1177 1015 1274 1065 alvo
1288 1054 1301 1076 ‚

130 1099 288 1165 Quum
309 1117 389 1148 sua
411 1097 567 1147 foedari
591 1096 860 1147 latrantibus
883 1097 1067 1162 inguina
1090 1095 1304 1145 monstris
1524 1109 1571 1143 60

129 1176 366 1244 Adspicit3
392 1195 441 1225 ac
461 1175 615 1243 primo
634 1195 728 1224 non
751 1176 933 1225 credens
959 1175 1159 1243 corporis
1185 1173 1283 1223 illas

130 1256 243 1307 Esse
266 1256 338 1305 sui
359 1267 531 1323 partes,
557 1254 811 1322 refugitque
826 1293 843 1314 ,,
862 1254 1090 1322 abigitque
1105 1292 1117 1313 ,
1143 1253 1358 1321 timetque

178 1370 231 1402 51.
255 1367 399 1411 Gurges.
422 1366 576 1401 Fontem
592 1364 724 1401 habent
742 1364 817 1400 alii:

134 1418 194 1455 sed
211 1418 291 1453 vide
308 1418 402 1453 XIII
418 1444 427 1462 ‚
453 1431 530 1466 9⁰²·
554 1417 700 1452 Tzetzes
715 1443 725 1461 ,
747 1415 780 1451 d.
796 1415 817 1450 Ι.

135 1473 281 1522 φάρμακα
311 1472 499 1515 ε’μὸαλούσης
523 1478 561 1522 τῇ
589 1478 671 1521 πηγῇ
692 1495 702 1513 ,
735 1467 779 1516 ἔφ’
798 1471 819 1515 ᾗ

135 1526 232 1561 εἰώθει
264 1525 402 1559 λούεσθαι
422 1548 433 1567 ,
464 1523 665 1571 ἄτεθηριῶθη.
698 1520 758 1556 Sic
784 1526 820 1554 et

134 1575 469 1622 Fulgentius—Pro
478 1587 595 1609 curvos
607 1586 709 1608 arcus
720 1572 822 1607 Basi-

133 1627 264 1663 leensis
276 1633 314 1662 et
327 1625 583 1662 Ambrosianus
594 1625 725 1660 habent
735 1637 822 1669 par—

131 1693 192 1716 vos
203 1707 214 1723 ,
230 1679 327 1715 unde
343 1678 470 1714 Heins-
489 1677 642 1723 conjecit
660 1679 822 1722 patulos:

133 1741 228 1771 certe
245 1733 402 1770 offendit
419 1733 671 1768 Burmannum
687 1731 744 1766 ille
763 1744 824 1766 so-

133 1800 201 1823 nus
215 1799 342 1832 parvus
358 1797 481 1831 gurges
500 1797 627 1820 curvos.
643 1803 689 1810 -
703 1783 823 1819 Ambo

133 1840 272 1877 codices
282 1839 385 1885 Regii
399 1851 528 1874 curvos.
538 1855 584 1865 —-
595 1838 651 1872 Ab
664 1842 747 1872 aeslu
757 1863 765 1877 ,
784 1843 825 1871 ut

134 1892 183 1928 ibi
195 1899 270 1928 tuta
282 1898 372 1928 esset
385 1891 428 1926 ab
439 1897 525 1926 aestu
537 1916 547 1934 ‚
566 1896 653 1932 aut„
663 1895 824 1935 tempore

135 1945 475 1981 aestua-Plurimus
483 1968 493 1984 ,
513 1941 714 1976 acerrimus.

182 1998 236 2032 55.
266 1997 461 2031 Proerc'tiare
488 2005 623 2028 novum
649 1992 796 2027 verbum
813 2017 824 2037 ,

138 2055 179 2084 ut
198 2059 461 2094 proconsumere
476 2046 550 2082 Vll
568 2072 578 2090 ,
597 2047 663 2094 489
674 2059 683 2088 ;
696 2047 828 2090 pra-de-

138 2104 272 2137 lassam
286 2101 340 2136 XI
350 2126 360 2144 ,
381 2100 440 2147 731
456 2114 466 2142 ;
483 2104 760 2144 praecontrectarc
776 2098 825 2141 V,

141 2155 206 2201 478
218 2181 227 2198 ‚
246 2161 283 2189 et
295 2165 569 2199 pra-corrumpere
581 2151 674 2186 infra
688 2164 736 2186 vs.
754 2150 829 2194 134.

140 2208 304 2243 —Etiam
315 2209 466 2251 portenti
478 2208 543 2241 ertlr
559 2218 693 2239 novum
703 2230 712 2248 ,
732 2202 829 2249 quod

141 2260 276 2296 dictum
291 2272 364 2295 esse
379 2285 388 2303 ‚
407 2265 448 2292 ut
461 2256 706 2302 monstrfirum
720 2284 729 2298 ‚
750 2258 830 2291 bor·-

141 2311 275 2357 mserum
300 2310 336 2347 et'
361 2309 486 2346 similia
511 2309 601 2354 apud
631 2309 801 2344 Nostrum
818 2334 828 2352 ,

147 2371 272 2400 monet
289 2363 467 2399 Heinsius.
482 2362 610 2397 Nescio
626 2368 745 2399 tamen
758 2388 767 2406 ,
786 2374 831 2397 an

148 2431 223 2454 non
232 2418 361 2453 rectius
370 2424 452 2452 ante
464 2415 588 2451 Heius.
596 2414 835 2461 plurimorum

150 2470 248 2507 MSS
260 2469 465 2506 auctoritate
481 2468 617 2504 editum
629 2467 673 2502 sit
683 2493 692 2511 ‚
700 2475 834 2511 porten-

150 2525 322 2570 ttficisque.
329 2523 422 2558 Nam
428 2522 672 2566 portentficum
682 2547 690 2561 ‚
703 2519 835 2556 faciens

152 2582 317 2622 portenta
327 2601 337 2619 ‚
348 2582 489 2610 mutans
503 2575 540 2608 in
553 2580 716 2619 portenta
730 2587 755 2609 s.
766 2573 836 2608 mi-

155 2641 210 2664 ras
222 2627 376 2671 formas,
393 2627 527 2662 dictum
546 2633 619 2670 est,
637 2632 677 2660 ut
690 2627 738 2670 V,
758 2640 835 2673 217,

148 2684 288 2727 saa-fici
293 2683 405 2716 vultus
413 2679 501 2714 Med
507 2692 574 2716 usae
584 2692 593 2720 ς
604 2685 639 2714 et
647 2679 722 2714 Vll
734 2705 743 2723 ,
756 2679 835 2724 360,

150 2735 331 2779 vulnficus
352 2745 422 2767 sus.
438 2750 483 2758 --
498 2731 617 2766 Etiam
637 2743 719 2765 mox
739 2730 838 2765 anti—

153 2800 261 2834 quam
278 2786 467 2822 lectionem
485 2784 718 2821 revocandam
738 2784 840 2822 arbi-

158 2846 236 2875 tror
247 2865 257 2884 ,
277 2841 345 2875 Hic
354 2850 492 2885 pressos
500 2840 635 2882 latices,
659 2849 766 2884 quam
779 2835 842 2874 ha-

883 1365 970 1400 bent
987 1364 1091 1411 Regii
1105 1364 1252 1400 codices.
1270 1365 1337 1398 Ed.
1353 1383 1398 1390 —
1415 1365 1546 1399 Radice
1558 1391 1567 1406 ,

885 1431 927 1452 ex
941 1417 1058 1453 herbis
1071 1443 1080 1461 ,
1097 1423 1137 1452 ut
1155 1417 1229 1452 Vll
1244 1443 1254 1461 ‚
1275 1417 1571 1461 264.—Ambages

885 1471 991 1506 etiam
1015 1470 1059 1505 de
1083 1469 1292 1505 obscuritate
1313 1470 1507 1514 sermonis,
1531 1477 1573 1505 ut

886 1523 942 1558 IV
960 1523 1052 1558 Fast.
1078 1523 1139 1557 261
1158 1549 1167 1566 ,
1195 1524 1356 1567 ambages
1380 1526 1483 1557 sortetr
1502 1525 1572 1557 ob·-

885 1586 1013 1617 scurae‚·
1029 1582 1066 1610 et
1088 1575 1124 1609 in
1150 1574 1249 1610 Ibide
1267 1601 1277 1618 ,
1306 1575 1390 1621 3¹77,
1413 1578 1574 1619 ambages

885 1634 954 1665 oris
963 1632 1105 1665 obscuri.
1114 1647 1158 1656 -—
1166 1631 1231 1664 Ter
1238 1631 1479 1671 demurmurat;
1493 1628 1573 1664 vide

887 1684 929 1719 ad
950 1684 1022 1719 Vll
1036 1710 1046 1728 ,
1067 1685 1142 1718 251.

932 1737 985 1771 60.
1000 1735 1152 1777 Foedar13
1177 1734 1370 1770 deformari
1384 1760 1394 1778 ,
1410 1747 1575 1769 corrum-

887 1789 985 1835 pi.—
994 1787 1108 1836 Scylla
1121 1787 1294 1834 succincta
1304 1789 1507 1821 latrantibus
1519 1790 1576 1821 in-

883 1845 990 1886 guina
1014 1843 1172 1875 monstris
1188 1867 1196 1879 ,
1233 1839 1376 1874 canibus
1406 1839 1575 1883 marinis,

890 1894 997 1929 etiam
1017 1892 1108 1939 apud
1132 1892 1231 1938 Virg.
1259 1891 1332 1926 Ed.
1351 1892 1426 1935 VI,
1452 1893 1492 1937 75
1507 1918 1516 1935 ,
1539 1897 1577 1927 et

892 1945 966 1981 Cir.
991 1948 1034 1994 59
1058 1958 1122 1991 sqq
1145 1959 1153 1980 ε
1178 1945 1264 1979 item
1286 1944 1379 1991 apud
1403 1946 1578 1980 Nostrum

891 1999 985 2039 Vll,
1009 1999 1070 2042 64,
1090 1997 1150 2032 ubi
1174 1996 1268 2032 conf.
1290 2004 1365 2032 not.
1388 2004 1424 2032 et
1442 1997 1576 2044 Hygin.

891 2051 925 2086 d.
946 2050 967 2086 l.
991 2051 1109 2095 Atque
1134 2050 1180 2084 ita
1197 2056 1341 2095 apparet
1361 2049 1396 2083 in
1419 2048 1579 2095 Lipperti

892 2102 1030 2151 Dactyi.
1044 2103 1059 2137 I
1072 2129 1082 2146 ,
1097 2103 1156 2147 78,
1170 2116 1221 2149 79.
1234 2102 1306 2137 Sed
1318 2102 1354 2136 in
1366 2101 1576 2136 Winkelm.

893 2156 995 2191 Mon.
1013 2154 1106 2189 ined.
1117 2167 1153 2188 n.
1165 2156 1205 2199 37
1217 2181 1227 2198 ,
1243 2154 1427 2190 exhibetur
1438 2180 1448 2197 ,
1469 2152 1579 2198 qualis

894 2221 913 2243 a
930 2208 1030 2253 Virg.
1047 2207 1131 2241 AEn.
1149 2207 1204 2242 Ill
1218 2233 1228 2250 ,
1248 2206 1332 2250 426,
1351 2205 1579 2240 describitur:

894 2275 914 2291 ι(
937 2260 1056 2295 Prima
1072 2259 1224 2294 hominis
1240 2259 1344 2293 facies
1355 2284 1364 2301 ‚
1382 2265 1418 2292 et
1434 2257 1581 2303 pulchro

896 2328 914 2345 ἰ
935 2319 1076 2359 pectore
1089 2312 1188 2358 virgo
1200 2312 1298 2347 Pube
1311 2318 1431 2346 tenus:
1447 2317 1583 2356 postre-

897 2380 915 2396 »
934 2378 992 2400 ma
1007 2364 1154 2400 immani
1171 2377 1317 2410 corpore
1334 2363 1452 2409 pistrix
1463 2390 1472 2407 ,
1494 2362 1584 2397 Del-

898 2431 918 2448 »
937 2416 1087 2462 phinum
1114 2416 1240 2452 caudas
1268 2423 1371 2451 utero
1399 2414 1584 2450 commissa

899 2483 917 2499 »
937 2467 1115 2514 luporum.
1134 2483 1151 2498 ³»
1177 2468 1314 2512 Nempe
1334 2466 1418 2501 inde
1435 2467 1477 2500 ab
1497 2466 1585 2500 Ho—

898 2533 1011 2564 mero,
1025 2520 1097 2556 Od.
1108 2522 1207 2563 »1285
1217 2532 1293 2564 sqq,
1306 2518 1401 2553 varie
1413 2517 1586 2564 descripta

899 2582 960 2610 est.
973 2574 1105 2610 Sensus
1117 2580 1261 2608 mutatae
1273 2572 1415 2607 eosdem
1430 2572 1505 2607 fere
1518 2585 1587 2607 ex-

900 2626 1024 2674 pressit
1039 2625 1224 2671 Virgilius,
1250 2624 1323 2660 Cir.
1341 2640 1358 2654 «
1378 2625 1533 2661 Piscibus
1552 2632 1588 2660 et

903 2696 921 2712 »
938 2679 1082 2718 canibus
1107 2679 1235 2714 rabidis
1262 2677 1385 2716 vallata
1413 2685 1559 2724 repente
1578 2705 1587 2722 ,

904 2745 923 2761 »
942 2730 1141 2767 Horribiles
1155 2731 1288 2766 circum
1299 2729 1385 2765 vidit
1393 2730 1458 2765 sibi
1468 2730 1590 2765 sistere

905 2796 923 2813 »ι
943 2781 1088 2818 formas.
1099 2783 1183 2819 Heu
1195 2783 1330 2828 quoties
1344 2782 1469 2817 mirata
1481 2793 1591 2816 novos

907 2849 926 2868 υ
948 2833 1112 2882 expalluit
1127 2833 1243 2871 artus!
1269 2836 1347 2881 Ipsa
1361 2847 1443 2871 suos
1459 2834 1594 2881 quoties
