1820 3106
342 244 1042 294 METAMORPHOSEON
1075 246 1143 290 LI
1157 247 1208 290 B.
1243 248 1357 294 XV.

1474 247 1561 309 495

131 347 236 413 Ipse
258 324 609 404 domum’magni
623 377 636 398 ,
659 359 741 389 nec
763 340 992 407 inhospita
1015 350 1129 388 tecta
1156 339 1366 389 Crotonis
1526 356 1565 389 15

130 426 352 480 Intrasse,
376 432 420 470 et
441 419 592 486 requie
615 417 803 482 longum
827 417 1040 467 relevasse
1062 417 1290 478 laborem;

133 503 285 570 Atque
306 501 366 549 ita
388 498 616 548 discedens
632 537 643 557 ,
665 498 779 547 AEvo
794 535 806 555 ,
834 497 996 546 dixisse
1011 535 1023 557 ,
1049 508 1262 564 nepotum

133 579 222 628 llic
240 578 365 627 locus
385 576 512 626 urbis
535 576 641 635 erit3
668 575 977 643 promissaque
999 595 1098 624 vera
1121 574 1312 623 suerunt.

131 659 246 718 Nam
263 657 349 706 fuit
368 654 583 719 Argolico
609 665 843 718 generatus
865 653 1080 702 Alemone
1109 653 1290 720 quidam

133 734 357 803 Myscelus
371 771 383 793 ,
406 733 527 782 illius
550 733 634 781 Dis
657 732 987 799 acceptissimus
1012 731 1102 780 aevi.
1218 800 1220 803 v
1524 758 1568 781 20

132 815 267 864 Hunc
291 831 426 881 super
447 812 709 862 incumbens
731 829 934 878 pressum
959 811 1170 875 gravitate
1194 810 1369 878 soporis

132 890 336 955 Claviger
359 889 648 957 adloquitur:
676 912 699 932 «
723 889 895 938 Patrias
911 927 922 948 ,
947 907 1052 952 age,
1080 889 1228 938 desere
1253 890 1402 948 sedes;

138 994 164 1015 >›
193 972 243 1030 I,
267 981 370 1038 pete
393 969 553 1017 diversi
570 967 796 1035 lapidosas
815 967 983 1017 AEsaris
1005 967 1160 1015 undas.
1187 989 1210 1010 »

133 1049 220 1108 Et,
242 1047 331 1096 nisi
353 1046 575 1115 paruerit,
597 1044 740 1095 multa
762 1064 812 1094 ac
835 1044 1071 1094 metuenda
1093 1045 1300 1094 minatur.

137 1151 194 1188 vl
203 1178 212 1196 ,
225 1164 301 1198 pag.
312 1152 372 1187 281
389 1164 398 1193 ;
412 1157 447 1186 et
458 1148 649 1197 Dionysius
661 1147 772 1185 Halic.
785 1150 820 1193 1,

139 1204 255 1251 39-44
267 1229 278 1248 ,
295 1203 355 1249 qui
371 1215 427 1238 res
440 1203 482 1238 ab
494 1215 538 1238 eo
549 1202 586 1237 in
602 1201 703 1238 Italia
714 1209 824 1248 gestas

139 1253 334 1290 “fabulose
344 1261 482 1298 narrat,
498 1261 534 1289 et
546 1253 588 1289 ad
600 1253 708 1288 fldem
720 1253 823 1288 histo-

137 1306 247 1342 ricam
260 1305 487 1352 interpretari
497 1312 704 1342 conatur.—
711 1306 823 1340 Inho-

137 1361 229 1402 spira
240 1363 339 1394 tecta.
354 1357 448 1393 Vide
467 1358 508 1393 ad
526 1359 543 1394 1
557 1384 566 1402 ,
587 1358 660 1392 218.
677 1357 732 1392 De
748 1358 824 1392 Cro-

139 1417 217 1445 tone
240 1409 364 1446 confer
379 1423 468 1445 vers.
487 1412 540 1445 55.
558 1409 662 1455 Apud
682 1409 825 1443 Diodo—

140 1475 222 1498 rum
235 1463 304 1498 Sic.
316 1463 385 1509 lv,
399 1465 454 1508 24,
466 1463 638 1498 Hercules
651 1462 802 1498 Crotoni
813 1489 822 1507 ‚

142 1530 250 1563 quern
263 1516 475 1563 imprudens
492 1517 731 1560 interfecerat,
751 1529 824 1551 mo-

141 1576 357 1605 numentum
370 1568 470 1615 ponit
484 1595 494 1613 ,
513 1569 714 1614 addito-hoc
728 1569 802 1615 ipso
813 1595 823 1613 ,

141 1621 237 1668 quod
251 1622 326 1668 jam
336 1623 515 1667 sequitur,
532 1620 695 1656 vaticinio
705 1648 713 1662 ,
727 1620 802 1656 sore
813 1648 823 1666 ,

141 1682 182 1710 ut
197 1674 244 1710 ibi
255 1673 443 1721 aliquando
456 1674 538 1708 urbs
551 1673 725 1709 condatur
735 1700 744 1717 ,
760 1681 796 1709 et
806 1687 826 1709 a

144 1726 303 1762 Crotone
322 1738 457 1762 nomen
475 1725 601 1761 trahat.
617 1724 690 1760 Sed
706 1725 825 1759 Hera-

142 1777 232 1813 clide
245 1777 289 1813 de
301 1777 406 1814 Polit.
421 1784 564 1812 auctore
576 1802 586 1821 ‚
602 1776 674 1822 ipse
689 1774 827 1811 Croton

142 1831 270 1867 urbem
282 1831 380 1866 illam
400 1831 527 1877 posuit.

198 1886 248 1920 18.
263 1886 332 1920 Hic
344 1886 446 1926 flocus
464 1886 556 1919 urbis
573 1887 653 1926 eril,
672 1882 828 1918 hocloco

144 1937 228 1972 urbs
244 1935 481 1971 condetur.—
491 1937 680 1975 prmissa,
700 1935 828 1970 vatici-

146 1988 541 2034 nium.-Prosuemnt‚
563 1988 732 2023 Arondel.
738 1988 829 2033 sue-

145 2054 205 2086 re‚·
220 2041 387 2076 Heinsius
401 2047 501 2086 putat
508 2040 634 2084 fuine.

193 2105 245 2128 ao.
259 2095 432 2141 Myscelos
451 2099 544 2128 recte
562 2092 769 2138 rescriptum
786 2093 829 2127 ab

149 2146 300 2182 Heinsio
319 2158 327 2180 :
343 2158 427 2180 nam
443 2145 634 2194 Dionysius
650 2145 829 2180 HalicarnL

149 2199 267 2236 Schol.
281 2199 460 2246 Aristoph.
473 2199 515 2234 ad
529 2199 621 2235 Nub.
632 2199 698 2245 370
707 2226 716 2243 ,
733 2199 831 2234 Stra-

149 2252 197 2287 bo
207 2279 217 2296 ,
229 2255 394 2295 Μύσιτελος,
412 2258 472 2286 aut
481 2254 650 2291 Μύσκελλος
663 2251 831 2286 scribunt.

150 2306 255 2353 Argis
265 2313 301 2341 et
312 2306 383 2352 ipse
393 2305 562 2340 habitasse
575 2304 724 2340 videtur.
736 2305 832 2340 Pau-

149 2359 264 2394 sanias
277 2370 362 2394 vero
374 2357 453 2393 Lac.
463 2357 529 2402 Ep.
544 2357 564 2391 3
574 2382 584 2399 ,
601 2363 740 2400 narrat,
758 2358 833 2392 Po—

151 2410 277 2459 lydoro
295 2417 466 2456 regnante
481 2435 490 2453 ,
519 2422 538 2443 a
560 2407 832 2444 Lacedaemoniis

152 2463 326 2499 coloniam
339 2475 411 2497 esse
423 2461 611 2496 deductam
624 2459 832 2495 Crotonem.

153 2513 359 2550 Herodotus
370 2540 380 2557 ‚
400 2513 492 2548 VIII
505 2539 515 2556 ,
538 2514 579 2557 47
591 2538 600 2554 ,
624 2521 833 2562 Κροτωνιῆται

155 2570 188 2602 δι’
204 2568 284 2610 ybas
302 2570 364 2602 etei
382 2557 510 2610 A‘xoecoi·
530 2564 670 2599 Ducem
690 2565 834 2600 coloniae

153 2619 329 2665 Myscelon
339 2618 571 2652 nominant·et
579 2616 634 2650 alii
644 2630 653 2657 ς
664 2616 731 2651 vid.
741 2616 836 2651 Stra-

154 2669 201 2706 bo
213 2696 222 2714 ,
241 2669 353 2712 Vlll,
372 2683 404 2716 p.
422 2671 658 2717 593.-Ill1·us
671 2673 750 2710 σοι’,
768 2669 835 2704 ho-

156 2723 295 2757 minum
316 2721 406 2756 illius
425 2722 540 2756 oevi—
554 2723 770 2761 Incumbens,
796 2728 836 2756 ut

158 2775 209 2811 XI
218 2801 228 2818 ,
238 2775 359 2820 657.-
370 2773 417 2809 Et
427 2774 586 2809 membra
596 2786 711 2810 somno
717 2778 836 2819 gravia

890 1148 1109 1194 etsoporipse
1117 1152 1241 1193 gravis,
1252 1148 1332 1194 quia
1340 1148 1572 1186 redditmem-

889 1201 952 1235 bra
977 1200 1102 1247 gravia.
1130 1199 1300 1235 Gravitati
1328 1203 1574 1238 accommoda-

890 1260 967 1288 tum
987 1260 1038 1289 est
1058 1256 1092 1289 τὲ
1106 1266 1260 1297 pressum
1273 1281 1280 1291 .
1310 1266 1373 1299 pro
1393 1267 1463 1300 quo
1483 1269 1574 1291 unus

890 1304 1074 1340 RIediceus
1091 1313 1125 1340 et
1142 1318 1208 1340 sec.
1226 1305 1479 1342 Ambrosianus
1491 1321 1575 1342 mer-

889 1369 972 1391 sum.
986 1375 1029 1383 ——-
1051 1359 1206 1402 Clamg'er
1219 1365 1278 1392 aut
1292 1360 1492 1402 clavigerum
1511 1373 1576 1394 nu·-

890 1423 965 1444 men
982 1437 991 1452 ,
1017 1423 1080 1456 pro
1106 1411 1261 1445 Hercule
1276 1437 1285 1454 ,
1311 1412 1453 1446 obvium
1482 1412 1576 1458 apud

891 1469 1021 1508 poetas.
1042 1462 1146 1508 Apud
1171 1462 1287 1497 schol.
1309 1462 1551 1509 Aristophanis
1564 1491 1574 1508 ,

893 1514 936 1549 ad
948 1514 1040 1549 Nub.
1053 1514 1131 1560 370,
1145 1514 1317 1562 Myscelos
1329 1516 1470 1550 oraculo
1480 1517 1576 1562 jube-

892 1572 950 1600 tur
962 1566 1086 1600 urbem
1101 1566 1253 1601 condere
1266 1592 1275 1609 ,
1295 1579 1365 1611 quo
1375 1567 1450 1602 loco
1461 1568 1576 1614 ipsum

891 1616 1006 1651 imber
1031 1618 1114 1652 caelo
1139 1631 1265 1654 sereno
1290 1619 1576 1664 deprehenderit.

893 1669 995 1704 Idem
1009 1671 1189 1705 oraculum
1202 1671 1245 1707 de
1257 1671 1474 1716 Phalantho,
1495 1672 1576 1707 Ta-

892 1722 985 1757 renti
1003 1722 1185 1758 conditore
1199 1751 1208 1767 ‚
1234 1718 1344 1759 refert
1361 1724 1550 1759 Pausanias
1564 1750 1575 1769 ,

894 1773 1003 1809 Phoc.
1022 1788 1055 1820 p.
1078 1777 1152 1810 822.
1174 1776 1355 1811 Videntur
1371 1783 1489 1810 autem
1506 1776 1578 1811 ha·—

892 1840 974 1861 rum
992 1827 1143 1862 duarum
1157 1829 1299 1863 urbium
1316 1829 1467 1875 origines
1483 1842 1578 1864 con-

893 1879 980 1914 fusae
997 1893 1069 1915 esse
1089 1893 1107 1914 a
1122 1881 1307 1916 veteribus.
1328 1882 1451 1926 Itaque
1470 1882 1578 1917 etiam

894 1931 1097 1966 Lactantius
1114 1932 1151 1967 in
1169 1933 1255 1979 Arg.
1274 1933 1364 1968 hanc
1380 1933 1450 1968 fab.
1462 1933 1577 1970 addit:

896 1997 914 2014 «ι
932 1984 965 2018 Α
993 1984 1151 2030 proximo
1178 1985 1339 2030 tumulo,
1363 1985 1418 2020 cui
1443 1986 1577 2031 Tares,

897 2052 915 2069 »
936 2038 1093 2084 Neptuni
1126 2038 1217 2074 filius
1231 2066 1240 2084 ,
1271 2039 1449 2085 subjectus
1476 2047 1552 2075 erat
1567 2066 1577 2084 ‚

896 2105 914 2121 »
936 2091 1133 2126 Tarentum
1149 2092 1387 2127 nominavit.»

940 2158 993 2178 22.
1001 2146 1154 2185 Patrius,
1175 2159 1239 2190 age
1249 2173 1257 2181 .
1269 2174 1276 2182 .
1286 2172 1295 2179 .
1308 2149 1444 2182 AEcaris
1457 2150 1578 2184 undas.

897 2196 949 2232 Ita
967 2196 1130 2232 ordinem
1144 2199 1338 2233 verborum
1357 2213 1398 2234 ex
1419 2201 1582 2235 Palatino

896 2249 1153 2284 restituendum
1171 2251 1305 2297 primus
1318 2253 1458 2288 monuit
1474 2253 1580 2288 Gru-

895 2308 991 2337 terus
1007 2329 1016 2346 ,
1047 2303 1262 2349 adprobante
1291 2305 1440 2340 Heinsio
1458 2321 1467 2348 ;
1495 2307 1580 2342 olim

897 2355 1068 2391 edebatur
1079 2369 1087 2391 ε
1100 2358 1294 2402 lapidosas
1305 2360 1440 2393 AEsartlr
1450 2362 1560 2394 undas
1570 2387 1580 2402 ,

897 2410 930 2447 1,
947 2417 1025 2452 pete
1042 2411 1183 2451 d1i³crsi‚·
1198 2414 1350 2454 patrias,
1368 2424 1446 2455 age,
1467 2415 1581 2446 desem

896 2462 1004 2495 sedes.
1020 2480 1064 2488 -—
1081 2463 1236 2498 Priscam
1264 2463 1451 2498 lectionem
1475 2465 1582 2499 habet

898 2512 1007 2548 codex
1027 2514 1158 2560 Regius
1178 2515 1232 2556 A;
1258 2516 1491 2550 recentiorem
1515 2529 1581 2551 au-

898 2572 971 2600 tem
982 2565 1090 2601 codex
1104 2567 1135 2601 B
1146 2593 1155 2610 ,
1172 2567 1232 2601 sed
1246 2580 1264 2601 a
1278 2580 1387 2602 manu
1403 2569 1556 2603 secunda
1568 2595 1578 2612 ,

899 2618 1005 2663 priori
1022 2619 1338 2659 erasa—Diversi,
1357 2619 1393 2654 in
1408 2620 1481 2655 aliis
1494 2621 1580 2664 ,iis-

901 2683 968 2715 que
985 2670 1127 2705 remotis
1137 2671 1237 2705 terris
1249 2669 1410 2713 ssuentis;
1426 2673 1461 2707 II
1472 2699 1482 2716 ‚
1493 2674 1558 2708 323
1569 2699 1579 2717 ,

901 2722 1086 2757 Phaethon
1102 2722 1278 2768 reperitur
1294 2725 1425 2759 diverso
1438 2728 1475 2759 in
1494 2728 1583 2760 orbe.

901 2775 1058 2809 —AEsar
1070 2773 1149 2810 alias
1165 2776 1325 2818 (Erat-ns,
1346 2781 1493 2827 Δῖσαρος,
1511 2790 1581 2814 vo-
