1820 3106
276 218 363 275 448

653 220 707 263 Ρ.
742 219 980 265 OVIDII
1016 219 1315 266 NASONIS

279 336 303 357 »
331 315 426 363 Aut
447 314 638 381 aliquem
662 334 685 363 e
708 315 863 372 sociis,
889 315 937 363 in
961 334 1091 382 quem
1113 335 1208 365 mea
1233 317 1379 366 saeviat
1399 317 1487 376 ira3

278 416 302 437 >›
330 393 508 441 Viscera
529 393 653 459 cujus
678 393 829 450 edam3
857 393 982 459 cujus
1007 394 1193 443 viventia
1217 394 1369 444 dextra

277 493 301 514 »
327 471 532 519 Membra
554 490 647 519 mea
671 471 855 528 laniem,
882 471 1007 537 cujus
1030 472 1139 520 mihi
1163 471 1341 536 Sanguis
1366 472 1553 522 inundet

1634 486 1695 535 ¹95

276 570 300 591 »
330 549 520 606 Guttur,
545 560 589 596 et
611 548 708 597 elisi
733 548 953 615 trepident
976 549 1059 598 sub
1085 546 1299 599 dentibus
1316 563 1459 610 artus;

276 647 300 668 >›
329 626 477 688 Quam
491 624 685 683 nullum,
699 637 776 674 aut
794 625 885 674 leve
903 626 960 674 sit
979 627 1187 675 damnum
1202 628 1312 676 mihi
1329 627 1441 677 lucis
1453 628 1654 677 ademtae!
1672 651 1694 672 »

273 703 401 762 Haec,
425 715 470 751 et
490 702 616 769 plura
646 702 770 751 ferox
795 724 805 751 :
832 722 902 751 me
922 703 1095 752 luridus
1120 717 1306 771 occupat
1325 705 1511 766 horror,

273 780 554 846 Spectantem
579 779 728 828 vultus
752 781 992 829 etiamnum
1014 781 1128 829 caede
1151 782 1376 831 madentes
1390 819 1403 841 ‚

275 856 576 923 Crudelesque
598 876 753 905 manus
768 895 779 916 ‚
808 870 852 906 et
874 858 1047 906 inanem
1069 857 1250 908 luminis
1275 860 1428 908 orbem
1443 897 1455 918 ‚

1633 885 1701 910 200

272 934 564 1000 Membraque
580 972 592 992 ‚
617 946 660 982 et
680 934 876 983 humano
901 948 1153 984 concretam
1176 936 1390 1000 sanguine
1412 937 1609 986 barbam.

273 1014 402 1061 Mors
428 1024 519 1060 erat
543 1023 643 1060 ante
663 1011 844 1070 oculos;
870 1013 1103 1062 minimum
1128 1026 1271 1062 tamen
1294 1013 1368 1063 illa
1391 1014 1632 1064 malorum:

273 1093 334 1139 Et
352 1091 440 1156 jam
463 1109 725 1156 prensumm
741 1127 752 1148 ‚
777 1090 952 1156 jamjam
972 1111 1068 1140 mea
1087 1093 1252 1155 viscera
1269 1093 1400 1142 rebar

269 1171 324 1216 ln
349 1187 427 1216 sua
444 1187 688 1217 mersurum
706 1188 716 1226 ;
739 1168 964 1235 mentique
986 1170 1181 1218 haerebat
1203 1170 1349 1234 imago

274 1245 510 1312 Temporis
531 1245 651 1294 illius
667 1283 678 1304 ,
705 1265 794 1312 quo
818 1246 909 1294 vidi
934 1246 1039 1294 bina
1061 1266 1260 1296 meorum

1634 1261 1699 1296 205

269 1325 358 1371 Ter
385 1336 540 1390 quater
559 1323 707 1387 adfligi
729 1324 952 1372 sociorum
977 1343 1164 1391 corpora
1187 1336 1339 1384 terrae3

270 1422 438 1458 sollemne
455 1423 498 1458 de
516 1423 715 1467 profluente
736 1426 834 1464 tabo,
863 1436 951 1457 san-

271 1476 387 1523 guine.
407 1476 555 1510 Lenzius
569 1475 728 1520 intelligit
745 1476 953 1521 sanguinem

270 1540 440 1564 caesorum
467 1527 600 1573 Ulyssis
624 1527 810 1561 sociorum.
830 1527 951 1573 Potius

271 1594 313 1616 ex
328 1579 430 1615 oculo
445 1578 586 1613 effosso.
603 1579 680 1623 Ipse
697 1578 803 1613 vectis
822 1578 954 1623 oleagi-

271 1647 338 1669 nus
350 1659 359 1677 ‚
378 1646 448 1678 quo
462 1633 696 1667 terebraverat
712 1632 854 1679 Ulysses
868 1645 952 1666 ocu-

272 1687 348 1721 lum
360 1712 369 1730 ,
394 1687 573 1734 πεφυρμένος
590 1689 700 1728 αἵματι
724 1689 821 1731 πολλῷ
833 1709 843 1727 ‚
864 1684 951 1717 Ho-

274 1751 362 1773 mer.
377 1751 466 1772 vers.
483 1737 558 1783 397.

321 1792 393 1838 194.
409 1792 547 1825 Viscera
563 1791 661 1834 cujus
675 1791 783 1823 edam.
797 1789 879 1823 Hoc
891 1801 952 1834 per

273 1850 388 1889 partes
397 1842 548 1887 cogitare
565 1841 760 1886 jucundum
773 1848 824 1875 est
833 1840 952 1875 animo

270 1897 322 1930 ira
342 1895 485 1929 furenti.
501 1896 623 1939 Itaque
640 1894 849 1928 immoratur
864 1894 953 1927 ima-

275 1947 347 1993 gini
368 1946 448 1981 huic,
464 1945 566 1980 foedae
582 1971 593 1989 ,
622 1946 721 1990 cujus
741 1948 886 1980 viventia
898 1972 906 1979 .
920 1971 928 1978 .
944 1971 952 1979 .

272 2007 378 2035 artur.
393 2019 437 2025 —-
454 2000 524 2034 Pro
543 2001 725 2041 trepident,
749 1998 953 2033 Basileensis

273 2057 450 2098 crepitent,
478 2051 571 2097 quod
589 2065 662 2085 non
681 2050 835 2096 displicet
851 2052 953 2086 Bur-

276 2117 432 2144 manno;
460 2103 520 2138 sed
545 2105 709 2146 trepident
729 2116 747 2136 e
777 2102 924 2146 Virgilio
941 2129 951 2146 ,

275 2169 364 2191 vers.
388 2156 450 2199 627
477 2168 486 2189 ι
510 2157 586 2188 vidi
605 2161 679 2188 atro
695 2167 793 2198 quum
809 2157 954 2188 membra

264 2211 409 2254 fluentia
423 2209 501 2241 tabo
513 2207 705 2244 blanderet,
722 2212 757 2239 et
769 2208 877 2248 tepidi
882 2212 952 2240 tre-

274 2266 398 2295 merent
407 2261 468 2293 sab
483 2260 635 2292 dentibus
645 2263 748 2292 artas.
770 2258 841 2291 Pro
852 2260 956 2300 tepidi

275 2314 403 2348 Noster
420 2311 545 2345 melius
559 2313 653 2351 ἒΙιζςί,
678 2309 772 2355 quod
788 2311 953 2346 convenit

274 2365 356 2400 huic
369 2363 491 2397 mortis
508 2362 638 2407 generi.

322 2416 392 2464 198.
423 2416 568 2449 Lurt'dus
587 2416 707 2448 horror.
724 2413 871 2448 Plurimi
893 2425 951 2447 er·-

275 2480 347 2507 ror,
374 2465 468 2512 quod
492 2465 719 2499 Burmannus
739 2464 782 2498 de
800 2464 951 2509 ealigine

276 2518 367 2564 capit
382 2544 391 2561 ,
422 2530 500 2562 quae
523 2517 629 2552 oculis
654 2516 862 2552 offunditur.
897 2516 951 2551 De

276 2585 348 2606 voc.
370 2573 499 2606 luridus
518 2570 595 2605 vide
613 2570 656 2605 ad
681 2571 771 2605 XIII
786 2596 795 2613 ‚
819 2570 893 2603 851.
910 2588 953 2595 -—-

276 2624 633 2669 Membraque.Vocab.
648 2623 784 2669 generis
795 2634 883 2667 saepe
896 2635 953 2666 po-

276 2676 374 2710 nitur
400 2675 493 2710 inter
515 2675 656 2709 vocabb.
682 2674 845 2719 partium.
870 2674 952 2708 Non

275 2727 381 2772 igitur
396 2733 493 2771 erat,
515 2740 579 2762 cur
601 2725 822 2772 Schepperus
836 2725 953 2760 corri-

1017 1430 1113 1469 geret
1127 1450 1136 1467 ,
1154 1425 1345 1470 mutaque.
1363 1443 1407 1452 --
1425 1426 1589 1460 Concreta
1612 1435 1699 1460 san-

1013 1480 1114 1520 guine
1127 1479 1232 1511 barba
1247 1477 1354 1512 etiam
1371 1478 1445 1512 XII
1458 1504 1467 1521 ‚
1492 1490 1566 1524 279.

1060 1540 1134 1562 202.
1164 1530 1341 1563 M'nimum
1363 1535 1475 1564 tamen
1498 1531 1563 1563 illa
1589 1532 1700 1565 malo-

1014 1593 1084 1613 rum
1102 1591 1115 1621 ‚·
1132 1579 1235 1624 vulgo
1250 1583 1313 1615 illa
1328 1583 1474 1623 dol071155
1490 1581 1698 1617 Basileensis

1015 1634 1163 1666 laborum
1183 1642 1196 1673 ,·
1220 1632 1375 1668 Urbinas
1402 1639 1483 1667 ante
1509 1636 1672 1668 malorum
1685 1660 1696 1675 ‚

1016 1690 1055 1717 ut
1079 1683 1170 1728 apud
1194 1683 1315 1729 Virgil.
1333 1683 1476 1718 AEneid.
1500 1684 1540 1728 I,
1568 1685 1699 1732 198.—

1019 1734 1140 1769 Codex
1161 1735 1290 1781 Regius
1307 1736 1339 1770 A
1357 1738 1421 1770 illa
1435 1739 1621 1779 malorum,·
1636 1749 1699 1772 co·-

1017 1787 1083 1821 dex
1102 1787 1132 1822 B
1147 1791 1225 1832 ipsa
1240 1790 1375 1822 doloris.
1393 1788 1572 1823 stlinimmn
1586 1795 1697 1823 tamen

1015 1843 1078 1874 illa
1085 1842 1245 1874 malorum
1257 1851 1270 1881 ‚·
1287 1840 1367 1885 quia
1377 1840 1503 1874 timore
1514 1853 1634 1875 sensus
1644 1847 1699 1875 at-

1018 1905 1085 1938 que
1097 1892 1234 1926 animus
1245 1891 1335 1927 illius
1345 1892 1392 1926 ita
1405 1891 1562 1937 impediti
1573 1899 1673 1927 erant
1685 1919 1696 1937 ,

1017 1953 1057 1980 ut
1068 1953 1181 1981 morte
1192 1945 1381 1980 minimum
1392 1945 1698 1989 moveretur,dum

1016 2006 1140 2033 caetera
1151 2011 1228 2044 quae
1242 1997 1388 2041 viderat,
1401 2011 1613 2043 quamquam
1625 2011 1697 2033 me-

1017 2053 1136 2087 tuebat
1149 2079 1158 2095 ,
1177 2053 1239 2087 sibi
1258 2052 1328 2097 ipse
1351 2059 1431 2086 ante
1448 2052 1563 2086 oculos
1579 2065 1697 2097 pone—

1017 2112 1071 2139 ret
1082 2119 1090 2145 ;
1103 2104 1187 2149 quin
1200 2110 1235 2137 et
1251 2110 1404 2138 mortem
1416 2110 1552 2149 optaret
1562 2104 1675 2149 potius
1684 2129 1694 2147 ,

1017 2168 1122 2201 quam
1143 2163 1267 2190 caetera
1283 2154 1338 2189 illa
1358 2156 1555 2190 sustineret.
1571 2157 1636 2190 Ed.
1652 2174 1697 2182 —

1015 2208 1169 2251 Jamjam
1182 2221 1255 2242 mea
1266 2211 1396 2242 viscera
1406 2214 1469 2242 etc.
1481 2207 1558 2241 vide
1570 2207 1611 2242 ad
1627 2209 1693 2252 VI,

1016 2261 1077 2295 651
1099 2268 1133 2295 et
1149 2261 1222 2304 664.
1239 2279 1285 2286 ·-
1303 2262 1438 2304 Imago,
1462 2267 1501 2294 ut
1519 2260 1595 2304 XI,
1619 2262 1694 2307 427.

1017 2332 1059 2338 —
1074 2314 1165 2346 Bina
1191 2325 1329 2356 corpora
1352 2315 1516 2346 sociorum
1542 2311 1665 2346 melius
1681 2338 1690 2353 ,

1017 2377 1122 2409 quam
1133 2365 1233 2398 binos
1246 2364 1364 2398 socios.
1382 2363 1489 2397 Multi
1500 2365 1554 2408 (et
1565 2363 1695 2408 Regius

1016 2423 1135 2450 noster
1153 2416 1181 2449 A
1197 2417 1210 2459 )
1235 2419 1312 2450 νίνα
1327 2428 1466 2458 corpora
1479 2441 1487 2454 ‚
1508 2414 1599 2459 quod
1621 2414 1696 2459 pla-

1016 2468 1114 2502 cebat
1124 2467 1295 2511 Mariang.
1309 2466 1500 2500 Accurs.—
1512 2466 1695 2510 Quoniam

1017 2519 1108 2564 apud
1135 2519 1334 2553 Homerum
1355 2524 1417 2552 ⁴ter
1443 2525 1543 2552 vorat
1566 2518 1665 2553 binos
1682 2544 1692 2564 ,

1016 2577 1201 2616 propterea
1229 2570 1335 2605 etiam
1365 2569 1431 2603 hoc
1459 2569 1535 2604 loco
1552 2570 1695 2615 quidam

1017 2621 1236 2666 distinguunt
1247 2628 1322 2666 post
1332 2627 1389 2656 ter.
1404 2621 1532 2656 Melius
1549 2622 1695 2665 Terqua·

1015 2680 1067 2707 ter
1088 2674 1352 2718 conjunguntur
1366 2699 1376 2714 ‚
1403 2686 1469 2707 nec
1499 2672 1667 2708 definitur
1682 2699 1692 2716 ,

1017 2726 1150 2769 quoties
1167 2737 1300 2760 coenam
1316 2724 1379 2759 sibi
1396 2725 1567 2769 paraverit
1587 2738 1606 2759 e
1628 2737 1691 2758 so·-
