1820 3106
405 259 1105 308 METAMORPHOSEON
1137 261 1275 306 LIB.
1312 262 1374 305 X.

1516 261 1601 305 153-

161 357 309 422 Quam
332 355 438 420 satis
455 355 511 404 ad
531 374 712 423 superas
735 368 972 423 postquam
997 355 1293 423 Rhodopeius
1315 373 1443 404 auras

159 435 348 486 Deflevit
369 445 516 492 vates3
540 453 598 483 ne
619 453 713 483 non
735 445 924 483 tentaret
947 446 989 483 et
1010 434 1191 483 umbras
1207 472 1223 493 ,

159 513 232 563 Ad
254 513 389 580 Styga
413 512 613 561 Taenaria
636 524 702 562 est
720 532 856 562 ausus
879 512 1138 563 descendere
1160 524 1313 580 porta3

158 591 330 658 Perque
348 589 709 659 leves‘populos‚
736 590 1055 659 simulacraque
1080 590 1233 640 functa
1258 587 1472 657 sepulcris
1488 626 1500 649 7

157 669 472 738 Persephonen
496 669 631 728 adiit,
656 669 964 737 inamoenaque
985 687 1118 732 regna
1141 681 1363 717 tenentem
1556 680 1596 714 15

156 746 427 795 Umbrarum
449 746 677 796 dominum
697 766 708 806 ;
730 746 962 814 pulsisque
987 746 1043 795 ad
1066 745 1259 813 carmina
1278 744 1423 794 nervis

154 824 228 874 Sic
250 824 312 873 ait
331 845 340 873 :
370 847 393 868 «
423 826 466 874 Ο
488 825 625 892 positi
647 825 733 874 sub
757 838 872 875 terra
895 825 1079 874 numina
1103 823 1256 873 mundi
1272 862 1284 883 ‚

154 904 208 960 In
233 923 365 972 quem
385 902 623 953 recidimus
647 903 865 973 quidquid
888 903 1073 953 mortale
1095 922 1295 953 creamur
1310 941 1324 963 ‚

201 1063 252 1087 11.
279 1051 507 1094 Rhodopeius.
521 1080 523 1082 .
538 1048 707 1095 Orpheus
738 1056 844 1095 poeta

155 1102 329 1138 Thracius
353 1115 362 1137 ε
391 1101 566 1148 Rhodope
595 1108 715 1136 autem
738 1114 843 1136 mons

154 1162 206 1190 est
218 1154 379 1190 Thraciae
393 1154 588 1189 altissimus.
597 1153 842 1188 Ed.—Adsu-

147 1221 253 1253 peras
273 1221 388 1243 auras.
407 1207 559 1242 Lenzius
581 1219 726 1253 superos
746 1206 844 1241 Deos

155 1260 336 1307 intelligit;
355 1260 471 1306 potius
482 1267 552 1304 est,
570 1260 665 1295 inter
674 1259 771 1294 vivos
782 1284 791 1302 ,
804 1258 842 1292 in

155 1320 251 1349 terra
262 1327 271 1356 ;
289 1313 435 1349 AEneid.
447 1313 501 1348 VI
514 1340 523 1358 ,
537 1314 596 1358 481
605 1339 614 1356 ‚
626 1315 765 1347 multum
766 1314 849 1357 fleti

155 1368 207 1400 ad
226 1379 390 1411 superos:
412 1365 492 1407 vide
513 1365 693 1400 Drakenb.
715 1363 758 1399 ad
780 1363 843 1399 Sil.

156 1419 273 1463 XIII,
289 1418 367 1453 606.
386 1419 439 1454 lta
456 1424 492 1453 et
508 1417 607 1464 Virg.
622 1417 754 1463 Georg.
771 1417 840 1461 IV,

154 1470 241 1515 486,
266 1472 438 1518 Eurydice
458 1482 597 1520 superas
619 1472 776 1505 vemt-bat
794 1471 846 1503 ad

153 1537 314 1560 auras.—
320 1525 478 1559 Tentare!
485 1525 630 1563 umbras,
643 1536 686 1569 pe
690 1522 840 1557 riculum

152 1578 302 1621 faceret,
318 1589 365 1611 an
382 1582 489 1611 cantu
504 1576 581 1622 capi
598 1582 633 1610 et
647 1574 741 1610 flecti
758 1588 842 1621 pos—

150 1641 213 1665 sen
217 1635 242 1663 t.
248 1627 303 1664 Ita
310 1634 346 1664 et
353 1627 642 1672 experiridicitur,
652 1634 691 1662 ut
698 1629 846 1672 experiri

150 1684 300 1716 animam
311 1684 463 1721 vti-toris,
472 1680 599 1715 Vellei.
612 1680 661 1725 11,
674 1691 839 1724 Lxxxvn,

151 1735 192 1777 3;
213 1733 356 1770 Tenlare
365 1735 522 1778 precibus
537 1733 648 1776 infra,
667 1733 743 1777 XI,
764 1734 839 1782 239·

150 1787 374 1827 -Taenarus,
387 1785 572 1820 umbrosus
583 1797 705 1830 specus
714 1784 751 1819 in
763 1785 840 1819 Ma-

149 1837 204 1874 lea
220 1837 468 1884 promontorio
478 1863 488 1881 ,
503 1850 566 1883 per
578 1850 686 1883 quern
698 1837 841 1872 descen-

150 1903 209 1926 sus
226 1890 268 1925 ad
285 1891 428 1926 inferos.
447 1889 617 1936 Orpheus
635 1889 769 1935 Argon.
785 1891 839 1933 4¹·

151 1950 323 1994 Ταίναρον,
351 1942 426 1985 ἡνίκ’
443 1947 514 1984 ἵόην
531 1949 653 1984 σκοτίην
671 1945 737 1979 ὁδὸν
755 1944 841 1982 ἅῖδος

153 2003 246 2043 εἵσω,
265 1990 401 2048 silan-{pp
419 2003 541 2038 πίσυνος
557 1999 663 2048 κιθάρῃ
683 2004 748 2032 etc.
766 1999 841 2032 Ta-

152 2055 252 2087 naria
259 2059 378 2097 porta,
395 2065 458 2098 per
469 2051 669 2088 Taenariam
687 2058 839 2097 portam.

199 2108 249 2150 14.
274 2107 382 2141 leves
398 2108 562 2152 populos,
591 2106 662 2141 scil.
686 2106 839 2140 umbra-

152 2170 235 2192 rum
247 2183 258 2201 ‚
274 2171 353 2204 quae
364 2161 431 2193 levi
438 2185 446 2199 ,
460 2158 495 2193 id
511 2165 564 2194 est
573 2184 583 2202 ‚
598 2158 698 2194 tenui
711 2165 746 2193 et
758 2171 840 2193 um·-

153 2210 288 2246 bratico
313 2224 461 2257 corpore
486 2212 622 2247 indutae
646 2212 838 2255 incedunt;

155 2264 282 2299 Horat.
295 2264 331 2307 I,
346 2263 418 2299 Od.
428 2275 450 2298 x
463 2291 473 2308 ‚
495 2265 534 2298 18
547 2291 556 2308 ,
575 2268 659 2299 Ievis
674 2268 781 2300 turba.
796 2284 841 2292 —

152 2317 331 2361 Sepulcris.
358 2316 460 2363 Regii
484 2316 595 2352 nostri
620 2320 781 2362 sepulcro.
796 2336 842 2345 —

151 2370 395 2414 Persephonen.
424 2369 686 2415 Proserpinam.
715 2371 782 2404 Ed.
796 2389 841 2396 —

152 2424 404 2468 Jnamoenaque.
421 2422 613 2458 Boxhornii
626 2449 636 2466 ,
651 2428 686 2457 et
696 2426 836 2466 inonia‚·

154 2480 191 2510 et
207 2475 335 2520 passim
351 2478 455 2510 inane
468 2488 603 2520 regnum
619 2474 762 2510 Plutoni
778 2475 841 2510 tri-

153 2527 286 2563 buitur.
311 2528 417 2563 Unus
448 2527 713 2574 Langermanni
739 2541 840 2573 regua

153 2587 358 2616 tuentem.--
368 2581 469 2627 Regii
486 2581 597 2616 nostri
613 2584 842 2626 mama-nuque

153 2646 257 2678 regna
271 2639 443 2668 tenentem.
456 2652 501 2659 —
514 2633 570 2668 De
585 2636 766 2668 inamoenis
780 2647 841 2668 rc-

152 2689 232 2730 gnis
247 2684 323 2720 redi
339 2685 381 2719 ad
401 2685 470 2729 lv,
487 2686 561 2732 476.
578 2704 622 2711 -
642 2687 840 2721 Umbrarum

155 2740 335 2773 domiuum.
356 2737 558 2773 Plutonem.
576 2739 641 2772 Ed.

204 2803 253 2835 ¹7·
272 2791 410 2833 Pulsis;
437 2790 578 2836 pulsatis
594 2804 600 2827 :
618 2791 762 2835 confer,
782 2791 816 2826 V
830 2816 840 2835 ,

909 1050 986 1094 340.
997 1068 1042 1076 -
1053 1049 1150 1094 Ergo
1171 1047 1322 1082 formula
1342 1047 1401 1082 Sic
1417 1049 1473 1080 aii
1488 1045 1595 1081 etiam

909 1102 1137 1148 praemittitur
1146 1099 1320 1142 orationi,
1337 1097 1432 1145 quod
1445 1099 1594 1145 negabat

911 1154 1141 1188 Burmannus
1158 1151 1200 1185 ad
1216 1151 1310 1186 VIII
1327 1177 1337 1195 ,
1363 1151 1438 1185 618.
1464 1149 1596 1185 Omnis

911 1212 1030 1241 autem
1044 1232 1053 1250 ,
1067 1218 1144 1251 quae
1153 1204 1312 1250 sequitur
1344 1204 1457 1239 oratio
1468 1210 1597 1239 attem—

909 1266 1029 1304 perata
1052 1258 1132 1293 satis
1155 1264 1207 1292 est
1232 1231 1377 1292 consilio
1393 1256 1597 1302 Orphei.—

909 1311 997 1345 Mox
1013 1310 1140 1356 ambigi
1159 1316 1274 1356 potest
1291 1335 1301 1353 ,
1326 1316 1447 1343 utrum
1464 1309 1593 1355 vulga-

909 1371 986 1398 tum
1008 1365 1193 1398 decidimus
1218 1362 1386 1397 defendas
1402 1389 1412 1406 ,
1439 1375 1483 1397 an
1511 1375 1594 1397 cum

910 1415 1061 1450 Heinsio
1082 1417 1261 1450 recidimus
1283 1415 1447 1460 praeseras
1463 1440 1472 1458 ,
1499 1413 1595 1459 quod

908 1476 944 1504 et
960 1469 1074 1515 ipsum
1091 1469 1321 1514 antiquorum
1341 1468 1440 1504 MSS
1466 1475 1595 1502 aucto-

906 1522 1010 1556 ritate
1022 1535 1058 1556 se
1069 1528 1200 1557 tuetur.
1217 1521 1264 1556 Et
1278 1519 1410 1567 placitis
1423 1520 1595 1555 Heracliti

907 1576 1050 1618 omnia,
1072 1588 1150 1621 quae
1165 1575 1310 1610 interire
1337 1575 1391 1609 vel
1415 1574 1507 1608 mori
1533 1574 1593 1608 vi-

907 1628 1039 1663 dentur
1051 1655 1061 1673 ,
1085 1629 1121 1664 iu
1139 1630 1219 1676 ᾅῶιν
1234 1630 1394 1664 recidunt.
1419 1626 1494 1662 Cic.
1512 1627 1593 1662 Nat.

907 1681 953 1717 D.
966 1682 1003 1717 ΙΙ
1013 1708 1023 1725 ,
1038 1682 1091 1716 26.
1101 1681 1288 1716 «Terrena
1299 1681 1349 1716 vis
1360 1680 1476 1715 omnis
1487 1687 1594 1725 atque

907 1748 925 1765 »
942 1741 1069 1769 natura
1080 1734 1156 1770 Diti
1169 1735 1258 1781 patri
1275 1734 1433 1769 dedicata
1448 1741 1519 1768 est:
1532 1733 1593 1779 qui

907 1801 927 1818 ³»
942 1787 1051 1823 Dives
1069 1814 1078 1832 ,
1106 1794 1145 1822 ut
1164 1787 1255 1833 apud
1273 1786 1415 1821 Graecos
1431 1789 1569 1822 Πλούτων
1582 1812 1594 1829 ,

907 1854 926 1870 »
945 1840 1025 1885 quia
1043 1847 1079 1875 et
1096 1840 1255 1875 recidant
1272 1839 1391 1874 omnia
1405 1839 1442 1873 in
1461 1846 1570 1874 terras
1582 1865 1592 1881 ,

907 1907 926 1923 ν
945 1900 980 1928 et
992 1894 1151 1928 oriantur
1163 1906 1181 1928 e
1193 1893 1305 1928 terris.
1318 1907 1335 1923 »
1350 1891 1535 1927 Claudian.
1548 1892 1592 1927 R.

907 1947 1006 1982 Pros.
1018 1948 1034 1982 Ι
1047 1974 1056 1991 ,
1067 1950 1122 1994 57,
1133 1946 1177 1982 de
1190 1947 1344 1982 Plutone
1354 1972 1364 1990 ,
1379 1959 1396 1976 «
1409 1946 1468 1991 qui
1479 1945 1591 1980 finem

907 2014 926 2030 ι»
943 2000 1077 2035 cunctis
1103 2007 1139 2035 et
1162 2000 1298 2035 semina
1320 1999 1474 2045 praebes,
1493 1999 1590 2034 Nas-

908 2067 926 2083 »
943 2052 1117 2098 cendique
1134 2053 1226 2088 vices
1242 2051 1375 2086 alterna
1392 2058 1508 2086 morte
1526 2064 1592 2086 re·-

906 2120 924 2137 »
942 2105 1067 2152 pendis
1086 2119 1094 2141 :
1114 2105 1189 2151 Qui
1206 2105 1318 2140 vitam
1333 2105 1516 2149 letumque
1533 2117 1594 2138 re-

907 2172 925 2189 »
944 2159 1014 2205 gis;
1034 2171 1118 2193 nam
1134 2156 1304 2204 quidquid
1322 2157 1451 2202 ubique
1469 2156 1593 2202 Gignit

907 2226 925 2242 »
943 2213 1107 2247 materies
1121 2239 1130 2255 ,
1146 2212 1213 2246 hoc
1226 2219 1259 2246 te
1271 2210 1426 2245 donante
1437 2217 1589 2252 creatur,

907 2278 924 2294 >³
942 2264 1174 2310 Debeturque
1188 2263 1249 2299 tibi
1260 2290 1269 2307 ,
1284 2263 1455 2308 certisque
1469 2262 1591 2296 amba-

905 2331 924 2347 »
942 2317 1041 2364 gibus
1051 2317 1114 2352 aevi
1124 2317 1261 2352 Rursus
1267 2328 1455 2361 corporeos
1464 2314 1590 2349 animae

906 2370 1138 2405 »mittuntur
1158 2370 1196 2404 in
1223 2376 1331 2404 ortus.
1356 2383 1372 2398 »
1400 2367 1494 2412 Quae
1517 2366 1591 2401 loca

905 2421 1103 2457 defendunt
1117 2424 1151 2458 τὲ
1162 2423 1350 2457 recidimus.
1366 2419 1485 2454 Etiam
1498 2418 1589 2462 XII,

906 2474 971 2508 523
983 2499 992 2517 ‚
1019 2487 1083 2519 pro
1109 2476 1276 2508 detrusum
1302 2486 1393 2508 unus
1418 2479 1590 2507 retrusum.

906 2527 1012 2562 Unus
1023 2528 1216 2562 Vaticanus
1234 2527 1338 2562 habet
1354 2531 1391 2562 in
1406 2540 1500 2572 quem
1516 2539 1592 2561 cor-

905 2580 1189 2624 ruimus.—Regii
1208 2580 1319 2615 nostri
1334 2583 1370 2614 in
1386 2592 1481 2625 quem
1497 2584 1590 2614 reci-

905 2635 1070 2667 dimus.--
1075 2635 1249 2678 Quidquid
1260 2635 1401 2667 mortale
1416 2645 1568 2667 creamur
1577 2643 1589 2674 ;

905 2685 1118 2730 quicumque
1135 2685 1302 2720 mortales
1317 2698 1490 2720 creamur.
1508 2684 1588 2719 Lu-

905 2750 1033 2780 canus,
1060 2738 1157 2782 Vll,
1185 2738 1270 2782 363,
1295 2740 1461 2783 quidquid
1473 2739 1589 2771 homi-

904 2803 983 2826 uum
1004 2803 1129 2826 sumus.
1157 2790 1252 2827 Huic
1277 2798 1397 2826 autem
1423 2789 1489 2836 legi
1514 2801 1588 2823 non
