<?xml version="1.0" encoding="UTF-8"?>
<!DOCTYPE html PUBLIC "-//W3C//DTD XHTML 1.0 Transitional//EN"
    "http://www.w3.org/TR/xhtml1/DTD/xhtml1-transitional.dtd">
<html xmlns="http://www.w3.org/1999/xhtml" xml:lang="en" lang="en">
 <head>
  <title>
</title>
<meta http-equiv="Content-Type" content="text/html;charset=utf-8" />
  <meta name='ocr-system' content='tesseract 3.04.00' />
  <meta name='ocr-capabilities' content='ocr_page ocr_carea ocr_par ocr_line ocrx_word'/>
</head>
<body>
  <div class='ocr_page' id='page_1' title='image "./quaeextantomniao04oviduoft_0532.png"; bbox 0 0 1820 3106; ppageno 0'>
   <div class='ocr_carea' id='block_1_1' title="bbox 215 253 303 296">
    <p class='ocr_par' dir='ltr' id='par_1_1' title="bbox 215 253 303 296">
     <span class='ocr_line' id='line_1_1' title="bbox 215 253 303 296; baseline 0.011 -1"><span class='ocrx_word' id='word_1_1' title='bbox 215 253 303 296; x_wconf 77' lang='lat'><strong>518</strong></span> 
     </span>
    </p>
   </div>
   <div class='ocr_carea' id='block_1_2' title="bbox 590 255 1267 302">
    <p class='ocr_par' dir='ltr' id='par_1_2' title="bbox 590 255 1267 302">
     <span class='ocr_line' id='line_1_2' title="bbox 590 255 1267 302; baseline 0.007 -5"><span class='ocrx_word' id='word_1_2' title='bbox 590 255 643 298; x_wconf 88' lang='lat' dir='ltr'><strong>P.</strong></span> <span class='ocrx_word' id='word_1_3' title='bbox 689 255 922 301; x_wconf 88' lang='lat' dir='ltr'>0V1D11</span> <span class='ocrx_word' id='word_1_4' title='bbox 970 255 1267 302; x_wconf 92' lang='lat' dir='ltr'><strong>NASONIS</strong></span> 
     </span>
    </p>
   </div>
   <div class='ocr_carea' id='block_1_3' title="bbox 183 345 1632 950">
    <p class='ocr_par' dir='ltr' id='par_1_3' title="bbox 214 345 1546 489">
     <span class='ocr_line' id='line_1_3' title="bbox 214 345 1546 415; baseline 0.008 -23"><span class='ocrx_word' id='word_1_5' title='bbox 214 345 382 393; x_wconf 81' lang='lat' dir='ltr'><strong>Fundit</strong></span> <span class='ocrx_word' id='word_1_6' title='bbox 405 346 603 410; x_wconf 74' lang='lat' dir='ltr'><strong>Anigrosv</strong></span> <span class='ocrx_word' id='word_1_7' title='bbox 619 365 759 414; x_wconf 88' lang='lat' dir='ltr'><strong>aquas</strong></span> <span class='ocrx_word' id='word_1_8' title='bbox 774 384 786 406; x_wconf 96' lang='lat'><strong>,</strong></span> <span class='ocrx_word' id='word_1_9' title='bbox 811 359 1046 415; x_wconf 84' lang='lat' dir='ltr'><strong>postquam</strong></span> <span class='ocrx_word' id='word_1_10' title='bbox 1061 387 1073 408; x_wconf 90' lang='lat'><strong>,</strong></span> <span class='ocrx_word' id='word_1_11' title='bbox 1098 350 1183 399; x_wconf 87' lang='lat' dir='ltr'><strong>nisi</strong></span> <span class='ocrx_word' id='word_1_12' title='bbox 1205 350 1378 400; x_wconf 84' lang='lat' dir='ltr'><strong>vatibus</strong></span> <span class='ocrx_word' id='word_1_13' title='bbox 1402 353 1546 403; x_wconf 86' lang='lat' dir='ltr'><strong>omnis</strong></span> 
     </span>
     <span class='ocr_line' id='line_1_4' title="bbox 214 422 1185 489; baseline 0.007 -20"><span class='ocrx_word' id='word_1_14' title='bbox 214 422 456 489; x_wconf 85' lang='lat' dir='ltr'><strong>Eripienda</strong></span> <span class='ocrx_word' id='word_1_15' title='bbox 475 423 583 476; x_wconf 80' lang='lat' dir='ltr'><strong>fides</strong></span> <span class='ocrx_word' id='word_1_16' title='bbox 600 462 612 484; x_wconf 97' lang='lat'><strong>,</strong></span> <span class='ocrx_word' id='word_1_17' title='bbox 639 424 728 473; x_wconf 92' lang='lat' dir='ltr'><strong>illic</strong></span> <span class='ocrx_word' id='word_1_18' title='bbox 752 425 892 475; x_wconf 86' lang='lat' dir='ltr'><strong>lavere</strong></span> <span class='ocrx_word' id='word_1_19' title='bbox 915 426 1185 477; x_wconf 87' lang='lat' dir='ltr'><strong>Bimembres</strong></span> 
     </span>
    </p>

    <p class='ocr_par' dir='ltr' id='par_1_4' title="bbox 212 499 1354 569">
     <span class='ocr_line' id='line_1_5' title="bbox 212 499 1354 569; baseline 0.008 -23"><span class='ocrx_word' id='word_1_20' title='bbox 212 499 406 548; x_wconf 86' lang='lat' dir='ltr'>Vulnera</span> <span class='ocrx_word' id='word_1_21' title='bbox 425 539 437 560; x_wconf 92' lang='lat'><strong>,</strong></span> <span class='ocrx_word' id='word_1_22' title='bbox 465 500 668 565; x_wconf 87' lang='lat' dir='ltr'><strong>clavigeri</strong></span> <span class='ocrx_word' id='word_1_23' title='bbox 693 523 789 569; x_wconf 89' lang='lat' dir='ltr'><strong>quae</strong></span> <span class='ocrx_word' id='word_1_24' title='bbox 810 504 970 553; x_wconf 83' lang='lat' dir='ltr'><strong>fecerat</strong></span> <span class='ocrx_word' id='word_1_25' title='bbox 992 504 1194 554; x_wconf 88' lang='lat' dir='ltr'><strong>Herculis</strong></span> <span class='ocrx_word' id='word_1_26' title='bbox 1217 525 1354 555; x_wconf 91' lang='lat' dir='ltr'><strong>arcus.</strong></span> 
     </span>
    </p>

    <p class='ocr_par' dir='ltr' id='par_1_5' title="bbox 183 577 1632 718">
     <span class='ocr_line' id='line_1_6' title="bbox 214 577 1632 648; baseline 0.006 -24"><span class='ocrx_word' id='word_1_27' title='bbox 214 577 373 641; x_wconf 82' lang='lat' dir='ltr'><strong>Quid?</strong></span> <span class='ocrx_word' id='word_1_28' title='bbox 392 599 482 628; x_wconf 90' lang='lat' dir='ltr'><strong>non</strong></span> <span class='ocrx_word' id='word_1_29' title='bbox 505 592 547 628; x_wconf 88' lang='lat' dir='ltr'><strong>et</strong></span> <span class='ocrx_word' id='word_1_30' title='bbox 570 580 785 647; x_wconf 77' lang='lat' dir='ltr'><strong>Scythicis</strong></span> <span class='ocrx_word' id='word_1_31' title='bbox 810 582 1007 648; x_wconf 82' lang='lat' dir='ltr'>Hypanis</span> <span class='ocrx_word' id='word_1_32' title='bbox 1033 582 1084 631; x_wconf 90' lang='lat' dir='ltr'><strong>de</strong></span> <span class='ocrx_word' id='word_1_33' title='bbox 1109 584 1338 633; x_wconf 86' lang='lat' dir='ltr'><strong>montibus</strong></span> <span class='ocrx_word' id='word_1_34' title='bbox 1362 596 1513 645; x_wconf 89' lang='lat' dir='ltr'><strong>ortus,</strong></span> <span class='ocrx_word' id='word_1_35' title='bbox 1566 598 1632 635; x_wconf 73' lang='lat'><strong>235</strong></span> 
     </span>
     <span class='ocr_line' id='line_1_7' title="bbox 183 655 1271 718; baseline 0.007 -17"><span class='ocrx_word' id='word_1_36' title='bbox 183 683 185 690; x_wconf 42' lang='grc' dir='ltr'><em>ι</em></span> <span class='ocrx_word' id='word_1_37' title='bbox 215 655 311 718; x_wconf 79' lang='lat' dir='ltr'><strong>Qui</strong></span> <span class='ocrx_word' id='word_1_38' title='bbox 336 655 477 704; x_wconf 86' lang='lat' dir='ltr'><strong>fuerat</strong></span> <span class='ocrx_word' id='word_1_39' title='bbox 501 657 640 706; x_wconf 90' lang='lat' dir='ltr'><strong>dulcis</strong></span> <span class='ocrx_word' id='word_1_40' title='bbox 656 695 667 716; x_wconf 95' lang='lat'><strong>,</strong></span> <span class='ocrx_word' id='word_1_41' title='bbox 693 658 859 708; x_wconf 90' lang='lat' dir='ltr'><strong>salibus</strong></span> <span class='ocrx_word' id='word_1_42' title='bbox 881 659 1060 707; x_wconf 85' lang='lat' dir='ltr'><strong>vitiatur</strong></span> <span class='ocrx_word' id='word_1_43' title='bbox 1082 660 1271 709; x_wconf 85' lang='lat' dir='ltr'><strong>amaris?</strong></span> 
     </span>
    </p>

    <p class='ocr_par' dir='ltr' id='par_1_6' title="bbox 212 730 1377 803">
     <span class='ocr_line' id='line_1_8' title="bbox 212 730 1377 803; baseline 0.006 -25"><span class='ocrx_word' id='word_1_44' title='bbox 212 730 444 780; x_wconf 82' lang='lat' dir='ltr'><strong>Fluctibus</strong></span> <span class='ocrx_word' id='word_1_45' title='bbox 468 733 642 782; x_wconf 82' lang='lat' dir='ltr'><strong>ambitae</strong></span> <span class='ocrx_word' id='word_1_46' title='bbox 667 734 838 784; x_wconf 82' lang='lat' dir='ltr'><strong>fuerant</strong></span> <span class='ocrx_word' id='word_1_47' title='bbox 855 736 1063 794; x_wconf 87' lang='lat' dir='ltr'><strong>Antissa,</strong></span> <span class='ocrx_word' id='word_1_48' title='bbox 1089 736 1346 803; x_wconf 87' lang='lat' dir='ltr'><strong>Pharosque</strong></span> <span class='ocrx_word' id='word_1_49' title='bbox 1363 775 1377 796; x_wconf 94' lang='lat'><strong>,</strong></span> 
     </span>
    </p>

    <p class='ocr_par' dir='ltr' id='par_1_7' title="bbox 211 809 1484 950">
     <span class='ocr_line' id='line_1_9' title="bbox 212 809 1484 879; baseline 0.007 -24"><span class='ocrx_word' id='word_1_50' title='bbox 212 809 274 855; x_wconf 87' lang='lat' dir='ltr'><strong>Et</strong></span> <span class='ocrx_word' id='word_1_51' title='bbox 299 809 526 858; x_wconf 88' lang='lat' dir='ltr'><strong>Phoenissa</strong></span> <span class='ocrx_word' id='word_1_52' title='bbox 548 812 692 878; x_wconf 86' lang='lat' dir='ltr'><strong>Tyros</strong></span> <span class='ocrx_word' id='word_1_53' title='bbox 710 832 719 870; x_wconf 89' lang='grc'><strong>;</strong></span> <span class='ocrx_word' id='word_1_54' title='bbox 745 832 932 879; x_wconf 90' lang='lat' dir='ltr'><strong>quarum</strong></span> <span class='ocrx_word' id='word_1_55' title='bbox 955 833 1073 863; x_wconf 89' lang='lat' dir='ltr'><strong>nunc</strong></span> <span class='ocrx_word' id='word_1_56' title='bbox 1095 813 1240 865; x_wconf 85' lang='lat' dir='ltr'><strong>insula</strong></span> <span class='ocrx_word' id='word_1_57' title='bbox 1261 814 1383 863; x_wconf 88' lang='lat' dir='ltr'><strong>nulla</strong></span> <span class='ocrx_word' id='word_1_58' title='bbox 1402 827 1484 868; x_wconf 87' lang='lat' dir='ltr'><strong>est.</strong></span> 
     </span>
     <span class='ocr_line' id='line_1_10' title="bbox 211 886 1289 950; baseline 0.007 -17"><span class='ocrx_word' id='word_1_59' title='bbox 211 886 410 935; x_wconf 86' lang='lat' dir='ltr'><strong>Leucada</strong></span> <span class='ocrx_word' id='word_1_60' title='bbox 437 889 691 938; x_wconf 88' lang='lat' dir='ltr'><strong>continuam</strong></span> <span class='ocrx_word' id='word_1_61' title='bbox 713 903 878 940; x_wconf 86' lang='lat' dir='ltr'><strong>veteres</strong></span> <span class='ocrx_word' id='word_1_62' title='bbox 902 891 1094 941; x_wconf 86' lang='lat' dir='ltr'><strong>habuere</strong></span> <span class='ocrx_word' id='word_1_63' title='bbox 1120 891 1289 950; x_wconf 85' lang='lat' dir='ltr'><strong>coloni;</strong></span> 
     </span>
    </p>
   </div>
   <div class='ocr_carea' id='block_1_4' title="bbox 212 964 1461 1037">
    <p class='ocr_par' dir='ltr' id='par_1_8' title="bbox 212 964 1461 1037">
     <span class='ocr_line' id='line_1_11' title="bbox 212 964 1461 1037; baseline 0.006 -27"><span class='ocrx_word' id='word_1_64' title='bbox 212 964 342 1012; x_wconf 90' lang='lat' dir='ltr'><strong>Nunc</strong></span> <span class='ocrx_word' id='word_1_65' title='bbox 365 964 474 1030; x_wconf 81' lang='lat' dir='ltr'><strong>freta</strong></span> <span class='ocrx_word' id='word_1_66' title='bbox 496 967 722 1017; x_wconf 89' lang='lat' dir='ltr'><strong>circueunt</strong></span> <span class='ocrx_word' id='word_1_67' title='bbox 741 988 751 1017; x_wconf 91' lang='lat'>:</span> <span class='ocrx_word' id='word_1_68' title='bbox 773 969 931 1019; x_wconf 80' lang='lat' dir='ltr'><strong>Zancle</strong></span> <span class='ocrx_word' id='word_1_69' title='bbox 955 989 1132 1037; x_wconf 89' lang='lat' dir='ltr'><strong>quoque</strong></span> <span class='ocrx_word' id='word_1_70' title='bbox 1148 970 1302 1036; x_wconf 84' lang='lat' dir='ltr'><strong>juncta</strong></span> <span class='ocrx_word' id='word_1_71' title='bbox 1328 969 1461 1018; x_wconf 87' lang='lat' dir='ltr'><strong>fuisse</strong></span> 
     </span>
    </p>
   </div>
   <div class='ocr_carea' id='block_1_5' title="bbox 203 1094 895 2809">
    <p class='ocr_par' dir='ltr' id='par_1_9' title="bbox 203 1094 895 2809">
     <span class='ocr_line' id='line_1_12' title="bbox 211 1094 893 1137; baseline 0.012 -9"><span class='ocrx_word' id='word_1_72' title='bbox 211 1107 269 1137; x_wconf 85' lang='lat' dir='ltr'><strong>re,</strong></span> <span class='ocrx_word' id='word_1_73' title='bbox 285 1101 324 1129; x_wconf 86' lang='lat' dir='ltr'><strong>ut</strong></span> <span class='ocrx_word' id='word_1_74' title='bbox 337 1094 480 1132; x_wconf 85' lang='lat' dir='ltr'><strong>Catanae</strong></span> <span class='ocrx_word' id='word_1_75' title='bbox 495 1097 572 1132; x_wconf 90' lang='lat' dir='ltr'><strong>urbi</strong></span> <span class='ocrx_word' id='word_1_76' title='bbox 587 1098 815 1135; x_wconf 88' lang='lat' dir='ltr'><strong>inundatione</strong></span> <span class='ocrx_word' id='word_1_77' title='bbox 832 1114 893 1136; x_wconf 91' lang='lat' dir='ltr'><strong>sua</strong></span> 
     </span>
     <span class='ocr_line' id='line_1_13' title="bbox 211 1149 892 1193; baseline 0.015 -14"><span class='ocrx_word' id='word_1_78' title='bbox 211 1158 376 1192; x_wconf 83' lang='lat' dir='ltr'><strong>magnam</strong></span> <span class='ocrx_word' id='word_1_79' title='bbox 394 1161 481 1193; x_wconf 84' lang='lat' dir='ltr'><strong>saepe</strong></span> <span class='ocrx_word' id='word_1_80' title='bbox 499 1149 732 1186; x_wconf 79' lang='lat' dir='ltr'><strong>calamitatem</strong></span> <span class='ocrx_word' id='word_1_81' title='bbox 747 1153 892 1190; x_wconf 82' lang='lat' dir='ltr'><strong>adferat.</strong></span> 
     </span>
     <span class='ocr_line' id='line_1_14' title="bbox 255 1200 892 1249; baseline 0.014 -18"><span class='ocrx_word' id='word_1_82' title='bbox 255 1200 329 1242; x_wconf 61' lang='lat'><strong>281,</strong></span> <span class='ocrx_word' id='word_1_83' title='bbox 354 1201 501 1245; x_wconf 75' lang='lat' dir='ltr'><strong>Anigros</strong></span> <span class='ocrx_word' id='word_1_84' title='bbox 513 1228 520 1240; x_wconf 87' lang='lat'><strong>,</strong></span> <span class='ocrx_word' id='word_1_85' title='bbox 548 1216 566 1238; x_wconf 87' lang='lat' dir='ltr'><strong>e</strong></span> <span class='ocrx_word' id='word_1_86' title='bbox 585 1203 731 1249; x_wconf 81' lang='lat' dir='ltr'><strong>Lapitha</strong></span> <span class='ocrx_word' id='word_1_87' title='bbox 741 1230 751 1247; x_wconf 92' lang='lat'><strong>,</strong></span> <span class='ocrx_word' id='word_1_88' title='bbox 775 1206 892 1240; x_wconf 89' lang='lat' dir='ltr'><strong>Arca-</strong></span> 
     </span>
     <span class='ocr_line' id='line_1_15' title="bbox 210 1250 894 1299; baseline 0.013 -15"><span class='ocrx_word' id='word_1_89' title='bbox 210 1250 277 1285; x_wconf 82' lang='lat' dir='ltr'><strong>diae</strong></span> <span class='ocrx_word' id='word_1_90' title='bbox 287 1259 420 1296; x_wconf 86' lang='lat' dir='ltr'><strong>monte,</strong></span> <span class='ocrx_word' id='word_1_91' title='bbox 435 1253 626 1299; x_wconf 80' lang='lat' dir='ltr'><strong>profluens,</strong></span> <span class='ocrx_word' id='word_1_92' title='bbox 635 1256 751 1291; x_wconf 85' lang='lat' dir='ltr'><strong>statim</strong></span> <span class='ocrx_word' id='word_1_93' title='bbox 766 1270 784 1291; x_wconf 92' lang='lat' dir='ltr'><strong>a</strong></span> <span class='ocrx_word' id='word_1_94' title='bbox 794 1257 894 1293; x_wconf 83' lang='lat' dir='ltr'><strong>fonte</strong></span> 
     </span>
     <span class='ocr_line' id='line_1_16' title="bbox 211 1304 892 1354; baseline 0.013 -18"><span class='ocrx_word' id='word_1_95' title='bbox 211 1304 363 1348; x_wconf 80' lang='lat' dir='ltr'><strong>graviter</strong></span> <span class='ocrx_word' id='word_1_96' title='bbox 377 1305 533 1341; x_wconf 85' lang='lat' dir='ltr'><strong>olentem</strong></span> <span class='ocrx_word' id='word_1_97' title='bbox 545 1320 670 1353; x_wconf 91' lang='lat' dir='ltr'><strong>aquam</strong></span> <span class='ocrx_word' id='word_1_98' title='bbox 682 1308 797 1354; x_wconf 84' lang='lat' dir='ltr'><strong>vehit,</strong></span> <span class='ocrx_word' id='word_1_99' title='bbox 814 1323 892 1354; x_wconf 85' lang='lat' dir='ltr'><strong>quae</strong></span> 
     </span>
     <span class='ocr_line' id='line_1_17' title="bbox 210 1354 890 1409; baseline 0.016 -21"><span class='ocrx_word' id='word_1_100' title='bbox 210 1354 319 1399; x_wconf 85' lang='lat' dir='ltr'><strong>pisces</strong></span> <span class='ocrx_word' id='word_1_101' title='bbox 330 1368 403 1391; x_wconf 91' lang='lat' dir='ltr'><strong>non</strong></span> <span class='ocrx_word' id='word_1_102' title='bbox 415 1357 487 1392; x_wconf 88' lang='lat' dir='ltr'><strong>alit:</strong></span> <span class='ocrx_word' id='word_1_103' title='bbox 501 1360 700 1405; x_wconf 83' lang='lat' dir='ltr'><strong>Pausanias,</strong></span> <span class='ocrx_word' id='word_1_104' title='bbox 713 1361 758 1405; x_wconf 92' lang='lat' dir='ltr'><strong>V,</strong></span> <span class='ocrx_word' id='word_1_105' title='bbox 769 1375 800 1407; x_wconf 87' lang='lat' dir='ltr'><strong>p.</strong></span> <span class='ocrx_word' id='word_1_106' title='bbox 814 1363 890 1409; x_wconf 87' lang='lat'><strong>387,</strong></span> 
     </span>
     <span class='ocr_line' id='line_1_18' title="bbox 213 1408 893 1452; baseline 0.013 -13"><span class='ocrx_word' id='word_1_107' title='bbox 213 1420 354 1452; x_wconf 86' lang='lat' dir='ltr'><strong>gravem</strong></span> <span class='ocrx_word' id='word_1_108' title='bbox 364 1408 461 1443; x_wconf 89' lang='lat' dir='ltr'><strong>illum</strong></span> <span class='ocrx_word' id='word_1_109' title='bbox 470 1409 614 1445; x_wconf 89' lang='lat' dir='ltr'><strong>odorem</strong></span> <span class='ocrx_word' id='word_1_110' title='bbox 625 1424 643 1446; x_wconf 93' lang='lat' dir='ltr'><strong>e</strong></span> <span class='ocrx_word' id='word_1_111' title='bbox 651 1419 743 1446; x_wconf 79' lang='lat' dir='ltr'><strong>terra</strong></span> <span class='ocrx_word' id='word_1_112' title='bbox 752 1413 893 1449; x_wconf 81' lang='lat' dir='ltr'><strong>exsiste-</strong></span> 
     </span>
     <span class='ocr_line' id='line_1_19' title="bbox 203 1462 893 1507; baseline 0.01 -14"><span class='ocrx_word' id='word_1_113' title='bbox 203 1473 249 1507; x_wconf 69' lang='lat' dir='ltr'><strong>¹re</strong></span> <span class='ocrx_word' id='word_1_114' title='bbox 262 1467 358 1505; x_wconf 88' lang='lat' dir='ltr'><strong>putat</strong></span> <span class='ocrx_word' id='word_1_115' title='bbox 370 1475 377 1501; x_wconf 88' lang='lat'>;</span> <span class='ocrx_word' id='word_1_116' title='bbox 389 1462 448 1497; x_wconf 90' lang='lat' dir='ltr'><strong>sed</strong></span> <span class='ocrx_word' id='word_1_117' title='bbox 460 1462 554 1497; x_wconf 86' lang='lat' dir='ltr'><strong>idem</strong></span> <span class='ocrx_word' id='word_1_118' title='bbox 565 1463 672 1506; x_wconf 82' lang='lat' dir='ltr'><strong>addit,</strong></span> <span class='ocrx_word' id='word_1_119' title='bbox 686 1465 893 1500; x_wconf 84' lang='lat' dir='ltr'><strong>Graecorum</strong></span> 
     </span>
     <span class='ocr_line' id='line_1_20' title="bbox 210 1511 892 1558; baseline 0.009 -13"><span class='ocrx_word' id='word_1_120' title='bbox 210 1511 294 1547; x_wconf 86' lang='lat' dir='ltr'><strong>alios</strong></span> <span class='ocrx_word' id='word_1_121' title='bbox 303 1513 438 1547; x_wconf 75' lang='lat' dir='ltr'><strong>tradere</strong></span> <span class='ocrx_word' id='word_1_122' title='bbox 449 1540 458 1557; x_wconf 95' lang='lat'><strong>,</strong></span> <span class='ocrx_word' id='word_1_123' title='bbox 477 1513 672 1549; x_wconf 81' lang='lat' dir='ltr'><strong>Chironem</strong></span> <span class='ocrx_word' id='word_1_124' title='bbox 683 1542 693 1558; x_wconf 93' lang='lat'><strong>,</strong></span> <span class='ocrx_word' id='word_1_125' title='bbox 705 1516 787 1551; x_wconf 87' lang='lat' dir='ltr'><strong>alios</strong></span> <span class='ocrx_word' id='word_1_126' title='bbox 794 1517 892 1552; x_wconf 91' lang='lat' dir='ltr'><strong>Pole-</strong></span> 
     </span>
     <span class='ocr_line' id='line_1_21' title="bbox 210 1565 892 1612; baseline 0.006 -13"><span class='ocrx_word' id='word_1_127' title='bbox 210 1575 337 1600; x_wconf 83' lang='lat' dir='ltr'><strong>norem</strong></span> <span class='ocrx_word' id='word_1_128' title='bbox 350 1591 359 1608; x_wconf 91' lang='lat'><strong>,</strong></span> <span class='ocrx_word' id='word_1_129' title='bbox 375 1565 595 1601; x_wconf 84' lang='lat' dir='ltr'><strong>Centaurum</strong></span> <span class='ocrx_word' id='word_1_130' title='bbox 608 1574 642 1601; x_wconf 88' lang='lat' dir='ltr'><strong>et</strong></span> <span class='ocrx_word' id='word_1_131' title='bbox 655 1567 767 1612; x_wconf 89' lang='lat' dir='ltr'><strong>ipsum</strong></span> <span class='ocrx_word' id='word_1_132' title='bbox 778 1595 787 1611; x_wconf 94' lang='lat'>‚</span> <span class='ocrx_word' id='word_1_133' title='bbox 803 1569 892 1603; x_wconf 88' lang='lat' dir='ltr'><strong>Her-</strong></span> 
     </span>
     <span class='ocr_line' id='line_1_22' title="bbox 210 1614 892 1666; baseline 0.006 -14"><span class='ocrx_word' id='word_1_134' title='bbox 210 1618 294 1653; x_wconf 87' lang='lat' dir='ltr'><strong>culis</strong></span> <span class='ocrx_word' id='word_1_135' title='bbox 315 1614 651 1664; x_wconf 74' lang='lat' dir='ltr'><strong>sagitta&#39;percussum</strong></span> <span class='ocrx_word' id='word_1_136' title='bbox 671 1620 775 1666; x_wconf 83' lang='lat' dir='ltr'><strong>hujus</strong></span> <span class='ocrx_word' id='word_1_137' title='bbox 795 1621 892 1656; x_wconf 88' lang='lat' dir='ltr'><strong>ssuvii</strong></span> 
     </span>
     <span class='ocr_line' id='line_1_23' title="bbox 211 1671 891 1721; baseline 0.006 -16"><span class='ocrx_word' id='word_1_138' title='bbox 211 1684 301 1716; x_wconf 86' lang='lat' dir='ltr'><strong>aqua</strong></span> <span class='ocrx_word' id='word_1_139' title='bbox 319 1672 444 1707; x_wconf 85' lang='lat' dir='ltr'><strong>vulnus</strong></span> <span class='ocrx_word' id='word_1_140' title='bbox 463 1671 607 1708; x_wconf 82' lang='lat' dir='ltr'><strong>abluisse</strong></span> <span class='ocrx_word' id='word_1_141' title='bbox 622 1687 629 1713; x_wconf 90' lang='lat'>;</span> <span class='ocrx_word' id='word_1_142' title='bbox 647 1685 724 1717; x_wconf 83' lang='lat' dir='ltr'><strong>quae</strong></span> <span class='ocrx_word' id='word_1_143' title='bbox 738 1673 784 1708; x_wconf 86' lang='lat' dir='ltr'><strong>sic</strong></span> <span class='ocrx_word' id='word_1_144' title='bbox 798 1700 810 1717; x_wconf 81' lang='lat'><strong>,</strong></span> <span class='ocrx_word' id='word_1_145' title='bbox 823 1673 891 1721; x_wconf 89' lang='lat' dir='ltr'><strong>hy-</strong></span> 
     </span>
     <span class='ocr_line' id='line_1_24' title="bbox 213 1724 892 1771; baseline 0.007 -15"><span class='ocrx_word' id='word_1_146' title='bbox 213 1724 234 1756; x_wconf 79' lang='lat' dir='ltr'><strong>d</strong></span> <span class='ocrx_word' id='word_1_147' title='bbox 240 1736 284 1758; x_wconf 85' lang='lat' dir='ltr'><strong>1·ae</strong></span> <span class='ocrx_word' id='word_1_148' title='bbox 294 1737 430 1758; x_wconf 85' lang='lat' dir='ltr'><strong>veneno</strong></span> <span class='ocrx_word' id='word_1_149' title='bbox 442 1724 569 1771; x_wconf 81' lang='lat' dir='ltr'><strong>infecta</strong></span> <span class='ocrx_word' id='word_1_150' title='bbox 581 1751 589 1767; x_wconf 89' lang='lat'>‚</span> <span class='ocrx_word' id='word_1_151' title='bbox 602 1731 733 1760; x_wconf 86' lang='lat' dir='ltr'><strong>tetrum</strong></span> <span class='ocrx_word' id='word_1_152' title='bbox 745 1726 892 1762; x_wconf 85' lang='lat' dir='ltr'><strong>odorem</strong></span> 
     </span>
     <span class='ocr_line' id='line_1_25' title="bbox 210 1776 891 1813; baseline 0.003 -5"><span class='ocrx_word' id='word_1_153' title='bbox 210 1776 431 1810; x_wconf 80' lang='lat' dir='ltr'><strong>contraxerit.</strong></span> <span class='ocrx_word' id='word_1_154' title='bbox 451 1776 527 1810; x_wconf 86' lang='lat' dir='ltr'><strong>Hos</strong></span> <span class='ocrx_word' id='word_1_155' title='bbox 543 1776 670 1811; x_wconf 84' lang='lat' dir='ltr'><strong>Noster</strong></span> <span class='ocrx_word' id='word_1_156' title='bbox 683 1784 820 1812; x_wconf 78' lang='lat' dir='ltr'><strong>secutus</strong></span> <span class='ocrx_word' id='word_1_157' title='bbox 831 1784 891 1813; x_wconf 84' lang='lat' dir='ltr'><strong>est.</strong></span> 
     </span>
     <span class='ocr_line' id='line_1_26' title="bbox 211 1827 891 1872; baseline 0.006 -13"><span class='ocrx_word' id='word_1_158' title='bbox 211 1844 255 1853; x_wconf 91' lang='lat'><strong>—-</strong></span> <span class='ocrx_word' id='word_1_159' title='bbox 265 1827 336 1860; x_wconf 92' lang='lat' dir='ltr'><strong>Pro</strong></span> <span class='ocrx_word' id='word_1_160' title='bbox 348 1829 543 1862; x_wconf 79' lang='lat' dir='ltr'><strong>bibebantur</strong></span> <span class='ocrx_word' id='word_1_161' title='bbox 553 1855 560 1867; x_wconf 93' lang='lat'><strong>,</strong></span> <span class='ocrx_word' id='word_1_162' title='bbox 578 1827 672 1872; x_wconf 87' lang='lat' dir='ltr'><strong>quod</strong></span> <span class='ocrx_word' id='word_1_163' title='bbox 691 1828 856 1863; x_wconf 87' lang='lat' dir='ltr'><strong>Heinsius</strong></span> <span class='ocrx_word' id='word_1_164' title='bbox 872 1841 891 1863; x_wconf 83' lang='lat' dir='ltr'><strong>e</strong></span> 
     </span>
     <span class='ocr_line' id='line_1_27' title="bbox 212 1877 892 1923; baseline 0.006 -12"><span class='ocrx_word' id='word_1_165' title='bbox 212 1877 348 1912; x_wconf 81' lang='lat' dir='ltr'><strong>duobus</strong></span> <span class='ocrx_word' id='word_1_166' title='bbox 367 1878 496 1914; x_wconf 88' lang='lat' dir='ltr'><strong>Medic.</strong></span> <span class='ocrx_word' id='word_1_167' title='bbox 513 1878 632 1923; x_wconf 79' lang='lat' dir='ltr'><strong>dedit,</strong></span> <span class='ocrx_word' id='word_1_168' title='bbox 655 1880 892 1915; x_wconf 85' lang='lat' dir='ltr'><strong>revocavimus</strong></span> 
     </span>
     <span class='ocr_line' id='line_1_28' title="bbox 211 1931 891 1974; baseline 0.004 -10"><span class='ocrx_word' id='word_1_169' title='bbox 211 1944 294 1964; x_wconf 79' lang='lat' dir='ltr'><strong>cum</strong></span> <span class='ocrx_word' id='word_1_170' title='bbox 321 1931 596 1968; x_wconf 79' lang='lat' dir='ltr'><strong>Mitscherlichio</strong></span> <span class='ocrx_word' id='word_1_171' title='bbox 624 1936 795 1968; x_wconf 77' lang='lat' dir='ltr'><strong>bibebatur</strong></span> <span class='ocrx_word' id='word_1_172' title='bbox 808 1960 816 1974; x_wconf 91' lang='lat'><strong>,</strong></span> <span class='ocrx_word' id='word_1_173' title='bbox 845 1946 891 1968; x_wconf 89' lang='lat' dir='ltr'><strong>ne</strong></span> 
     </span>
     <span class='ocr_line' id='line_1_29' title="bbox 211 1980 894 2028; baseline 0.006 -13"><span class='ocrx_word' id='word_1_174' title='bbox 211 1980 414 2028; x_wconf 79' lang='lat' dir='ltr'><strong>impeditior</strong></span> <span class='ocrx_word' id='word_1_175' title='bbox 430 1991 518 2019; x_wconf 83' lang='lat' dir='ltr'><strong>esset</strong></span> <span class='ocrx_word' id='word_1_176' title='bbox 536 1984 622 2020; x_wconf 90' lang='lat' dir='ltr'><strong>ordo</strong></span> <span class='ocrx_word' id='word_1_177' title='bbox 641 1986 894 2020; x_wconf 73' lang='lat' dir='ltr'><strong>verborum.—</strong></span> 
     </span>
     <span class='ocr_line' id='line_1_30' title="bbox 213 2036 892 2081; baseline 0.003 -11"><span class='ocrx_word' id='word_1_178' title='bbox 213 2036 344 2081; x_wconf 84' lang='lat' dir='ltr'><strong>Regius</strong></span> <span class='ocrx_word' id='word_1_179' title='bbox 356 2044 476 2072; x_wconf 78' lang='lat' dir='ltr'><strong>noster</strong></span> <span class='ocrx_word' id='word_1_180' title='bbox 490 2037 520 2072; x_wconf 92' lang='grc' dir='ltr'><strong>Β</strong></span> <span class='ocrx_word' id='word_1_181' title='bbox 536 2036 628 2072; x_wconf 88' lang='lat' dir='ltr'><strong>solus</strong></span> <span class='ocrx_word' id='word_1_182' title='bbox 644 2037 748 2073; x_wconf 88' lang='lat' dir='ltr'><strong>habet</strong></span> <span class='ocrx_word' id='word_1_183' title='bbox 762 2041 892 2072; x_wconf 80' lang='lat' dir='ltr'><strong>bibeba-</strong></span> 
     </span>
     <span class='ocr_line' id='line_1_31' title="bbox 214 2088 889 2135; baseline 0.006 -14"><span class='ocrx_word' id='word_1_184' title='bbox 214 2092 285 2128; x_wconf 77' lang='lat' dir='ltr'><strong>tur,</strong></span> <span class='ocrx_word' id='word_1_185' title='bbox 302 2088 395 2133; x_wconf 90' lang='lat' dir='ltr'><strong>quod</strong></span> <span class='ocrx_word' id='word_1_186' title='bbox 413 2088 502 2123; x_wconf 87' lang='lat' dir='ltr'><strong>bene</strong></span> <span class='ocrx_word' id='word_1_187' title='bbox 520 2089 696 2126; x_wconf 74' lang='lat' dir='ltr'><strong>revocavit</strong></span> <span class='ocrx_word' id='word_1_188' title='bbox 707 2089 889 2135; x_wconf 83' lang='lat' dir='ltr'><strong>Gierigius.</strong></span> 
     </span>
     <span class='ocr_line' id='line_1_32' title="bbox 214 2138 892 2176; baseline 0.004 -4"><span class='ocrx_word' id='word_1_189' title='bbox 214 2138 411 2174; x_wconf 67' lang='lat' dir='ltr'><strong>Eat—Mox</strong></span> <span class='ocrx_word' id='word_1_190' title='bbox 426 2139 652 2174; x_wconf 84' lang='lat' dir='ltr'><strong>Burmannus</strong></span> <span class='ocrx_word' id='word_1_191' title='bbox 669 2153 710 2174; x_wconf 84' lang='lat' dir='ltr'><strong>ex</strong></span> <span class='ocrx_word' id='word_1_192' title='bbox 726 2153 797 2174; x_wconf 90' lang='lat' dir='ltr'><strong>uno</strong></span> <span class='ocrx_word' id='word_1_193' title='bbox 809 2140 892 2176; x_wconf 89' lang='lat' dir='ltr'><strong>Me-</strong></span> 
     </span>
     <span class='ocr_line' id='line_1_33' title="bbox 212 2191 891 2238; baseline 0.001 -12"><span class='ocrx_word' id='word_1_194' title='bbox 212 2191 311 2227; x_wconf 83' lang='lat' dir='ltr'><strong>diceo</strong></span> <span class='ocrx_word' id='word_1_195' title='bbox 317 2194 486 2236; x_wconf 69' lang='lat' dir='ltr'><strong>adtingere</strong></span> <span class='ocrx_word' id='word_1_196' title='bbox 498 2192 718 2238; x_wconf 74' lang='lat' dir='ltr'><strong>praeferebat:</strong></span> <span class='ocrx_word' id='word_1_197' title='bbox 730 2193 803 2227; x_wconf 87' lang='lat' dir='ltr'><strong>sine</strong></span> <span class='ocrx_word' id='word_1_198' title='bbox 815 2206 891 2227; x_wconf 90' lang='lat' dir='ltr'><strong>cau-</strong></span> 
     </span>
     <span class='ocr_line' id='line_1_34' title="bbox 213 2245 891 2288; baseline 0 -10"><span class='ocrx_word' id='word_1_199' title='bbox 213 2257 249 2278; x_wconf 85' lang='lat' dir='ltr'><strong>sa</strong></span> <span class='ocrx_word' id='word_1_200' title='bbox 265 2257 273 2285; x_wconf 89' lang='lat'>;</span> <span class='ocrx_word' id='word_1_201' title='bbox 292 2245 338 2287; x_wconf 91' lang='lat' dir='ltr'><strong>V,</strong></span> <span class='ocrx_word' id='word_1_202' title='bbox 358 2245 420 2279; x_wconf 87' lang='lat'><strong>533</strong></span> <span class='ocrx_word' id='word_1_203' title='bbox 433 2270 441 2287; x_wconf 88' lang='lat'><strong>,</strong></span> <span class='ocrx_word' id='word_1_204' title='bbox 458 2248 599 2288; x_wconf 55' lang='lat' dir='ltr'><strong>conlzgit</strong></span> <span class='ocrx_word' id='word_1_205' title='bbox 611 2257 667 2278; x_wconf 84' lang='lat' dir='ltr'><strong>ore</strong></span> <span class='ocrx_word' id='word_1_206' title='bbox 677 2246 891 2278; x_wconf 54' lang='lat' dir='ltr'><strong>elbon—Bi—</strong></span> 
     </span>
     <span class='ocr_line' id='line_1_35' title="bbox 213 2294 854 2339; baseline 0.002 -10"><span class='ocrx_word' id='word_1_207' title='bbox 213 2298 383 2336; x_wconf 77' lang='lat' dir='ltr'><strong>membres,</strong></span> <span class='ocrx_word' id='word_1_208' title='bbox 410 2294 599 2339; x_wconf 87' lang='lat' dir='ltr'><strong>Centauri,</strong></span> <span class='ocrx_word' id='word_1_209' title='bbox 612 2301 651 2331; x_wconf 84' lang='lat' dir='ltr'><strong>ut</strong></span> <span class='ocrx_word' id='word_1_210' title='bbox 668 2296 760 2338; x_wconf 89' lang='lat' dir='ltr'><strong>XII,</strong></span> <span class='ocrx_word' id='word_1_211' title='bbox 780 2297 854 2339; x_wconf 75' lang='lat'><strong>240.</strong></span> 
     </span>
     <span class='ocr_line' id='line_1_36' title="bbox 257 2346 890 2393; baseline -0.002 -12"><span class='ocrx_word' id='word_1_212' title='bbox 257 2348 331 2382; x_wconf 78' lang='lat'><strong>285.</strong></span> <span class='ocrx_word' id='word_1_213' title='bbox 351 2349 525 2393; x_wconf 79' lang='lat' dir='ltr'><strong>Hypanis,</strong></span> <span class='ocrx_word' id='word_1_214' title='bbox 549 2347 728 2382; x_wconf 79' lang='lat' dir='ltr'><strong>Sarmatiae</strong></span> <span class='ocrx_word' id='word_1_215' title='bbox 743 2346 867 2381; x_wconf 84' lang='lat' dir='ltr'><strong>fluvius</strong></span> <span class='ocrx_word' id='word_1_216' title='bbox 878 2373 890 2390; x_wconf 90' lang='lat'><strong>,</strong></span> 
     </span>
     <span class='ocr_line' id='line_1_37' title="bbox 215 2397 889 2445; baseline 0.003 -14"><span class='ocrx_word' id='word_1_217' title='bbox 215 2397 275 2443; x_wconf 86' lang='lat' dir='ltr'><strong>qui</strong></span> <span class='ocrx_word' id='word_1_218' title='bbox 297 2398 331 2432; x_wconf 81' lang='lat' dir='ltr'><strong>in</strong></span> <span class='ocrx_word' id='word_1_219' title='bbox 358 2398 616 2445; x_wconf 80' lang='lat' dir='ltr'><strong>Borysthenem</strong></span> <span class='ocrx_word' id='word_1_220' title='bbox 641 2413 677 2434; x_wconf 90' lang='lat' dir='ltr'><strong>se</strong></span> <span class='ocrx_word' id='word_1_221' title='bbox 699 2405 862 2433; x_wconf 86' lang='lat' dir='ltr'><strong>exonerat</strong></span> <span class='ocrx_word' id='word_1_222' title='bbox 880 2412 889 2440; x_wconf 93' lang='lat'>;</span> 
     </span>
     <span class='ocr_line' id='line_1_38' title="bbox 214 2451 889 2497; baseline 0.004 -14"><span class='ocrx_word' id='word_1_223' title='bbox 214 2451 282 2486; x_wconf 77' lang='lat' dir='ltr'><strong>vid.</strong></span> <span class='ocrx_word' id='word_1_224' title='bbox 295 2451 403 2486; x_wconf 90' lang='lat' dir='ltr'><strong>Solin.</strong></span> <span class='ocrx_word' id='word_1_225' title='bbox 416 2465 487 2497; x_wconf 85' lang='lat' dir='ltr'><strong>cap.</strong></span> <span class='ocrx_word' id='word_1_226' title='bbox 506 2455 543 2487; x_wconf 85' lang='lat'><strong>15</strong></span> <span class='ocrx_word' id='word_1_227' title='bbox 553 2479 562 2495; x_wconf 88' lang='lat'><strong>,</strong></span> <span class='ocrx_word' id='word_1_228' title='bbox 580 2459 615 2487; x_wconf 89' lang='lat' dir='ltr'><strong>et</strong></span> <span class='ocrx_word' id='word_1_229' title='bbox 629 2453 765 2487; x_wconf 77' lang='lat' dir='ltr'><strong>Vitruv‚</strong></span> <span class='ocrx_word' id='word_1_230' title='bbox 778 2451 889 2494; x_wconf 88' lang='lat' dir='ltr'>VIII,</span> 
     </span>
     <span class='ocr_line' id='line_1_39' title="bbox 215 2503 890 2548; baseline 0.003 -13"><span class='ocrx_word' id='word_1_231' title='bbox 215 2503 290 2536; x_wconf 85' lang='grc'><strong>3.-</strong></span> <span class='ocrx_word' id='word_1_232' title='bbox 298 2504 369 2537; x_wconf 85' lang='lat' dir='ltr'><strong>Pro</strong></span> <span class='ocrx_word' id='word_1_233' title='bbox 383 2506 422 2538; x_wconf 85' lang='lat' dir='ltr'><strong>de</strong></span> <span class='ocrx_word' id='word_1_234' title='bbox 432 2507 595 2538; x_wconf 80' lang='lat' dir='ltr'><strong>montibus</strong></span> <span class='ocrx_word' id='word_1_235' title='bbox 604 2531 612 2544; x_wconf 91' lang='lat'><strong>,</strong></span> <span class='ocrx_word' id='word_1_236' title='bbox 635 2504 730 2548; x_wconf 84' lang='lat' dir='ltr'><strong>prior</strong></span> <span class='ocrx_word' id='word_1_237' title='bbox 742 2503 890 2538; x_wconf 87' lang='lat' dir='ltr'><strong>Grono-</strong></span> 
     </span>
     <span class='ocr_line' id='line_1_40' title="bbox 215 2554 895 2598; baseline 0.003 -11"><span class='ocrx_word' id='word_1_238' title='bbox 215 2554 336 2588; x_wconf 76' lang='lat' dir='ltr'><strong>vianus</strong></span> <span class='ocrx_word' id='word_1_239' title='bbox 347 2557 387 2588; x_wconf 84' lang='lat' dir='ltr'><strong>de</strong></span> <span class='ocrx_word' id='word_1_240' title='bbox 391 2555 600 2598; x_wconf 84' lang='lat' dir='ltr'><strong>fontibus.—</strong></span> <span class='ocrx_word' id='word_1_241' title='bbox 607 2556 740 2590; x_wconf 71' lang='lat' dir='ltr'><strong>Solibus</strong></span> <span class='ocrx_word' id='word_1_242' title='bbox 754 2559 895 2590; x_wconf 78' lang='lat' dir='ltr'><strong>vitiatur</strong></span> 
     </span>
     <span class='ocr_line' id='line_1_41' title="bbox 215 2607 892 2654; baseline 0.004 -14"><span class='ocrx_word' id='word_1_243' title='bbox 215 2610 350 2642; x_wconf 75' lang='lat' dir='ltr'><strong>amaris.</strong></span> <span class='ocrx_word' id='word_1_244' title='bbox 370 2607 490 2642; x_wconf 87' lang='lat' dir='ltr'><strong>Codex</strong></span> <span class='ocrx_word' id='word_1_245' title='bbox 505 2616 626 2643; x_wconf 83' lang='lat' dir='ltr'><strong>noster</strong></span> <span class='ocrx_word' id='word_1_246' title='bbox 636 2609 765 2654; x_wconf 84' lang='lat' dir='ltr'><strong>Regius</strong></span> <span class='ocrx_word' id='word_1_247' title='bbox 781 2610 811 2643; x_wconf 90' lang='lat' dir='ltr'><strong>B</strong></span> <span class='ocrx_word' id='word_1_248' title='bbox 828 2608 892 2643; x_wconf 84' lang='lat' dir='ltr'><strong>ha·-</strong></span> 
     </span>
     <span class='ocr_line' id='line_1_42' title="bbox 213 2658 893 2704; baseline 0.004 -12"><span class='ocrx_word' id='word_1_249' title='bbox 213 2658 294 2702; x_wconf 82' lang='lat' dir='ltr'><strong>bet,</strong></span> <span class='ocrx_word' id='word_1_250' title='bbox 320 2672 383 2704; x_wconf 90' lang='lat' dir='ltr'><strong>pro</strong></span> <span class='ocrx_word' id='word_1_251' title='bbox 407 2660 498 2694; x_wconf 86' lang='lat' dir='ltr'><strong>varia</strong></span> <span class='ocrx_word' id='word_1_252' title='bbox 519 2660 666 2695; x_wconf 89' lang='lat' dir='ltr'><strong>lectione</strong></span> <span class='ocrx_word' id='word_1_253' title='bbox 681 2687 690 2703; x_wconf 92' lang='lat'><strong>,</strong></span> <span class='ocrx_word' id='word_1_254' title='bbox 718 2663 792 2694; x_wconf 83' lang='lat' dir='ltr'><strong>sale</strong></span> <span class='ocrx_word' id='word_1_255' title='bbox 804 2673 893 2695; x_wconf 79' lang='lat' dir='ltr'><strong>nunc</strong></span> 
     </span>
     <span class='ocr_line' id='line_1_43' title="bbox 215 2711 892 2758; baseline 0.006 -15"><span class='ocrx_word' id='word_1_256' title='bbox 215 2713 354 2744; x_wconf 76' lang='lat' dir='ltr'><strong>viu&#39;alur</strong></span> <span class='ocrx_word' id='word_1_257' title='bbox 366 2724 481 2746; x_wconf 85' lang='lat' dir='ltr'><strong>amaro</strong></span> <span class='ocrx_word' id='word_1_258' title='bbox 497 2724 507 2745; x_wconf 91' lang='lat'><em>:</em></span> <span class='ocrx_word' id='word_1_259' title='bbox 529 2711 622 2746; x_wconf 88' lang='lat' dir='ltr'><strong>idem</strong></span> <span class='ocrx_word' id='word_1_260' title='bbox 639 2712 674 2746; x_wconf 86' lang='lat' dir='ltr'><strong>in</strong></span> <span class='ocrx_word' id='word_1_261' title='bbox 692 2713 892 2758; x_wconf 82' lang='lat' dir='ltr'><strong>Bernegge-</strong></span> 
     </span>
     <span class='ocr_line' id='line_1_44' title="bbox 215 2761 891 2809; baseline 0.004 -14"><span class='ocrx_word' id='word_1_262' title='bbox 215 2761 315 2796; x_wconf 75' lang='lat' dir='ltr'><strong>riano</strong></span> <span class='ocrx_word' id='word_1_263' title='bbox 331 2762 446 2798; x_wconf 81' lang='lat' dir='ltr'><strong>codice</strong></span> <span class='ocrx_word' id='word_1_264' title='bbox 464 2762 595 2797; x_wconf 81' lang='lat' dir='ltr'><strong>notavit</strong></span> <span class='ocrx_word' id='word_1_265' title='bbox 612 2764 796 2808; x_wconf 72' lang='lat' dir='ltr'><strong>Heinsius,</strong></span> <span class='ocrx_word' id='word_1_266' title='bbox 813 2764 891 2809; x_wconf 70' lang='lat' dir='ltr'><strong>plu-</strong></span> 
     </span>
    </p>
   </div>
   <div class='ocr_carea' id='block_1_6' title="bbox 1567 993 1634 1030">
    <p class='ocr_par' dir='ltr' id='par_1_10' title="bbox 1567 993 1634 1030">
     <span class='ocr_line' id='line_1_45' title="bbox 1567 993 1634 1030; baseline 0 0"><span class='ocrx_word' id='word_1_267' title='bbox 1567 993 1634 1030; x_wconf 73' lang='lat'><strong>²9⁰</strong></span> 
     </span>
    </p>
   </div>
   <div class='ocr_carea' id='block_1_7' title="bbox 956 1100 1640 1454">
    <p class='ocr_par' dir='ltr' id='par_1_11' title="bbox 957 1100 1640 1303">
     <span class='ocr_line' id='line_1_46' title="bbox 957 1100 1634 1147; baseline -0.003 -10"><span class='ocrx_word' id='word_1_268' title='bbox 957 1101 1121 1147; x_wconf 86' lang='lat' dir='ltr'><strong>ribusque</strong></span> <span class='ocrx_word' id='word_1_269' title='bbox 1129 1102 1201 1137; x_wconf 89' lang='lat' dir='ltr'><strong>aliis</strong></span> <span class='ocrx_word' id='word_1_270' title='bbox 1207 1115 1248 1137; x_wconf 81' lang='lat' dir='ltr'><strong>ex</strong></span> <span class='ocrx_word' id='word_1_271' title='bbox 1257 1101 1338 1137; x_wconf 87' lang='lat' dir='ltr'><strong>locis</strong></span> <span class='ocrx_word' id='word_1_272' title='bbox 1349 1101 1421 1146; x_wconf 80' lang='lat' dir='ltr'><strong>iam</strong></span> <span class='ocrx_word' id='word_1_273' title='bbox 1430 1100 1526 1135; x_wconf 81' lang='lat' dir='ltr'><strong>venit</strong></span> <span class='ocrx_word' id='word_1_274' title='bbox 1536 1100 1634 1136; x_wconf 86' lang='lat' dir='ltr'><strong>nobis</strong></span> 
     </span>
     <span class='ocr_line' id='line_1_47' title="bbox 958 1151 1635 1189; baseline -0.006 0"><span class='ocrx_word' id='word_1_275' title='bbox 958 1154 994 1188; x_wconf 84' lang='lat' dir='ltr'><strong>in</strong></span> <span class='ocrx_word' id='word_1_276' title='bbox 1012 1161 1170 1189; x_wconf 85' lang='lat' dir='ltr'><strong>mentem</strong></span> <span class='ocrx_word' id='word_1_277' title='bbox 1188 1161 1349 1188; x_wconf 88' lang='lat' dir='ltr'><strong>nostrum</strong></span> <span class='ocrx_word' id='word_1_278' title='bbox 1366 1153 1464 1187; x_wconf 89' lang='lat' dir='ltr'><strong>illum</strong></span> <span class='ocrx_word' id='word_1_279' title='bbox 1479 1151 1635 1187; x_wconf 85' lang='lat' dir='ltr'><strong>codicem</strong></span> 
     </span>
     <span class='ocr_line' id='line_1_48' title="bbox 959 1203 1640 1252; baseline -0.004 -11"><span class='ocrx_word' id='word_1_280' title='bbox 959 1219 1031 1241; x_wconf 86' lang='lat' dir='ltr'><strong>esse</strong></span> <span class='ocrx_word' id='word_1_281' title='bbox 1049 1206 1213 1252; x_wconf 58' lang='lat' dir='ltr'><strong>eumdem</strong></span> <span class='ocrx_word' id='word_1_282' title='bbox 1225 1232 1236 1249; x_wconf 89' lang='lat'><strong>,</strong></span> <span class='ocrx_word' id='word_1_283' title='bbox 1254 1218 1359 1252; x_wconf 88' lang='lat' dir='ltr'><strong>quem</strong></span> <span class='ocrx_word' id='word_1_284' title='bbox 1371 1204 1456 1240; x_wconf 72' lang='lat' dir='ltr'><strong>olim</strong></span> <span class='ocrx_word' id='word_1_285' title='bbox 1469 1203 1640 1239; x_wconf 64' lang='lat' dir='ltr'><strong>Heinsius</strong></span> 
     </span>
     <span class='ocr_line' id='line_1_49' title="bbox 959 1257 1188 1303; baseline 0 -11"><span class='ocrx_word' id='word_1_286' title='bbox 959 1257 1106 1303; x_wconf 86' lang='lat' dir='ltr'><strong>collegit.</strong></span> <span class='ocrx_word' id='word_1_287' title='bbox 1122 1260 1188 1292; x_wconf 90' lang='lat' dir='ltr'><strong>Ed.</strong></span> 
     </span>
    </p>

    <p class='ocr_par' dir='ltr' id='par_1_12' title="bbox 956 1307 1634 1454">
     <span class='ocr_line' id='line_1_50' title="bbox 1002 1307 1634 1357; baseline -0.005 -12"><span class='ocrx_word' id='word_1_288' title='bbox 1002 1313 1075 1357; x_wconf 86' lang='lat'><em>287.</em></span> <span class='ocrx_word' id='word_1_289' title='bbox 1096 1314 1269 1346; x_wconf 80' lang='lat' dir='ltr'><strong>Fluctibus</strong></span> <span class='ocrx_word' id='word_1_290' title='bbox 1283 1312 1416 1345; x_wconf 81' lang='lat' dir='ltr'><strong>ambiloe</strong></span> <span class='ocrx_word' id='word_1_291' title='bbox 1431 1316 1494 1344; x_wconf 84' lang='lat' dir='ltr'><strong>etc.</strong></span> <span class='ocrx_word' id='word_1_292' title='bbox 1515 1307 1634 1344; x_wconf 86' lang='lat' dir='ltr'><strong>Parti-</strong></span> 
     </span>
     <span class='ocr_line' id='line_1_51' title="bbox 957 1360 1632 1407; baseline -0.004 -10"><span class='ocrx_word' id='word_1_293' title='bbox 957 1362 1086 1407; x_wconf 84' lang='lat' dir='ltr'><strong>cipium</strong></span> <span class='ocrx_word' id='word_1_294' title='bbox 1096 1365 1241 1397; x_wconf 82' lang='lat' dir='ltr'><strong>ambitus</strong></span> <span class='ocrx_word' id='word_1_295' title='bbox 1252 1361 1402 1397; x_wconf 87' lang='lat' dir='ltr'><strong>occurrit</strong></span> <span class='ocrx_word' id='word_1_296' title='bbox 1410 1361 1515 1396; x_wconf 85' lang='lat' dir='ltr'><strong>etiam</strong></span> <span class='ocrx_word' id='word_1_297' title='bbox 1526 1361 1543 1395; x_wconf 92' lang='lat'><em>1</em></span> <span class='ocrx_word' id='word_1_298' title='bbox 1554 1386 1563 1402; x_wconf 94' lang='lat'><strong>,</strong></span> <span class='ocrx_word' id='word_1_299' title='bbox 1577 1360 1632 1405; x_wconf 87' lang='lat'><strong>37,</strong></span> 
     </span>
     <span class='ocr_line' id='line_1_52' title="bbox 956 1411 1634 1454; baseline -0.003 -7"><span class='ocrx_word' id='word_1_300' title='bbox 956 1414 1015 1448; x_wconf 89' lang='lat' dir='ltr'><strong>ubi</strong></span> <span class='ocrx_word' id='word_1_301' title='bbox 1030 1414 1107 1448; x_wconf 88' lang='lat' dir='ltr'><strong>vide</strong></span> <span class='ocrx_word' id='word_1_302' title='bbox 1123 1421 1254 1448; x_wconf 82' lang='lat' dir='ltr'><strong>notam.</strong></span> <span class='ocrx_word' id='word_1_303' title='bbox 1266 1414 1465 1449; x_wconf 64' lang='lat' dir='ltr'><strong>—Antissm</strong></span> <span class='ocrx_word' id='word_1_304' title='bbox 1478 1411 1611 1448; x_wconf 76' lang='lat' dir='ltr'><strong>Plinius</strong></span> <span class='ocrx_word' id='word_1_305' title='bbox 1622 1436 1634 1454; x_wconf 87' lang='lat'>‚</span> 
     </span>
    </p>
   </div>
   <div class='ocr_carea' id='block_1_8' title="bbox 957 1466 1699 1515">
    <p class='ocr_par' dir='ltr' id='par_1_13' title="bbox 957 1466 1699 1515">
     <span class='ocr_line' id='line_1_53' title="bbox 957 1466 1699 1515; baseline -0.003 -16"><span class='ocrx_word' id='word_1_306' title='bbox 957 1466 993 1499; x_wconf 86' lang='grc' dir='ltr'><strong>ΙΙ</strong></span> <span class='ocrx_word' id='word_1_307' title='bbox 1006 1491 1015 1508; x_wconf 86' lang='grc'>,</span> <span class='ocrx_word' id='word_1_308' title='bbox 1027 1466 1069 1513; x_wconf 83' lang='grc'><strong>89</strong></span> <span class='ocrx_word' id='word_1_309' title='bbox 1080 1491 1089 1508; x_wconf 94' lang='lat'><strong>,</strong></span> <span class='ocrx_word' id='word_1_310' title='bbox 1103 1468 1234 1500; x_wconf 80' lang='lat' dir='ltr'><strong>Rursus</strong></span> <span class='ocrx_word' id='word_1_311' title='bbox 1242 1468 1386 1500; x_wconf 80' lang='lat' dir='ltr'><strong>abstulit</strong></span> <span class='ocrx_word' id='word_1_312' title='bbox 1395 1467 1527 1500; x_wconf 75' lang='lat' dir='ltr'><strong>insulas</strong></span> <span class='ocrx_word' id='word_1_313' title='bbox 1535 1467 1632 1504; x_wconf 84' lang='lat' dir='ltr'><strong>mari,</strong></span> <span class='ocrx_word' id='word_1_314' title='bbox 1690 1503 1699 1515; x_wconf 31' lang='lat' dir='ltr'><strong>x</strong></span> 
     </span>
    </p>
   </div>
   <div class='ocr_carea' id='block_1_9' title="bbox 947 1516 1636 2810">
    <p class='ocr_par' dir='ltr' id='par_1_14' title="bbox 947 1516 1636 2810">
     <span class='ocr_line' id='line_1_54' title="bbox 947 1516 1635 1561; baseline -0.001 -11"><span class='ocrx_word' id='word_1_315' title='bbox 947 1516 1131 1561; x_wconf 73' lang='lat' dir='ltr'><strong>junxitque</strong></span> <span class='ocrx_word' id='word_1_316' title='bbox 1141 1520 1246 1557; x_wconf 67' lang='lat' dir='ltr'><strong>tetus,</strong></span> <span class='ocrx_word' id='word_1_317' title='bbox 1262 1518 1439 1551; x_wconf 67' lang='lat' dir='ltr'><strong>Anuli-sum</strong></span> <span class='ocrx_word' id='word_1_318' title='bbox 1451 1518 1635 1551; x_wconf 65' lang='lat' dir='ltr'><strong>Lesbo&#39;ete.</strong></span> 
     </span>
     <span class='ocr_line' id='line_1_55' title="bbox 955 1566 1634 1612; baseline 0 -11"><span class='ocrx_word' id='word_1_319' title='bbox 955 1570 1129 1602; x_wconf 80' lang='lat' dir='ltr'><strong>—Pharos</strong></span> <span class='ocrx_word' id='word_1_320' title='bbox 1145 1575 1302 1612; x_wconf 76' lang='lat' dir='ltr'><strong>tempore</strong></span> <span class='ocrx_word' id='word_1_321' title='bbox 1319 1568 1490 1610; x_wconf 83' lang='lat' dir='ltr'><strong>Homeri,</strong></span> <span class='ocrx_word' id='word_1_322' title='bbox 1506 1566 1577 1602; x_wconf 90' lang='lat' dir='ltr'><strong>Od.</strong></span> <span class='ocrx_word' id='word_1_323' title='bbox 1587 1573 1611 1602; x_wconf 88' lang='grc' dir='ltr'><strong>Δ</strong></span> <span class='ocrx_word' id='word_1_324' title='bbox 1622 1592 1634 1611; x_wconf 87' lang='grc'><em>,</em></span> 
     </span>
     <span class='ocr_line' id='line_1_56' title="bbox 955 1619 1633 1666; baseline 0 -13"><span class='ocrx_word' id='word_1_325' title='bbox 955 1619 1022 1663; x_wconf 81' lang='grc'><strong>354</strong></span> <span class='ocrx_word' id='word_1_326' title='bbox 1035 1632 1097 1664; x_wconf 85' lang='lat' dir='ltr'><strong>sqq</strong></span> <span class='ocrx_word' id='word_1_327' title='bbox 1116 1645 1125 1661; x_wconf 93' lang='lat'><strong>,</strong></span> <span class='ocrx_word' id='word_1_328' title='bbox 1152 1619 1262 1654; x_wconf 86' lang='lat' dir='ltr'><strong>insula</strong></span> <span class='ocrx_word' id='word_1_329' title='bbox 1291 1619 1436 1653; x_wconf 88' lang='lat' dir='ltr'><strong>obversa</strong></span> <span class='ocrx_word' id='word_1_330' title='bbox 1456 1619 1633 1666; x_wconf 83' lang='lat' dir='ltr'><strong>AEgypto,</strong></span> 
     </span>
     <span class='ocr_line' id='line_1_57' title="bbox 955 1671 1634 1716; baseline -0.001 -11"><span class='ocrx_word' id='word_1_331' title='bbox 955 1678 1163 1716; x_wconf 83' lang='lat' dir='ltr'><strong>tantumque</strong></span> <span class='ocrx_word' id='word_1_332' title='bbox 1179 1671 1221 1705; x_wconf 86' lang='lat' dir='ltr'><strong>ab</strong></span> <span class='ocrx_word' id='word_1_333' title='bbox 1237 1683 1278 1705; x_wconf 87' lang='lat' dir='ltr'><strong>ea</strong></span> <span class='ocrx_word' id='word_1_334' title='bbox 1292 1677 1428 1707; x_wconf 84' lang='lat' dir='ltr'><strong>remota</strong></span> <span class='ocrx_word' id='word_1_335' title='bbox 1440 1695 1450 1714; x_wconf 92' lang='lat'><strong>,</strong></span> <span class='ocrx_word' id='word_1_336' title='bbox 1462 1677 1634 1715; x_wconf 81' lang='lat' dir='ltr'><strong>quantum</strong></span> 
     </span>
     <span class='ocr_line' id='line_1_58' title="bbox 956 1721 1634 1759; baseline -0.001 -3"><span class='ocrx_word' id='word_1_337' title='bbox 956 1735 1029 1757; x_wconf 87' lang='lat' dir='ltr'><strong>uno</strong></span> <span class='ocrx_word' id='word_1_338' title='bbox 1038 1723 1093 1758; x_wconf 87' lang='lat' dir='ltr'><strong>die</strong></span> <span class='ocrx_word' id='word_1_339' title='bbox 1103 1723 1198 1757; x_wconf 87' lang='lat' dir='ltr'><strong>navis</strong></span> <span class='ocrx_word' id='word_1_340' title='bbox 1205 1721 1405 1759; x_wconf 81' lang='lat' dir='ltr'><strong>confecerit.</strong></span> <span class='ocrx_word' id='word_1_341' title='bbox 1414 1721 1484 1758; x_wconf 87' lang='lat' dir='ltr'><strong>Sed</strong></span> <span class='ocrx_word' id='word_1_342' title='bbox 1492 1721 1634 1757; x_wconf 81' lang='lat' dir='ltr'><strong>invectu</strong></span> 
     </span>
     <span class='ocr_line' id='line_1_59' title="bbox 956 1773 1635 1820; baseline -0.003 -10"><span class='ocrx_word' id='word_1_343' title='bbox 956 1775 1026 1810; x_wconf 86' lang='lat' dir='ltr'><strong>Nili</strong></span> <span class='ocrx_word' id='word_1_344' title='bbox 1045 1775 1209 1820; x_wconf 85' lang='lat' dir='ltr'><strong>paulatim</strong></span> <span class='ocrx_word' id='word_1_345' title='bbox 1226 1775 1368 1820; x_wconf 78' lang='lat' dir='ltr'><strong>propius</strong></span> <span class='ocrx_word' id='word_1_346' title='bbox 1385 1773 1531 1808; x_wconf 85' lang='lat' dir='ltr'><strong>adducta</strong></span> <span class='ocrx_word' id='word_1_347' title='bbox 1546 1786 1635 1808; x_wconf 86' lang='lat' dir='ltr'><strong>con-</strong></span> 
     </span>
     <span class='ocr_line' id='line_1_60' title="bbox 957 1823 1636 1871; baseline -0.004 -10"><span class='ocrx_word' id='word_1_348' title='bbox 957 1825 1086 1861; x_wconf 70' lang='lat' dir='ltr'><strong>tinenti</strong></span> <span class='ocrx_word' id='word_1_349' title='bbox 1107 1852 1117 1870; x_wconf 92' lang='lat'><strong>,</strong></span> <span class='ocrx_word' id='word_1_350' title='bbox 1149 1832 1256 1871; x_wconf 74' lang='lat' dir='ltr'><strong>ponte</strong></span> <span class='ocrx_word' id='word_1_351' title='bbox 1282 1825 1387 1860; x_wconf 72' lang='lat' dir='ltr'><strong>etiam</strong></span> <span class='ocrx_word' id='word_1_352' title='bbox 1415 1823 1636 1862; x_wconf 66' lang='lat' dir='ltr'><strong>Alexandria&gt;</strong></span> 
     </span>
     <span class='ocr_line' id='line_1_61' title="bbox 956 1876 1633 1924; baseline -0.006 -9"><span class='ocrx_word' id='word_1_353' title='bbox 956 1879 1097 1924; x_wconf 83' lang='lat' dir='ltr'><strong>juncta;</strong></span> <span class='ocrx_word' id='word_1_354' title='bbox 1122 1878 1300 1920; x_wconf 84' lang='lat' dir='ltr'><strong>Lucanus,</strong></span> <span class='ocrx_word' id='word_1_355' title='bbox 1326 1876 1445 1913; x_wconf 85' lang='lat' dir='ltr'><strong>Phars.</strong></span> <span class='ocrx_word' id='word_1_356' title='bbox 1462 1876 1517 1920; x_wconf 91' lang='lat' dir='ltr'><strong>X,</strong></span> <span class='ocrx_word' id='word_1_357' title='bbox 1540 1879 1633 1924; x_wconf 78' lang='lat'><strong>509;</strong></span> 
     </span>
     <span class='ocr_line' id='line_1_62' title="bbox 958 1928 1632 1974; baseline -0.004 -9"><span class='ocrx_word' id='word_1_358' title='bbox 958 1931 1114 1973; x_wconf 78' lang='lat' dir='ltr'><strong>Plinius,</strong></span> <span class='ocrx_word' id='word_1_359' title='bbox 1127 1930 1184 1973; x_wconf 88' lang='grc' dir='ltr'><strong>ΙΙ,</strong></span> <span class='ocrx_word' id='word_1_360' title='bbox 1200 1932 1242 1964; x_wconf 89' lang='grc'><strong>85</strong></span> <span class='ocrx_word' id='word_1_361' title='bbox 1256 1943 1265 1971; x_wconf 87' lang='grc'><strong>;</strong></span> <span class='ocrx_word' id='word_1_362' title='bbox 1277 1930 1370 1965; x_wconf 86' lang='lat' dir='ltr'>XIII</span> <span class='ocrx_word' id='word_1_363' title='bbox 1382 1956 1393 1974; x_wconf 85' lang='lat'><strong>,</strong></span> <span class='ocrx_word' id='word_1_364' title='bbox 1411 1942 1447 1964; x_wconf 87' lang='lat'><strong>11</strong></span> <span class='ocrx_word' id='word_1_365' title='bbox 1461 1942 1471 1971; x_wconf 87' lang='lat'><strong>;</strong></span> <span class='ocrx_word' id='word_1_366' title='bbox 1483 1928 1610 1964; x_wconf 80' lang='lat' dir='ltr'><strong>Strabo</strong></span> <span class='ocrx_word' id='word_1_367' title='bbox 1621 1954 1632 1972; x_wconf 81' lang='lat'><strong>,</strong></span> 
     </span>
     <span class='ocr_line' id='line_1_63' title="bbox 956 1981 1636 2029; baseline -0.006 -10"><span class='ocrx_word' id='word_1_368' title='bbox 956 1984 1043 2020; x_wconf 87' lang='lat' dir='ltr'><strong>lib.I</strong></span> <span class='ocrx_word' id='word_1_369' title='bbox 1058 2010 1067 2027; x_wconf 87' lang='lat'><strong>,</strong></span> <span class='ocrx_word' id='word_1_370' title='bbox 1086 1997 1161 2029; x_wconf 85' lang='lat' dir='ltr'><strong>pag.</strong></span> <span class='ocrx_word' id='word_1_371' title='bbox 1171 1983 1232 2024; x_wconf 79' lang='lat'><strong>63;</strong></span> <span class='ocrx_word' id='word_1_372' title='bbox 1254 1981 1362 2017; x_wconf 88' lang='lat' dir='ltr'>XVII</span> <span class='ocrx_word' id='word_1_373' title='bbox 1375 2008 1385 2025; x_wconf 90' lang='lat'><strong>,</strong></span> <span class='ocrx_word' id='word_1_374' title='bbox 1405 1994 1480 2028; x_wconf 83' lang='lat' dir='ltr'><strong>pag.</strong></span> <span class='ocrx_word' id='word_1_375' title='bbox 1495 1982 1636 2025; x_wconf 76' lang='lat'><strong>1140.—</strong></span> 
     </span>
     <span class='ocr_line' id='line_1_64' title="bbox 962 2032 1632 2084; baseline -0.007 -13"><span class='ocrx_word' id='word_1_376' title='bbox 962 2039 1068 2084; x_wconf 82' lang='lat' dir='ltr'><strong>Tyrus</strong></span> <span class='ocrx_word' id='word_1_377' title='bbox 1075 2035 1253 2081; x_wconf 83' lang='lat' dir='ltr'><strong>quondam</strong></span> <span class='ocrx_word' id='word_1_378' title='bbox 1262 2034 1387 2078; x_wconf 82' lang='lat' dir='ltr'><strong>insula,-</strong></span> <span class='ocrx_word' id='word_1_379' title='bbox 1394 2034 1535 2079; x_wconf 72' lang='lat' dir='ltr'><strong>praealto</strong></span> <span class='ocrx_word' id='word_1_380' title='bbox 1543 2032 1632 2068; x_wconf 85' lang='lat' dir='ltr'><strong>mari</strong></span> 
     </span>
     <span class='ocr_line' id='line_1_65' title="bbox 956 2085 1634 2135; baseline -0.001 -12"><span class='ocrx_word' id='word_1_381' title='bbox 956 2089 1180 2135; x_wconf 80' lang='lat' dir='ltr'><strong>septingentis</strong></span> <span class='ocrx_word' id='word_1_382' title='bbox 1205 2087 1356 2133; x_wconf 83' lang='lat' dir='ltr'><strong>passibus</strong></span> <span class='ocrx_word' id='word_1_383' title='bbox 1378 2085 1484 2122; x_wconf 77' lang='lat' dir='ltr'><strong>divisa</strong></span> <span class='ocrx_word' id='word_1_384' title='bbox 1501 2112 1511 2130; x_wconf 93' lang='lat'><strong>,</strong></span> <span class='ocrx_word' id='word_1_385' title='bbox 1537 2099 1634 2122; x_wconf 84' lang='lat' dir='ltr'><strong>nune</strong></span> 
     </span>
     <span class='ocr_line' id='line_1_66' title="bbox 957 2138 1632 2185; baseline -0.004 -9"><span class='ocrx_word' id='word_1_386' title='bbox 957 2154 1038 2176; x_wconf 88' lang='lat' dir='ltr'><strong>vero</strong></span> <span class='ocrx_word' id='word_1_387' title='bbox 1053 2139 1239 2175; x_wconf 84' lang='lat' dir='ltr'><strong>Alexandri</strong></span> <span class='ocrx_word' id='word_1_388' title='bbox 1260 2139 1491 2185; x_wconf 76' lang='lat' dir='ltr'><strong>oppugnantis</strong></span> <span class='ocrx_word' id='word_1_389' title='bbox 1511 2138 1632 2183; x_wconf 85' lang='lat' dir='ltr'><strong>operi-</strong></span> 
     </span>
     <span class='ocr_line' id='line_1_67' title="bbox 955 2189 1632 2235; baseline -0.003 -8"><span class='ocrx_word' id='word_1_390' title='bbox 955 2193 1018 2227; x_wconf 91' lang='lat' dir='ltr'><strong>bus</strong></span> <span class='ocrx_word' id='word_1_391' title='bbox 1046 2192 1239 2227; x_wconf 87' lang='lat' dir='ltr'><strong>continens.</strong></span> <span class='ocrx_word' id='word_1_392' title='bbox 1259 2190 1353 2227; x_wconf 82' lang='lat' dir='ltr'><strong>Male</strong></span> <span class='ocrx_word' id='word_1_393' title='bbox 1375 2189 1480 2235; x_wconf 81' lang='lat' dir='ltr'><strong>igitur</strong></span> <span class='ocrx_word' id='word_1_394' title='bbox 1498 2197 1632 2225; x_wconf 75' lang='lat' dir='ltr'><strong>naturae</strong></span> 
     </span>
     <span class='ocr_line' id='line_1_68' title="bbox 956 2241 1631 2288; baseline -0.001 -10"><span class='ocrx_word' id='word_1_395' title='bbox 956 2244 1094 2287; x_wconf 79' lang='lat' dir='ltr'><strong>tribuit,</strong></span> <span class='ocrx_word' id='word_1_396' title='bbox 1116 2242 1211 2288; x_wconf 91' lang='lat' dir='ltr'><strong>quod</strong></span> <span class='ocrx_word' id='word_1_397' title='bbox 1234 2255 1339 2288; x_wconf 81' lang='lat' dir='ltr'><strong>opera</strong></span> <span class='ocrx_word' id='word_1_398' title='bbox 1360 2241 1547 2278; x_wconf 80' lang='lat' dir='ltr'><strong>hominum</strong></span> <span class='ocrx_word' id='word_1_399' title='bbox 1569 2242 1631 2277; x_wconf 85' lang='lat' dir='ltr'><strong>ef-</strong></span> 
     </span>
     <span class='ocr_line' id='line_1_69' title="bbox 955 2293 1632 2339; baseline -0.003 -9"><span class='ocrx_word' id='word_1_400' title='bbox 955 2295 1086 2330; x_wconf 80' lang='lat' dir='ltr'><strong>fectum</strong></span> <span class='ocrx_word' id='word_1_401' title='bbox 1099 2302 1148 2329; x_wconf 87' lang='lat' dir='ltr'><strong>est</strong></span> <span class='ocrx_word' id='word_1_402' title='bbox 1158 2308 1167 2336; x_wconf 81' lang='lat'><em>3</em></span> <span class='ocrx_word' id='word_1_403' title='bbox 1179 2294 1359 2338; x_wconf 85' lang='lat' dir='ltr'><strong>multoque</strong></span> <span class='ocrx_word' id='word_1_404' title='bbox 1371 2293 1486 2331; x_wconf 85' lang='lat' dir='ltr'><strong>minus</strong></span> <span class='ocrx_word' id='word_1_405' title='bbox 1494 2293 1632 2339; x_wconf 83' lang='lat' dir='ltr'><strong>probari</strong></span> 
     </span>
     <span class='ocr_line' id='line_1_70' title="bbox 955 2347 1631 2394; baseline -0.004 -11"><span class='ocrx_word' id='word_1_406' title='bbox 955 2356 1087 2393; x_wconf 78' lang='lat' dir='ltr'><strong>potest,</strong></span> <span class='ocrx_word' id='word_1_407' title='bbox 1110 2348 1203 2393; x_wconf 83' lang='lat' dir='ltr'><strong>quod</strong></span> <span class='ocrx_word' id='word_1_408' title='bbox 1221 2347 1455 2394; x_wconf 85' lang='lat' dir='ltr'><strong>Pythagoram</strong></span> <span class='ocrx_word' id='word_1_409' title='bbox 1471 2359 1512 2381; x_wconf 90' lang='lat' dir='ltr'><strong>ea</strong></span> <span class='ocrx_word' id='word_1_410' title='bbox 1528 2359 1631 2381; x_wconf 89' lang='lat' dir='ltr'><strong>com-</strong></span> 
     </span>
     <span class='ocr_line' id='line_1_71' title="bbox 955 2398 1632 2443; baseline -0.004 -8"><span class='ocrx_word' id='word_1_411' title='bbox 955 2406 1214 2435; x_wconf 86' lang='lat' dir='ltr'><strong>memorantem</strong></span> <span class='ocrx_word' id='word_1_412' title='bbox 1231 2399 1381 2442; x_wconf 77' lang='lat' dir='ltr'><strong>inducit,</strong></span> <span class='ocrx_word' id='word_1_413' title='bbox 1402 2411 1479 2443; x_wconf 77' lang='lat' dir='ltr'><strong>quae</strong></span> <span class='ocrx_word' id='word_1_414' title='bbox 1495 2405 1572 2443; x_wconf 84' lang='lat' dir='ltr'><strong>post</strong></span> <span class='ocrx_word' id='word_1_415' title='bbox 1587 2398 1632 2432; x_wconf 85' lang='lat' dir='ltr'><strong>il-</strong></span> 
     </span>
     <span class='ocr_line' id='line_1_72' title="bbox 954 2449 1553 2494; baseline -0.003 -9"><span class='ocrx_word' id='word_1_416' title='bbox 954 2451 1020 2486; x_wconf 85' lang='lat' dir='ltr'><strong>lius</strong></span> <span class='ocrx_word' id='word_1_417' title='bbox 1035 2451 1179 2490; x_wconf 87' lang='lat' dir='ltr'><strong>demum</strong></span> <span class='ocrx_word' id='word_1_418' title='bbox 1193 2458 1351 2494; x_wconf 89' lang='lat' dir='ltr'><strong>tempora</strong></span> <span class='ocrx_word' id='word_1_419' title='bbox 1364 2449 1452 2484; x_wconf 77' lang='lat' dir='ltr'><strong>facta</strong></span> <span class='ocrx_word' id='word_1_420' title='bbox 1460 2456 1553 2484; x_wconf 86' lang='lat' dir='ltr'><strong>sunt.</strong></span> 
     </span>
     <span class='ocr_line' id='line_1_73' title="bbox 1001 2501 1630 2550; baseline -0.003 -13"><span class='ocrx_word' id='word_1_421' title='bbox 1001 2504 1075 2550; x_wconf 81' lang='lat'><strong>289.</strong></span> <span class='ocrx_word' id='word_1_422' title='bbox 1098 2505 1228 2538; x_wconf 84' lang='lat' dir='ltr'><strong>Leucas</strong></span> <span class='ocrx_word' id='word_1_423' title='bbox 1246 2502 1289 2537; x_wconf 88' lang='lat' dir='ltr'><strong>ad</strong></span> <span class='ocrx_word' id='word_1_424' title='bbox 1307 2501 1510 2537; x_wconf 83' lang='lat' dir='ltr'><strong>Acarnaniae</strong></span> <span class='ocrx_word' id='word_1_425' title='bbox 1524 2501 1604 2535; x_wconf 78' lang='lat' dir='ltr'><strong>litus</strong></span> <span class='ocrx_word' id='word_1_426' title='bbox 1617 2526 1630 2543; x_wconf 90' lang='lat'><strong><em>‚</em></strong></span> 
     </span>
     <span class='ocr_line' id='line_1_74' title="bbox 956 2552 1628 2600; baseline -0.004 -11"><span class='ocrx_word' id='word_1_427' title='bbox 956 2555 1040 2595; x_wconf 84' lang='lat' dir='ltr'><strong>olim</strong></span> <span class='ocrx_word' id='word_1_428' title='bbox 1053 2555 1254 2600; x_wconf 84' lang='lat' dir='ltr'><strong>peninsula;</strong></span> <span class='ocrx_word' id='word_1_429' title='bbox 1273 2552 1363 2589; x_wconf 79' lang='lat' dir='ltr'><strong>Ptin.</strong></span> <span class='ocrx_word' id='word_1_430' title='bbox 1381 2554 1416 2588; x_wconf 89' lang='lat' dir='ltr'><strong>II</strong></span> <span class='ocrx_word' id='word_1_431' title='bbox 1428 2579 1438 2597; x_wconf 84' lang='lat'><strong>,</strong></span> <span class='ocrx_word' id='word_1_432' title='bbox 1455 2565 1498 2600; x_wconf 82' lang='lat'><strong>9⁰</strong></span> <span class='ocrx_word' id='word_1_433' title='bbox 1511 2578 1520 2596; x_wconf 93' lang='lat'><strong>,</strong></span> <span class='ocrx_word' id='word_1_434' title='bbox 1540 2565 1558 2583; x_wconf 83' lang='lat'>«</span> <span class='ocrx_word' id='word_1_435' title='bbox 1570 2552 1628 2586; x_wconf 84' lang='lat' dir='ltr'><strong>Ad</strong></span> 
     </span>
     <span class='ocr_line' id='line_1_75' title="bbox 958 2603 1634 2652; baseline -0.006 -11"><span class='ocrx_word' id='word_1_436' title='bbox 958 2620 976 2637; x_wconf 88' lang='lat'>»</span> <span class='ocrx_word' id='word_1_437' title='bbox 993 2606 1059 2641; x_wconf 89' lang='lat' dir='ltr'><strong>hoc</strong></span> <span class='ocrx_word' id='word_1_438' title='bbox 1083 2606 1239 2652; x_wconf 88' lang='lat' dir='ltr'><strong>perrupit</strong></span> <span class='ocrx_word' id='word_1_439' title='bbox 1261 2618 1355 2643; x_wconf 84' lang='lat' dir='ltr'><strong>mare</strong></span> <span class='ocrx_word' id='word_1_440' title='bbox 1373 2603 1539 2639; x_wconf 86' lang='lat' dir='ltr'><strong>Leucada.</strong></span> <span class='ocrx_word' id='word_1_441' title='bbox 1554 2618 1572 2634; x_wconf 70' lang='grc' dir='ltr'><strong>»ι</strong></span> <span class='ocrx_word' id='word_1_442' title='bbox 1585 2620 1634 2630; x_wconf 77' lang='lat'><strong>-0</strong></span> 
     </span>
     <span class='ocr_line' id='line_1_76' title="bbox 959 2656 1628 2703; baseline -0.004 -11"><span class='ocrx_word' id='word_1_443' title='bbox 959 2659 1155 2692; x_wconf 80' lang='lat' dir='ltr'><strong>Continuam</strong></span> <span class='ocrx_word' id='word_1_444' title='bbox 1165 2670 1228 2703; x_wconf 86' lang='lat' dir='ltr'><strong>pro</strong></span> <span class='ocrx_word' id='word_1_445' title='bbox 1235 2657 1365 2703; x_wconf 86' lang='lat' dir='ltr'><strong>vulgari</strong></span> <span class='ocrx_word' id='word_1_446' title='bbox 1374 2656 1628 2698; x_wconf 83' lang='lat' dir='ltr'><strong>continentem,</strong></span> 
     </span>
     <span class='ocr_line' id='line_1_77' title="bbox 956 2708 1629 2745; baseline -0.003 -1"><span class='ocrx_word' id='word_1_447' title='bbox 956 2710 1188 2745; x_wconf 88' lang='lat' dir='ltr'><strong>cohaerentem</strong></span> <span class='ocrx_word' id='word_1_448' title='bbox 1209 2723 1291 2744; x_wconf 90' lang='lat' dir='ltr'><strong>cum</strong></span> <span class='ocrx_word' id='word_1_449' title='bbox 1312 2717 1403 2745; x_wconf 85' lang='lat' dir='ltr'><strong>terra</strong></span> <span class='ocrx_word' id='word_1_450' title='bbox 1424 2722 1432 2744; x_wconf 76' lang='lat' dir='ltr'><strong><em>z</em></strong></span> <span class='ocrx_word' id='word_1_451' title='bbox 1451 2709 1499 2744; x_wconf 88' lang='lat' dir='ltr'><strong>sic</strong></span> <span class='ocrx_word' id='word_1_452' title='bbox 1523 2708 1629 2743; x_wconf 86' lang='lat' dir='ltr'><strong>etiam</strong></span> 
     </span>
     <span class='ocr_line' id='line_1_78' title="bbox 957 2761 1630 2810; baseline -0.006 -11"><span class='ocrx_word' id='word_1_453' title='bbox 957 2764 1051 2800; x_wconf 83' lang='lat' dir='ltr'>VIII</span> <span class='ocrx_word' id='word_1_454' title='bbox 1062 2789 1072 2807; x_wconf 94' lang='lat'><strong>,</strong></span> <span class='ocrx_word' id='word_1_455' title='bbox 1089 2764 1335 2810; x_wconf 63' lang='lat' dir='ltr'><strong>589—Zancle</strong></span> <span class='ocrx_word' id='word_1_456' title='bbox 1348 2774 1470 2807; x_wconf 84' lang='lat' dir='ltr'><strong>quoque</strong></span> <span class='ocrx_word' id='word_1_457' title='bbox 1481 2768 1543 2797; x_wconf 87' lang='lat' dir='ltr'><strong>etc.</strong></span> <span class='ocrx_word' id='word_1_458' title='bbox 1557 2761 1630 2796; x_wconf 79' lang='lat' dir='ltr'><strong>Pro</strong></span> 
     </span>
    </p>
   </div>
  </div>
 </body>
</html>
