1820 3106
257 280 346 336 486

616 282 669 326 Ρ.
711 283 953 329 OVIDII
992 284 1302 331 NASONIS

251 373 492 436 Deriguere
517 373 660 434 oculi,
684 375 938 442 calidusque
962 395 984 425 e
1009 396 1192 443 corpore
1217 378 1421 440 sanguis,

251 450 440 498 Inducto
463 451 628 518 pallore
643 490 654 509 ,
677 452 818 516 fugit3
843 466 1085 520 conataque
1111 466 1229 502 retro

1599 469 1664 524 7⁵5

248 524 379 578 Ferre
400 529 534 595 pedes
549 567 561 588 ,
586 530 736 588 haesit3
763 543 915 580 conata
939 543 1128 579 avertere
1151 530 1323 589 vultus,

249 607 349 653 Hoc
371 624 547 671 quoque
570 626 660 653 non
683 608 830 673 potuit
855 628 864 655 :
889 606 1184 674 paulatimque
1206 619 1390 672 occupat
1411 618 1555 666 artus,

250 682 387 749 Quod
411 682 495 730 fuit
518 683 563 730 in
588 684 697 731 duro
715 685 972 750 jampridem
990 696 1167 749 pectore
1182 720 1194 740 ‚
1219 701 1383 731 saxum.

247 759 366 807 Neve
386 778 432 808 ea
456 760 554 808 ficta
574 773 725 826 putes,
752 761 936 808 dominae
961 761 1044 808 sub
1070 760 1257 822 imagine
1281 760 1457 822 signum

250 835 401 884 Servat
423 837 565 885 adhuc
590 837 774 886 Salamis
798 859 808 886 :
829 838 1014 886 Veneris
1032 855 1209 903 quoque
1227 837 1404 885 nomine
1429 835 1640 903 templum

248 912 564 978 Prospicientis
587 912 721 961 habet
739 934 749 962 ε
774 936 795 956 «
822 914 1026 977 Quorum
1045 933 1234 973 memor,
1255 934 1282 962 o
1299 933 1419 971 mea,
1438 912 1581 962 lentos
1597 927 1658 975 761

249 1011 272 1032 »
300 990 447 1047 Pone,
473 1009 655 1056 precor,
677 990 839 1048 fastus,
866 1003 910 1040 et
934 992 1094 1040 amanti
1117 992 1323 1055 jungere,
1347 993 1563 1061 Nymphe.
1621 1026 1623 1028 -

247 1088 273 1109 >›
304 1066 375 1113 Sic
398 1067 482 1114 tibi
502 1084 580 1114 nec
603 1086 783 1115 vernum
804 1069 1025 1118 nascentia
1048 1069 1188 1132 frigus
1210 1070 1365 1119 adurat

246 1166 271 1187 »
297 1145 456 1202 Poma,
481 1163 561 1192 nec
584 1145 805 1193 excutiant
828 1146 971 1212 rapidi
992 1147 1192 1194 florentia
1212 1147 1344 1195 venti.
1373 1169 1395 1190 n

310 1223 415 1270 Haec
438 1222 518 1270 ubi
541 1221 840 1288 nequidquam
861 1223 1023 1272 formas
1045 1215 1167 1272 Deus
1190 1236 1319 1290 aptus
1342 1224 1390 1271 in
1414 1242 1563 1272 omnes
1596 1237 1661 1283 765

242 1296 419 1358 Edidit,
446 1300 492 1347 in
513 1300 713 1365 juvenem
736 1301 890 1359 rediit,
914 1314 958 1350 et
978 1302 1107 1349 anilia
1131 1302 1266 1350 demit

243 1381 541 1428 Instrumenta
564 1379 675 1436 sibi;
703 1379 888 1446 talisque
913 1380 1115 1446 adparuit
1134 1380 1225 1440 illi,

246 1456 403 1521 Qualis
428 1457 508 1504 ubi
533 1457 759 1522 oppositas
782 1458 1044 1506 nitidissima
1069 1458 1185 1507 Solis
1208 1459 1353 1522 imago

245 1532 390 1580 Evicit
409 1530 575 1588 nubes,
600 1531 806 1597 nullaque
832 1532 1030 1580 obstante
1052 1533 1232 1589 reluxit3

244 1610 435 1675 Vimque
459 1621 613 1675 parat:
638 1609 711 1657 sed
738 1610 778 1656 vi
799 1629 891 1657 non
917 1622 982 1658 cst
1005 1630 1144 1676 opus;
1171 1611 1304 1676 inque
1327 1611 1468 1674 figura

1596 1635 1662 1672 77⁰

247 1690 386 1754 Capta
408 1688 492 1735 Dei
515 1688 720 1753 Nymphe
741 1700 833 1744 est,
861 1700 901 1736 et
924 1701 1074 1736 mutua
1099 1689 1279 1737 vulnera
1303 1690 1448 1738 sentit.
1503 1709 1505 1713 ’

310 1769 367 1815 Χ.
395 1765 628 1813 Proximus
650 1767 869 1813 Ausonias
895 1766 1047 1830 injusti
1071 1766 1198 1815 miles
1217 1767 1368 1815 Amuli

243 1897 378 1935 Mortua
394 1907 589 1937 componat,
612 1894 671 1928 ubi
695 1894 774 1929 vide
796 1901 916 1935 notam

242 1956 399 1984 nostram
412 1960 420 1981 :
436 1947 626 1982 Mitscherl.
645 1954 764 1982 tamen
779 1951 918 1988 imposi-

242 2009 311 2036 tum
329 1998 486 2044 praetulit.
499 2018 542 2025 -
553 1999 778 2044 Quamquam
792 1999 916 2033 Gieri—

244 2052 318 2096 gius
334 2063 375 2084 ex
389 2049 454 2083 alio
470 2049 544 2084 loco
560 2056 707 2084 conetur
725 2049 916 2084 defendere

243 2106 276 2137 rb
285 2104 509 2146 compositum,
519 2113 591 2135 non
602 2109 675 2135 erat
687 2108 803 2135 tamen
817 2114 916 2135 causa

243 2167 305 2190 cur
319 2166 359 2188 ex
370 2165 442 2186 uno
457 2152 573 2186 codice
586 2151 752 2187 cantabr.
768 2159 916 2187 mutare-

244 2213 303 2240 tur
317 2204 477 2238 omnium
494 2203 640 2238 aliorum
662 2204 762 2238 lectio
780 2207 916 2247 imposi-

241 2265 320 2291 tum.
340 2255 404 2290 Ed.
415 2256 654 2298 —Dengruem
670 2254 786 2299 Vulgo
799 2280 812 2298 ,
829 2262 862 2289 et
878 2255 915 2288 in

242 2307 415 2341 codicibus
434 2306 484 2340 Re
489 2306 553 2351 giis
561 2331 576 2347 ‚.
585 2308 754 2348 diriguere.

289 2359 328 2405 76
334 2372 346 2393 1
352 2384 359 2391 .
369 2360 622 2400 prospicienda
630 2358 708 2392 Hoc
719 2369 914 2402 cognomen

244 2409 372 2454 accepit
387 2421 405 2442 a
420 2408 535 2442 forma
551 2409 787 2454 prospicientis
803 2408 845 2443 de
859 2409 915 2443 fe-

242 2467 358 2495 nestra
375 2460 604 2502 Anaxeretes,
622 2472 697 2504 quae
711 2459 832 2494 eadem
843 2472 914 2505 spe-

244 2513 295 2546 cie
308 2525 327 2546 a
339 2513 479 2546 Venere
490 2512 526 2545 in
537 2524 655 2545 saxum
664 2524 827 2546 conversa
836 2511 912 2546 fuit.

244 2565 297 2600 Ita
315 2572 407 2599 recte
426 2564 597 2611 Mycillus.

289 2616 360 2660 762.
377 2615 627 2658 Lentosfaslus
640 2643 648 2656 ‚
681 2616 740 2661 qui
762 2616 914 2650 reddunt

241 2666 370 2712 puellas
386 2669 509 2707 lentas,
526 2667 560 2701 id
577 2674 627 2702 est
641 2667 817 2709 difficiles;
835 2667 912 2702 vide

245 2718 288 2754 ad
305 2719 415 2761 XIII,
434 2732 506 2765 799.

288 2771 360 2817 753.
376 2772 431 2807 Sic
440 2772 513 2816 ejus
524 2778 573 2816 est
587 2798 599 2815 2
610 2773 687 2817 qui,
700 2779 738 2808 ut
749 2773 913 2818 impetret

982 1895 1024 1929 ab
1041 1895 1148 1929 altero
1171 1895 1263 1939 quod
1289 1895 1460 1940 petierat,
1485 1908 1567 1931 eum
1587 1898 1658 1932 ob-

982 1947 1163 1980 testatione
1181 1947 1211 1980 ei
1231 1946 1439 1990 adprecatur
1461 1948 1599 1993 aliquid.
1614 1968 1660 1976 —

986 1998 1086 2032 Urere
1100 1997 1206 2032 etiam
1218 1997 1259 2031 de
1271 1997 1401 2043 frigore
1419 1998 1562 2042 dicitur;
1581 1999 1654 2036 Cic.

982 2049 1084 2084 Tusc.
1100 2050 1136 2084 II
1147 2072 1157 2089 ,
1177 2063 1224 2093 ¹7·

1026 2102 1097 2146 765.
1113 2103 1234 2136 Am'lia
1249 2105 1467 2138 instrumenta
1478 2104 1666 2150 eleganter*

980 2160 1079 2186 vocat
1093 2166 1209 2198 rugas,
1227 2166 1332 2188 canos
1346 2162 1381 2189 et
1397 2155 1528 2200 reliqua
1544 2183 1553 2199 ‚
1572 2157 1652 2202 qui-

979 2204 1045 2238 bus
1060 2203 1249 2248 efficiebat,
1274 2215 1312 2239 ut
1327 2219 1412 2241 anus
1428 2219 1498 2242 esse
1514 2207 1655 2244 videre-

980 2262 1058 2296 tur;
1077 2256 1168 2290 conf.
1182 2269 1228 2291 vs.
1248 2257 1312 2300 654
1328 2265 1363 2300 et
1379 2258 1454 2293 655.

1025 2320 1096 2352 770·
1107 2309 1263 2353 Infigura
1277 2312 1368 2352 capi,
1385 2317 1423 2344 ut
1435 2311 1506 2353 VI,
1519 2313 1602 2358 490,
1615 2315 1653 2347 in

979 2361 1041 2393 illa
1052 2366 1171 2394 oeslual
1182 2372 1193 2402 ‚·
1212 2361 1303 2395 VIII
1315 2387 1324 2404 ,
1343 2363 1385 2396 50
1398 2387 1408 2404 ,
1420 2366 1506 2397 arsit
1512 2367 1547 2398 in
1557 2367 1630 2399 illa.

1024 2415 1188 2458 772-851.
1206 2415 1370 2448 Romulus
1383 2422 1561 2460 postquam
1577 2443 1585 2459 ‚
1598 2417 1654 2451 vi-

979 2463 1040 2498 ctis
1053 2464 1189 2499 Sabinis
1200 2491 1209 2506 ,
1221 2478 1296 2499 rem
1311 2465 1506 2501 Romanam
1520 2467 1650 2502 funda-

978 2526 1095 2560 verat,
1114 2532 1131 2552 a
1149 2519 1264 2553 Marte
1279 2520 1441 2564 abreptus
1450 2520 1543 2555 inter
1553 2522 1649 2557 Deos

978 2569 1141 2614 recipitur
1154 2596 1170 2613 ,,
1189 2570 1349 2614 idemque
1375 2570 1488 2605 honor
1512 2572 1652 2607 divinus

977 2621 1142 2656 tribuitur
1157 2623 1308 2656 Hersilia·
1325 2622 1474 2667 conjugi.
1498 2623 1559 2658 Ille
1583 2624 1646 2658 sub

982 2674 1131 2714 Quirini,
1150 2673 1222 2707 haec
1237 2673 1299 2708 sub
1314 2675 1414 2708 Hom·
1429 2675 1570 2709 nomine
1587 2688 1646 2709 co-

976 2722 1227 2757 litur.--ffIsles
1240 2726 1373 2765 Amuli,
1391 2725 1550 2761 Amulius
1563 2726 1643 2770 ipse.

977 2773 1075 2809 Dura
1091 2775 1305 2821 periphrasis.
1322 2795 1366 2803 —
1382 2776 1563 2822 Injustt‘ob
1580 2788 1644 2811 re·-
