<?xml version="1.0" encoding="UTF-8"?>
<!DOCTYPE html PUBLIC "-//W3C//DTD XHTML 1.0 Transitional//EN"
    "http://www.w3.org/TR/xhtml1/DTD/xhtml1-transitional.dtd">
<html xmlns="http://www.w3.org/1999/xhtml" xml:lang="en" lang="en">
 <head>
  <title>
</title>
<meta http-equiv="Content-Type" content="text/html;charset=utf-8" />
  <meta name='ocr-system' content='tesseract 3.04.00' />
  <meta name='ocr-capabilities' content='ocr_page ocr_carea ocr_par ocr_line ocrx_word'/>
</head>
<body>
  <div class='ocr_page' id='page_1' title='image "./quaeextantomniao04oviduoft_0543.png"; bbox 0 0 1820 3106; ppageno 0'>
   <div class='ocr_carea' id='block_1_1' title="bbox 371 225 1367 276">
    <p class='ocr_par' dir='ltr' id='par_1_1' title="bbox 371 225 1367 276">
     <span class='ocr_line' id='line_1_1' title="bbox 371 225 1367 276; baseline -0.002 0"><span class='ocrx_word' id='word_1_1' title='bbox 371 225 1054 276; x_wconf 88' lang='lat' dir='ltr'><strong>METAMORPHOSEON</strong></span> <span class='ocrx_word' id='word_1_2' title='bbox 1086 228 1215 272; x_wconf 84' lang='lat' dir='ltr'><strong>LIB.</strong></span> <span class='ocrx_word' id='word_1_3' title='bbox 1252 229 1367 274; x_wconf 88' lang='lat' dir='ltr'><strong>XV.</strong></span> 
     </span>
    </p>
   </div>
   <div class='ocr_carea' id='block_1_2' title="bbox 1494 229 1584 291">
    <p class='ocr_par' dir='ltr' id='par_1_2' title="bbox 1494 229 1584 291">
     <span class='ocr_line' id='line_1_2' title="bbox 1494 229 1584 291; baseline 0.011 -18"><span class='ocrx_word' id='word_1_4' title='bbox 1494 229 1584 291; x_wconf 82' lang='lat'><strong>5²9</strong></span> 
     </span>
    </p>
   </div>
   <div class='ocr_carea' id='block_1_3' title="bbox 153 321 1363 387">
    <p class='ocr_par' dir='ltr' id='par_1_3' title="bbox 153 321 1363 387">
     <span class='ocr_line' id='line_1_3' title="bbox 153 321 1363 387; baseline -0.003 -12"><span class='ocrx_word' id='word_1_5' title='bbox 153 326 285 375; x_wconf 85' lang='lat' dir='ltr'><strong>Nunc</strong></span> <span class='ocrx_word' id='word_1_6' title='bbox 305 322 678 374; x_wconf 53' lang='lat' dir='ltr'><strong>humilis&#39;veteres</strong></span> <span class='ocrx_word' id='word_1_7' title='bbox 699 321 1010 370; x_wconf 77' lang='lat' dir='ltr'><strong>tantummodo</strong></span> <span class='ocrx_word' id='word_1_8' title='bbox 1033 321 1168 387; x_wconf 90' lang='lat' dir='ltr'><strong>Troja</strong></span> <span class='ocrx_word' id='word_1_9' title='bbox 1186 322 1337 372; x_wconf 88' lang='lat' dir='ltr'><strong>ruinas</strong></span> <span class='ocrx_word' id='word_1_10' title='bbox 1351 361 1363 383; x_wconf 91' lang='lat'>‚</span> 
     </span>
    </p>
   </div>
   <div class='ocr_carea' id='block_1_4' title="bbox 154 398 1162 470">
    <p class='ocr_par' dir='ltr' id='par_1_4' title="bbox 154 398 1162 470">
     <span class='ocr_line' id='line_1_4' title="bbox 154 398 1162 470; baseline -0.006 -17"><span class='ocrx_word' id='word_1_11' title='bbox 154 405 216 453; x_wconf 88' lang='lat' dir='ltr'><strong>Et</strong></span> <span class='ocrx_word' id='word_1_12' title='bbox 238 421 323 470; x_wconf 88' lang='lat' dir='ltr'><strong>pro</strong></span> <span class='ocrx_word' id='word_1_13' title='bbox 347 400 511 450; x_wconf 85' lang='lat' dir='ltr'><strong>divitiis</strong></span> <span class='ocrx_word' id='word_1_14' title='bbox 534 398 730 448; x_wconf 86' lang='lat' dir='ltr'><strong>tumulos</strong></span> <span class='ocrx_word' id='word_1_15' title='bbox 755 398 950 448; x_wconf 85' lang='lat' dir='ltr'><strong>ostendit</strong></span> <span class='ocrx_word' id='word_1_16' title='bbox 967 417 1162 447; x_wconf 88' lang='lat' dir='ltr'><strong>avorum.</strong></span> 
     </span>
    </p>
   </div>
   <div class='ocr_carea' id='block_1_5' title="bbox 1520 415 1587 460">
    <p class='ocr_par' dir='ltr' id='par_1_5' title="bbox 1520 415 1587 460">
     <span class='ocr_line' id='line_1_5' title="bbox 1520 415 1587 460; baseline 0 -11"><span class='ocrx_word' id='word_1_17' title='bbox 1520 415 1587 460; x_wconf 79' lang='lat'><strong>425</strong></span> 
     </span>
    </p>
   </div>
   <div class='ocr_carea' id='block_1_6' title="bbox 156 475 1310 622">
    <p class='ocr_par' dir='ltr' id='par_1_6' title="bbox 156 475 1310 622">
     <span class='ocr_line' id='line_1_6' title="bbox 156 475 1242 543; baseline -0.005 -14"><span class='ocrx_word' id='word_1_18' title='bbox 156 479 289 528; x_wconf 89' lang='lat' dir='ltr'><strong>Clara</strong></span> <span class='ocrx_word' id='word_1_19' title='bbox 310 478 397 527; x_wconf 74' lang='lat' dir='ltr'><strong>{hit</strong></span> <span class='ocrx_word' id='word_1_20' title='bbox 419 477 577 543; x_wconf 85' lang='lat' dir='ltr'><strong>Sparte</strong></span> <span class='ocrx_word' id='word_1_21' title='bbox 599 496 609 524; x_wconf 76' lang='lat' dir='ltr'>z</span> <span class='ocrx_word' id='word_1_22' title='bbox 630 494 801 538; x_wconf 80' lang='lat' dir='ltr'><strong>magnae</strong></span> <span class='ocrx_word' id='word_1_23' title='bbox 820 475 998 538; x_wconf 79' lang='lat' dir='ltr'><strong>viguere</strong></span> <span class='ocrx_word' id='word_1_24' title='bbox 1022 476 1242 542; x_wconf 83' lang='lat' dir='ltr'><strong>Mycenae;</strong></span> 
     </span>
     <span class='ocr_line' id='line_1_7' title="bbox 156 553 1310 622; baseline -0.003 -16"><span class='ocrx_word' id='word_1_25' title='bbox 156 559 250 606; x_wconf 84' lang='lat' dir='ltr'><strong>Nec</strong></span> <span class='ocrx_word' id='word_1_26' title='bbox 271 566 364 604; x_wconf 88' lang='lat' dir='ltr'><strong>non</strong></span> <span class='ocrx_word' id='word_1_27' title='bbox 389 554 641 622; x_wconf 87' lang='lat' dir='ltr'><strong>Cecropiae;</strong></span> <span class='ocrx_word' id='word_1_28' title='bbox 664 573 746 603; x_wconf 90' lang='lat' dir='ltr'><strong>nec</strong></span> <span class='ocrx_word' id='word_1_29' title='bbox 769 573 863 602; x_wconf 93' lang='lat' dir='ltr'><strong>non</strong></span> <span class='ocrx_word' id='word_1_30' title='bbox 885 553 1155 621; x_wconf 80' lang='lat' dir='ltr'>Amphionis</span> <span class='ocrx_word' id='word_1_31' title='bbox 1176 572 1310 603; x_wconf 90' lang='lat' dir='ltr'><strong>arces.</strong></span> 
     </span>
    </p>
   </div>
   <div class='ocr_carea' id='block_1_7' title="bbox 128 632 1318 780">
    <p class='ocr_par' dir='ltr' id='par_1_7' title="bbox 128 632 1318 780">
     <span class='ocr_line' id='line_1_8' title="bbox 153 632 1311 702; baseline -0.003 -18"><span class='ocrx_word' id='word_1_32' title='bbox 153 635 255 686; x_wconf 83' lang='lat' dir='ltr'><strong>Vile</strong></span> <span class='ocrx_word' id='word_1_33' title='bbox 279 635 426 685; x_wconf 91' lang='lat' dir='ltr'><strong>solum</strong></span> <span class='ocrx_word' id='word_1_34' title='bbox 447 635 605 702; x_wconf 86' lang='lat' dir='ltr'>Sparte</span> <span class='ocrx_word' id='word_1_35' title='bbox 631 646 696 683; x_wconf 88' lang='lat' dir='ltr'><strong>est</strong></span> <span class='ocrx_word' id='word_1_36' title='bbox 716 654 726 683; x_wconf 90' lang='lat'>:</span> <span class='ocrx_word' id='word_1_37' title='bbox 747 632 845 682; x_wconf 87' lang='lat' dir='ltr'><strong>altae</strong></span> <span class='ocrx_word' id='word_1_38' title='bbox 865 632 1059 681; x_wconf 84' lang='lat' dir='ltr'><strong>cecidere</strong></span> <span class='ocrx_word' id='word_1_39' title='bbox 1082 634 1311 699; x_wconf 81' lang='lat' dir='ltr'><strong>Mycenae:</strong></span> 
     </span>
     <span class='ocr_line' id='line_1_9' title="bbox 128 708 1318 780; baseline -0.004 -18"><span class='ocrx_word' id='word_1_40' title='bbox 128 744 130 747; x_wconf 58' lang='lat'>&gt;</span> <span class='ocrx_word' id='word_1_41' title='bbox 157 711 501 780; x_wconf 87' lang='lat' dir='ltr'><strong>OEdipodioniae</strong></span> <span class='ocrx_word' id='word_1_42' title='bbox 523 711 632 778; x_wconf 91' lang='lat' dir='ltr'><strong>quid</strong></span> <span class='ocrx_word' id='word_1_43' title='bbox 656 721 787 769; x_wconf 88' lang='lat' dir='ltr'><strong>sunt,</strong></span> <span class='ocrx_word' id='word_1_44' title='bbox 809 709 898 759; x_wconf 88' lang='lat' dir='ltr'><strong>nisi</strong></span> <span class='ocrx_word' id='word_1_45' title='bbox 915 708 1092 769; x_wconf 84' lang='lat' dir='ltr'><strong>fabula,</strong></span> <span class='ocrx_word' id='word_1_46' title='bbox 1114 708 1318 757; x_wconf 82' lang='lat' dir='ltr'><strong>Thehae?</strong></span> 
     </span>
    </p>
   </div>
   <div class='ocr_carea' id='block_1_8' title="bbox 156 785 1375 855">
    <p class='ocr_par' dir='ltr' id='par_1_8' title="bbox 156 785 1375 855">
     <span class='ocr_line' id='line_1_10' title="bbox 156 785 1375 855; baseline -0.004 -17"><span class='ocrx_word' id='word_1_47' title='bbox 156 789 285 855; x_wconf 81' lang='lat' dir='ltr'><strong>Quid</strong></span> <span class='ocrx_word' id='word_1_48' title='bbox 308 788 568 838; x_wconf 76' lang='lat' dir='ltr'><strong>Pandioniae</strong></span> <span class='ocrx_word' id='word_1_49' title='bbox 590 798 759 837; x_wconf 85' lang='lat' dir='ltr'><strong>restant</strong></span> <span class='ocrx_word' id='word_1_50' title='bbox 775 825 787 846; x_wconf 85' lang='lat'>‚</span> <span class='ocrx_word' id='word_1_51' title='bbox 811 786 900 835; x_wconf 88' lang='lat' dir='ltr'><strong>nisi</strong></span> <span class='ocrx_word' id='word_1_52' title='bbox 922 805 1086 834; x_wconf 91' lang='lat' dir='ltr'><strong>nomen</strong></span> <span class='ocrx_word' id='word_1_53' title='bbox 1102 823 1113 843; x_wconf 91' lang='lat'>‚</span> <span class='ocrx_word' id='word_1_54' title='bbox 1140 785 1327 834; x_wconf 88' lang='lat' dir='ltr'><strong>Athenae</strong></span> <span class='ocrx_word' id='word_1_55' title='bbox 1344 786 1375 834; x_wconf 55' lang='lat'><strong>?&gt;</strong></span> 
     </span>
    </p>
   </div>
   <div class='ocr_carea' id='block_1_9' title="bbox 1528 800 1597 846">
    <p class='ocr_par' dir='ltr' id='par_1_9' title="bbox 1528 800 1597 846">
     <span class='ocr_line' id='line_1_11' title="bbox 1528 800 1597 846; baseline 0.043 -12"><span class='ocrx_word' id='word_1_56' title='bbox 1528 800 1597 846; x_wconf 79' lang='lat'><strong>430</strong></span> 
     </span>
    </p>
   </div>
   <div class='ocr_carea' id='block_1_10' title="bbox 156 863 1581 1163">
    <p class='ocr_par' dir='ltr' id='par_1_10' title="bbox 156 863 1581 1013">
     <span class='ocr_line' id='line_1_12' title="bbox 156 863 1581 934; baseline -0.002 -18"><span class='ocrx_word' id='word_1_57' title='bbox 156 869 290 917; x_wconf 79' lang='lat' dir='ltr'><strong>Nunc</strong></span> <span class='ocrx_word' id='word_1_58' title='bbox 313 885 491 934; x_wconf 86' lang='lat' dir='ltr'><strong>quoque</strong></span> <span class='ocrx_word' id='word_1_59' title='bbox 512 864 785 914; x_wconf 85' lang='lat' dir='ltr'><strong>Dardaniam</strong></span> <span class='ocrx_word' id='word_1_60' title='bbox 806 863 922 914; x_wconf 86' lang='lat' dir='ltr'><strong>fama</strong></span> <span class='ocrx_word' id='word_1_61' title='bbox 943 875 1011 912; x_wconf 88' lang='lat' dir='ltr'><strong>est</strong></span> <span class='ocrx_word' id='word_1_62' title='bbox 1035 882 1303 927; x_wconf 85' lang='lat' dir='ltr'><strong>consurgere</strong></span> <span class='ocrx_word' id='word_1_63' title='bbox 1328 865 1545 924; x_wconf 88' lang='lat' dir='ltr'><strong>Romam;</strong></span> <span class='ocrx_word' id='word_1_64' title='bbox 1572 918 1581 929; x_wconf 33' lang='grc' dir='ltr'><em>ο</em></span> 
     </span>
     <span class='ocr_line' id='line_1_13' title="bbox 156 941 1316 1013; baseline -0.003 -19"><span class='ocrx_word' id='word_1_65' title='bbox 156 944 544 1013; x_wconf 73' lang='lat' dir='ltr'><strong>Appenninigenae</strong></span> <span class='ocrx_word' id='word_1_66' title='bbox 570 961 668 1010; x_wconf 87' lang='lat' dir='ltr'><strong>quae</strong></span> <span class='ocrx_word' id='word_1_67' title='bbox 690 941 893 1009; x_wconf 85' lang='lat' dir='ltr'><strong>proxima</strong></span> <span class='ocrx_word' id='word_1_68' title='bbox 913 941 1159 1009; x_wconf 82' lang='lat' dir='ltr'><strong>Thybridis</strong></span> <span class='ocrx_word' id='word_1_69' title='bbox 1181 942 1316 991; x_wconf 89' lang='lat' dir='ltr'><strong>undis</strong></span> 
     </span>
    </p>

    <p class='ocr_par' dir='ltr' id='par_1_11' title="bbox 160 1019 1208 1087">
     <span class='ocr_line' id='line_1_14' title="bbox 160 1019 1208 1087; baseline -0.006 -14"><span class='ocrx_word' id='word_1_70' title='bbox 160 1023 287 1073; x_wconf 90' lang='lat' dir='ltr'><strong>Mole</strong></span> <span class='ocrx_word' id='word_1_71' title='bbox 311 1022 397 1072; x_wconf 90' lang='lat' dir='ltr'><strong>sub</strong></span> <span class='ocrx_word' id='word_1_72' title='bbox 417 1021 592 1085; x_wconf 80' lang='lat' dir='ltr'><strong>ingenti</strong></span> <span class='ocrx_word' id='word_1_73' title='bbox 612 1039 760 1068; x_wconf 90' lang='lat' dir='ltr'><strong>rerum</strong></span> <span class='ocrx_word' id='word_1_74' title='bbox 782 1019 1042 1068; x_wconf 86' lang='lat' dir='ltr'><strong>fundamina</strong></span> <span class='ocrx_word' id='word_1_75' title='bbox 1064 1020 1208 1087; x_wconf 90' lang='lat' dir='ltr'><strong>ponit.</strong></span> 
     </span>
    </p>

    <p class='ocr_par' dir='ltr' id='par_1_12' title="bbox 162 1095 1291 1163">
     <span class='ocr_line' id='line_1_15' title="bbox 162 1095 1291 1163; baseline -0.003 -15"><span class='ocrx_word' id='word_1_76' title='bbox 162 1101 272 1163; x_wconf 82' lang='lat' dir='ltr'><strong>Haec</strong></span> <span class='ocrx_word' id='word_1_77' title='bbox 293 1099 432 1163; x_wconf 83' lang='lat' dir='ltr'><strong>igitur</strong></span> <span class='ocrx_word' id='word_1_78' title='bbox 453 1098 640 1147; x_wconf 88' lang='lat' dir='ltr'><strong>formam</strong></span> <span class='ocrx_word' id='word_1_79' title='bbox 667 1096 902 1146; x_wconf 86' lang='lat' dir='ltr'><strong>crescendo</strong></span> <span class='ocrx_word' id='word_1_80' title='bbox 923 1108 1091 1156; x_wconf 81' lang='lat' dir='ltr'><strong>mutat,</strong></span> <span class='ocrx_word' id='word_1_81' title='bbox 1116 1108 1160 1145; x_wconf 87' lang='lat' dir='ltr'><strong>et</strong></span> <span class='ocrx_word' id='word_1_82' title='bbox 1183 1095 1291 1146; x_wconf 92' lang='lat' dir='ltr'><strong>olim</strong></span> 
     </span>
    </p>
   </div>
   <div class='ocr_carea' id='block_1_11' title="bbox 160 1176 1237 1245">
    <p class='ocr_par' dir='ltr' id='par_1_13' title="bbox 160 1176 1237 1245">
     <span class='ocr_line' id='line_1_16' title="bbox 160 1176 1237 1245; baseline -0.003 -17"><span class='ocrx_word' id='word_1_83' title='bbox 160 1177 374 1228; x_wconf 89' lang='lat' dir='ltr'><strong>lmmensi</strong></span> <span class='ocrx_word' id='word_1_84' title='bbox 400 1189 536 1245; x_wconf 88' lang='lat' dir='ltr'><strong>caput</strong></span> <span class='ocrx_word' id='word_1_85' title='bbox 556 1176 683 1225; x_wconf 86' lang='lat' dir='ltr'><strong>orbis</strong></span> <span class='ocrx_word' id='word_1_86' title='bbox 710 1176 794 1225; x_wconf 90' lang='lat' dir='ltr'><strong>erit</strong></span> <span class='ocrx_word' id='word_1_87' title='bbox 814 1196 825 1225; x_wconf 93' lang='lat'>:</span> <span class='ocrx_word' id='word_1_88' title='bbox 849 1176 912 1225; x_wconf 87' lang='lat' dir='ltr'><strong>sic</strong></span> <span class='ocrx_word' id='word_1_89' title='bbox 931 1176 1073 1225; x_wconf 89' lang='lat' dir='ltr'><strong>dicere</strong></span> <span class='ocrx_word' id='word_1_90' title='bbox 1091 1188 1237 1236; x_wconf 85' lang='lat' dir='ltr'><strong>vates,</strong></span> 
     </span>
    </p>
   </div>
   <div class='ocr_carea' id='block_1_12' title="bbox 1534 1192 1603 1238">
    <p class='ocr_par' dir='ltr' id='par_1_14' title="bbox 1534 1192 1603 1238">
     <span class='ocr_line' id='line_1_17' title="bbox 1534 1192 1603 1238; baseline 0.029 -12"><span class='ocrx_word' id='word_1_91' title='bbox 1534 1192 1603 1238; x_wconf 77' lang='lat'><strong>435</strong></span> 
     </span>
    </p>
   </div>
   <div class='ocr_carea' id='block_1_13' title="bbox 163 1256 1442 1401">
    <p class='ocr_par' dir='ltr' id='par_1_15' title="bbox 163 1256 1442 1401">
     <span class='ocr_line' id='line_1_18' title="bbox 164 1256 1442 1325; baseline -0.001 -19"><span class='ocrx_word' id='word_1_92' title='bbox 164 1258 476 1325; x_wconf 88' lang='lat' dir='ltr'><strong>Faticinasque</strong></span> <span class='ocrx_word' id='word_1_93' title='bbox 500 1257 652 1305; x_wconf 88' lang='lat' dir='ltr'><strong>ferunt</strong></span> <span class='ocrx_word' id='word_1_94' title='bbox 673 1267 815 1306; x_wconf 85' lang='lat' dir='ltr'><strong>sortes</strong></span> <span class='ocrx_word' id='word_1_95' title='bbox 840 1276 850 1304; x_wconf 89' lang='lat'>:</span> <span class='ocrx_word' id='word_1_96' title='bbox 881 1268 1186 1323; x_wconf 90' lang='lat' dir='ltr'><strong>quantumque</strong></span> <span class='ocrx_word' id='word_1_97' title='bbox 1210 1256 1442 1316; x_wconf 90' lang='lat' dir='ltr'><strong>recordor,</strong></span> 
     </span>
     <span class='ocr_line' id='line_1_19' title="bbox 163 1333 1268 1401; baseline -0.001 -17"><span class='ocrx_word' id='word_1_98' title='bbox 163 1335 411 1385; x_wconf 85' lang='lat' dir='ltr'><strong>Priamides</strong></span> <span class='ocrx_word' id='word_1_99' title='bbox 435 1333 635 1392; x_wconf 88' lang='lat' dir='ltr'><strong>Helenus</strong></span> <span class='ocrx_word' id='word_1_100' title='bbox 657 1334 810 1393; x_wconf 87' lang='lat' dir='ltr'><strong>flenti,</strong></span> <span class='ocrx_word' id='word_1_101' title='bbox 833 1334 1063 1401; x_wconf 91' lang='lat' dir='ltr'><strong>dubioque</strong></span> <span class='ocrx_word' id='word_1_102' title='bbox 1089 1333 1268 1394; x_wconf 88' lang='lat' dir='ltr'><strong>salutis,</strong></span> 
     </span>
    </p>
   </div>
   <div class='ocr_carea' id='block_1_14' title="bbox 164 1446 878 2802">
    <p class='ocr_par' dir='ltr' id='par_1_16' title="bbox 164 1446 857 1545">
     <span class='ocr_line' id='line_1_20' title="bbox 166 1446 857 1492; baseline -0.004 -7"><span class='ocrx_word' id='word_1_103' title='bbox 166 1449 339 1486; x_wconf 82' lang='lat' dir='ltr'><strong>Nostrum</strong></span> <span class='ocrx_word' id='word_1_104' title='bbox 359 1473 369 1492; x_wconf 91' lang='lat'><strong>‚</strong></span> <span class='ocrx_word' id='word_1_105' title='bbox 400 1447 444 1483; x_wconf 79' lang='lat' dir='ltr'><strong>de</strong></span> <span class='ocrx_word' id='word_1_106' title='bbox 470 1453 563 1483; x_wconf 84' lang='lat' dir='ltr'><strong>statu</strong></span> <span class='ocrx_word' id='word_1_107' title='bbox 589 1459 711 1482; x_wconf 87' lang='lat' dir='ltr'><strong>rerum</strong></span> <span class='ocrx_word' id='word_1_108' title='bbox 735 1446 804 1483; x_wconf 85' lang='lat' dir='ltr'><strong>dici</strong></span> <span class='ocrx_word' id='word_1_109' title='bbox 821 1453 857 1482; x_wconf 83' lang='lat' dir='ltr'><strong>et</strong></span> 
     </span>
     <span class='ocr_line' id='line_1_21' title="bbox 164 1499 856 1545; baseline -0.006 -8"><span class='ocrx_word' id='word_1_110' title='bbox 164 1500 371 1537; x_wconf 78' lang='lat' dir='ltr'><strong>conditione</strong></span> <span class='ocrx_word' id='word_1_111' title='bbox 384 1526 394 1544; x_wconf 92' lang='lat'>,</span> <span class='ocrx_word' id='word_1_112' title='bbox 409 1499 493 1534; x_wconf 90' lang='lat' dir='ltr'><strong>etin</strong></span> <span class='ocrx_word' id='word_1_113' title='bbox 507 1505 694 1544; x_wconf 89' lang='lat' dir='ltr'><strong>utramque</strong></span> <span class='ocrx_word' id='word_1_114' title='bbox 708 1506 856 1545; x_wconf 73' lang='lat' dir='ltr'><strong>partem,</strong></span> 
     </span>
    </p>

    <p class='ocr_par' dir='ltr' id='par_1_17' title="bbox 168 1552 878 2802">
     <span class='ocr_line' id='line_1_22' title="bbox 211 1552 858 1601; baseline -0.005 -10"><span class='ocrx_word' id='word_1_115' title='bbox 211 1556 290 1601; x_wconf 79' lang='lat'><strong>425.</strong></span> <span class='ocrx_word' id='word_1_116' title='bbox 306 1555 479 1590; x_wconf 80' lang='lat' dir='ltr'><strong>Tumulos.</strong></span> <span class='ocrx_word' id='word_1_117' title='bbox 494 1552 708 1589; x_wconf 86' lang='lat' dir='ltr'><strong>Oxoniensis</strong></span> <span class='ocrx_word' id='word_1_118' title='bbox 718 1559 754 1587; x_wconf 90' lang='lat' dir='ltr'><strong>et</strong></span> <span class='ocrx_word' id='word_1_119' title='bbox 766 1565 858 1588; x_wconf 86' lang='lat' dir='ltr'><strong>unus</strong></span> 
     </span>
     <span class='ocr_line' id='line_1_23' title="bbox 169 1604 859 1651; baseline -0.004 -7"><span class='ocrx_word' id='word_1_120' title='bbox 169 1608 323 1644; x_wconf 76' lang='lat' dir='ltr'><strong>Strozzae</strong></span> <span class='ocrx_word' id='word_1_121' title='bbox 337 1608 466 1642; x_wconf 78' lang='lat' dir='ltr'><strong>titedos.</strong></span> <span class='ocrx_word' id='word_1_122' title='bbox 484 1605 616 1640; x_wconf 80' lang='lat' dir='ltr'><strong>Versus</strong></span> <span class='ocrx_word' id='word_1_123' title='bbox 633 1604 789 1651; x_wconf 90' lang='lat' dir='ltr'><strong>quinque</strong></span> <span class='ocrx_word' id='word_1_124' title='bbox 801 1618 859 1641; x_wconf 88' lang='lat' dir='ltr'><strong>se-</strong></span> 
     </span>
     <span class='ocr_line' id='line_1_24' title="bbox 168 1656 859 1707; baseline -0.003 -12"><span class='ocrx_word' id='word_1_125' title='bbox 168 1666 317 1707; x_wconf 85' lang='lat' dir='ltr'><strong>quentes</strong></span> <span class='ocrx_word' id='word_1_126' title='bbox 334 1685 344 1702; x_wconf 93' lang='lat'>,</span> <span class='ocrx_word' id='word_1_127' title='bbox 370 1657 441 1693; x_wconf 86' lang='lat' dir='ltr'><strong>scil.</strong></span> <span class='ocrx_word' id='word_1_128' title='bbox 472 1657 633 1702; x_wconf 76' lang='lat'><strong>426-430</strong></span> <span class='ocrx_word' id='word_1_129' title='bbox 651 1683 662 1701; x_wconf 83' lang='lat'>‚</span> <span class='ocrx_word' id='word_1_130' title='bbox 690 1656 859 1693; x_wconf 87' lang='lat' dir='ltr'><strong>delendos</strong></span> 
     </span>
     <span class='ocr_line' id='line_1_25' title="bbox 169 1709 860 1749; baseline -0.007 0"><span class='ocrx_word' id='word_1_131' title='bbox 169 1719 290 1749; x_wconf 79' lang='lat' dir='ltr'><strong>censet</strong></span> <span class='ocrx_word' id='word_1_132' title='bbox 314 1709 486 1747; x_wconf 82' lang='lat' dir='ltr'><strong>Heinsius</strong></span> <span class='ocrx_word' id='word_1_133' title='bbox 516 1710 628 1746; x_wconf 87' lang='lat' dir='ltr'><strong>tribus</strong></span> <span class='ocrx_word' id='word_1_134' title='bbox 653 1709 697 1744; x_wconf 89' lang='lat' dir='ltr'><strong>de</strong></span> <span class='ocrx_word' id='word_1_135' title='bbox 726 1710 860 1745; x_wconf 86' lang='lat' dir='ltr'><strong>causis:</strong></span> 
     </span>
     <span class='ocr_line' id='line_1_26' title="bbox 174 1762 859 1811; baseline -0.006 -11"><span class='ocrx_word' id='word_1_136' title='bbox 174 1775 212 1800; x_wconf 84' lang='lat'><strong>1⁰</strong></span> <span class='ocrx_word' id='word_1_137' title='bbox 228 1765 311 1811; x_wconf 88' lang='lat' dir='ltr'><strong>quia</strong></span> <span class='ocrx_word' id='word_1_138' title='bbox 325 1764 404 1799; x_wconf 89' lang='lat' dir='ltr'><strong>libri</strong></span> <span class='ocrx_word' id='word_1_139' title='bbox 419 1771 556 1798; x_wconf 84' lang='lat' dir='ltr'><strong>veteres</strong></span> <span class='ocrx_word' id='word_1_140' title='bbox 569 1776 615 1798; x_wconf 83' lang='lat' dir='ltr'><strong>ex</strong></span> <span class='ocrx_word' id='word_1_141' title='bbox 630 1762 685 1797; x_wconf 85' lang='lat' dir='ltr'><strong>his</strong></span> <span class='ocrx_word' id='word_1_142' title='bbox 704 1762 859 1807; x_wconf 86' lang='lat' dir='ltr'><strong>quinque</strong></span> 
     </span>
     <span class='ocr_line' id='line_1_27' title="bbox 171 1813 861 1858; baseline -0.007 -5"><span class='ocrx_word' id='word_1_143' title='bbox 171 1817 328 1853; x_wconf 80' lang='lat' dir='ltr'><strong>versibus</strong></span> <span class='ocrx_word' id='word_1_144' title='bbox 354 1815 465 1850; x_wconf 85' lang='lat' dir='ltr'><strong>modo</strong></span> <span class='ocrx_word' id='word_1_145' title='bbox 488 1814 608 1858; x_wconf 76' lang='lat' dir='ltr'><strong>hune,</strong></span> <span class='ocrx_word' id='word_1_146' title='bbox 629 1813 739 1849; x_wconf 88' lang='lat' dir='ltr'><strong>modo</strong></span> <span class='ocrx_word' id='word_1_147' title='bbox 761 1814 861 1848; x_wconf 89' lang='lat' dir='ltr'><strong>illum</strong></span> 
     </span>
     <span class='ocr_line' id='line_1_28' title="bbox 171 1866 861 1916; baseline -0.004 -10"><span class='ocrx_word' id='word_1_148' title='bbox 171 1883 248 1906; x_wconf 85' lang='lat' dir='ltr'><strong>non</strong></span> <span class='ocrx_word' id='word_1_149' title='bbox 256 1875 461 1916; x_wconf 83' lang='lat' dir='ltr'><strong>agnoscunt.</strong></span> <span class='ocrx_word' id='word_1_150' title='bbox 470 1877 510 1902; x_wconf 81' lang='lat'><strong>2⁰</strong></span> <span class='ocrx_word' id='word_1_151' title='bbox 517 1867 615 1913; x_wconf 83' lang='lat' dir='ltr'><strong>Quia</strong></span> <span class='ocrx_word' id='word_1_152' title='bbox 623 1875 725 1913; x_wconf 84' lang='lat' dir='ltr'><strong>poeta</strong></span> <span class='ocrx_word' id='word_1_153' title='bbox 733 1866 767 1901; x_wconf 88' lang='lat' dir='ltr'><strong>id</strong></span> <span class='ocrx_word' id='word_1_154' title='bbox 777 1868 861 1913; x_wconf 84' lang='lat' dir='ltr'><strong>agit,</strong></span> 
     </span>
     <span class='ocr_line' id='line_1_29' title="bbox 174 1919 863 1966; baseline -0.006 -8"><span class='ocrx_word' id='word_1_155' title='bbox 174 1929 217 1958; x_wconf 85' lang='lat' dir='ltr'><strong>ut</strong></span> <span class='ocrx_word' id='word_1_156' title='bbox 225 1935 267 1957; x_wconf 85' lang='lat' dir='ltr'><strong>ex</strong></span> <span class='ocrx_word' id='word_1_157' title='bbox 277 1921 389 1956; x_wconf 85' lang='lat' dir='ltr'><strong>ruinis</strong></span> <span class='ocrx_word' id='word_1_158' title='bbox 400 1920 519 1966; x_wconf 81' lang='lat' dir='ltr'><strong>Trojae</strong></span> <span class='ocrx_word' id='word_1_159' title='bbox 530 1921 684 1955; x_wconf 88' lang='lat' dir='ltr'><strong>Romam</strong></span> <span class='ocrx_word' id='word_1_160' title='bbox 696 1919 863 1965; x_wconf 87' lang='lat' dir='ltr'><strong>prodiisse</strong></span> 
     </span>
     <span class='ocr_line' id='line_1_30' title="bbox 178 1972 865 2019; baseline -0.007 -8"><span class='ocrx_word' id='word_1_161' title='bbox 178 1975 410 2011; x_wconf 84' lang='lat' dir='ltr'><strong>demonstret.</strong></span> <span class='ocrx_word' id='word_1_162' title='bbox 433 1975 610 2019; x_wconf 74' lang='lat' dir='ltr'><strong>Pet-quam</strong></span> <span class='ocrx_word' id='word_1_163' title='bbox 631 1972 738 2019; x_wconf 85' lang='lat' dir='ltr'><strong>igitur</strong></span> <span class='ocrx_word' id='word_1_164' title='bbox 760 1972 865 2019; x_wconf 85' lang='lat' dir='ltr'><strong>inop-</strong></span> 
     </span>
     <span class='ocr_line' id='line_1_31' title="bbox 176 2026 865 2076; baseline -0.003 -12"><span class='ocrx_word' id='word_1_165' title='bbox 176 2036 367 2076; x_wconf 84' lang='lat' dir='ltr'><strong>portunam</strong></span> <span class='ocrx_word' id='word_1_166' title='bbox 393 2027 454 2062; x_wconf 80' lang='lat' dir='ltr'><strong>hic</strong></span> <span class='ocrx_word' id='word_1_167' title='bbox 476 2026 643 2062; x_wconf 85' lang='lat' dir='ltr'><strong>inculcari</strong></span> <span class='ocrx_word' id='word_1_168' title='bbox 665 2027 806 2072; x_wconf 87' lang='lat' dir='ltr'><strong>Spartes</strong></span> <span class='ocrx_word' id='word_1_169' title='bbox 829 2035 865 2062; x_wconf 90' lang='lat' dir='ltr'><strong>et</strong></span> 
     </span>
     <span class='ocr_line' id='line_1_32' title="bbox 177 2079 865 2128; baseline -0.007 -10"><span class='ocrx_word' id='word_1_170' title='bbox 177 2082 394 2128; x_wconf 79' lang='lat' dir='ltr'><strong>reliquarum</strong></span> <span class='ocrx_word' id='word_1_171' title='bbox 404 2080 547 2115; x_wconf 89' lang='lat' dir='ltr'><strong>urbium</strong></span> <span class='ocrx_word' id='word_1_172' title='bbox 556 2079 806 2115; x_wconf 84' lang='lat' dir='ltr'><strong>mentionem?</strong></span> <span class='ocrx_word' id='word_1_173' title='bbox 825 2080 865 2114; x_wconf 81' lang='lat'><strong>3⁰</strong></span> 
     </span>
     <span class='ocr_line' id='line_1_33' title="bbox 181 2131 867 2180; baseline -0.004 -12"><span class='ocrx_word' id='word_1_174' title='bbox 181 2134 279 2180; x_wconf 81' lang='lat' dir='ltr'><strong>Quia</strong></span> <span class='ocrx_word' id='word_1_175' title='bbox 295 2132 505 2180; x_wconf 79' lang='lat' dir='ltr'><strong>Pythagorae</strong></span> <span class='ocrx_word' id='word_1_176' title='bbox 522 2139 622 2167; x_wconf 83' lang='lat' dir='ltr'><strong>aetate</strong></span> <span class='ocrx_word' id='word_1_177' title='bbox 641 2131 694 2166; x_wconf 84' lang='lat' dir='ltr'><strong>vel</strong></span> <span class='ocrx_word' id='word_1_178' title='bbox 715 2131 867 2166; x_wconf 78' lang='lat' dir='ltr'><strong>maxime</strong></span> 
     </span>
     <span class='ocr_line' id='line_1_34' title="bbox 180 2184 868 2230; baseline -0.004 -8"><span class='ocrx_word' id='word_1_179' title='bbox 180 2186 383 2222; x_wconf 81' lang='lat' dir='ltr'><strong>floruerunt</strong></span> <span class='ocrx_word' id='word_1_180' title='bbox 399 2185 465 2220; x_wconf 86' lang='lat' dir='ltr'><strong>illae</strong></span> <span class='ocrx_word' id='word_1_181' title='bbox 481 2185 597 2220; x_wconf 87' lang='lat' dir='ltr'><strong>urbes.</strong></span> <span class='ocrx_word' id='word_1_182' title='bbox 619 2184 689 2219; x_wconf 88' lang='lat' dir='ltr'><strong>Sed</strong></span> <span class='ocrx_word' id='word_1_183' title='bbox 706 2185 777 2230; x_wconf 83' lang='lat' dir='ltr'><strong>jam</strong></span> <span class='ocrx_word' id='word_1_184' title='bbox 795 2197 868 2220; x_wconf 85' lang='lat' dir='ltr'><strong>sae-</strong></span> 
     </span>
     <span class='ocr_line' id='line_1_35' title="bbox 182 2236 867 2286; baseline -0.004 -12"><span class='ocrx_word' id='word_1_185' title='bbox 182 2239 273 2286; x_wconf 84' lang='lat' dir='ltr'><strong>pius,</strong></span> <span class='ocrx_word' id='word_1_186' title='bbox 285 2238 324 2273; x_wconf 88' lang='lat' dir='ltr'><strong>in</strong></span> <span class='ocrx_word' id='word_1_187' title='bbox 333 2238 398 2273; x_wconf 85' lang='lat' dir='ltr'><strong>hac</strong></span> <span class='ocrx_word' id='word_1_188' title='bbox 407 2238 478 2283; x_wconf 88' lang='lat' dir='ltr'><strong>ipsa</strong></span> <span class='ocrx_word' id='word_1_189' title='bbox 491 2236 698 2285; x_wconf 81' lang='lat' dir='ltr'><strong>Pythagorae</strong></span> <span class='ocrx_word' id='word_1_190' title='bbox 709 2237 867 2272; x_wconf 84' lang='lat' dir='ltr'><strong>oratione</strong></span> 
     </span>
     <span class='ocr_line' id='line_1_36' title="bbox 184 2288 871 2337; baseline -0.004 -11"><span class='ocrx_word' id='word_1_191' title='bbox 184 2290 369 2337; x_wconf 82' lang='lat' dir='ltr'><strong>aliquoties</strong></span> <span class='ocrx_word' id='word_1_192' title='bbox 393 2289 545 2324; x_wconf 82' lang='lat' dir='ltr'><strong>vidimus</strong></span> <span class='ocrx_word' id='word_1_193' title='bbox 557 2316 567 2333; x_wconf 89' lang='lat'>,</span> <span class='ocrx_word' id='word_1_194' title='bbox 596 2288 768 2324; x_wconf 87' lang='lat' dir='ltr'><strong>Ovidium</strong></span> <span class='ocrx_word' id='word_1_195' title='bbox 784 2302 871 2323; x_wconf 86' lang='lat' dir='ltr'><strong>ana-</strong></span> 
     </span>
     <span class='ocr_line' id='line_1_37' title="bbox 183 2340 871 2386; baseline -0.004 -7"><span class='ocrx_word' id='word_1_196' title='bbox 183 2342 378 2379; x_wconf 83' lang='lat' dir='ltr'><strong>chronismi</strong></span> <span class='ocrx_word' id='word_1_197' title='bbox 390 2355 426 2376; x_wconf 86' lang='lat' dir='ltr'><strong>se</strong></span> <span class='ocrx_word' id='word_1_198' title='bbox 438 2354 539 2377; x_wconf 89' lang='lat' dir='ltr'><strong>reum</strong></span> <span class='ocrx_word' id='word_1_199' title='bbox 548 2340 669 2376; x_wconf 87' lang='lat' dir='ltr'><strong>fecisse</strong></span> <span class='ocrx_word' id='word_1_200' title='bbox 680 2367 690 2385; x_wconf 90' lang='lat'>,</span> <span class='ocrx_word' id='word_1_201' title='bbox 705 2349 758 2385; x_wconf 87' lang='lat' dir='ltr'><strong>et,</strong></span> <span class='ocrx_word' id='word_1_202' title='bbox 774 2340 871 2386; x_wconf 84' lang='lat' dir='ltr'><strong>quasi</strong></span> 
     </span>
     <span class='ocr_line' id='line_1_38' title="bbox 184 2393 872 2438; baseline -0.003 -7"><span class='ocrx_word' id='word_1_203' title='bbox 184 2395 336 2431; x_wconf 85' lang='lat' dir='ltr'><strong>oblitum</strong></span> <span class='ocrx_word' id='word_1_204' title='bbox 362 2394 415 2430; x_wconf 90' lang='lat' dir='ltr'><strong>sui</strong></span> <span class='ocrx_word' id='word_1_205' title='bbox 436 2419 446 2438; x_wconf 89' lang='lat'>,</span> <span class='ocrx_word' id='word_1_206' title='bbox 474 2393 624 2438; x_wconf 84' lang='lat' dir='ltr'><strong>antiquis</strong></span> <span class='ocrx_word' id='word_1_207' title='bbox 653 2393 872 2438; x_wconf 83' lang='lat' dir='ltr'><strong>temporibus</strong></span> 
     </span>
     <span class='ocr_line' id='line_1_39' title="bbox 184 2445 871 2493; baseline -0.006 -10"><span class='ocrx_word' id='word_1_208' title='bbox 184 2449 346 2484; x_wconf 81' lang='lat' dir='ltr'><strong>tribuisse</strong></span> <span class='ocrx_word' id='word_1_209' title='bbox 363 2474 374 2492; x_wconf 86' lang='lat'>,</span> <span class='ocrx_word' id='word_1_210' title='bbox 395 2459 475 2493; x_wconf 85' lang='lat' dir='ltr'><strong>quae</strong></span> <span class='ocrx_word' id='word_1_211' title='bbox 497 2458 572 2480; x_wconf 89' lang='lat' dir='ltr'><strong>non</strong></span> <span class='ocrx_word' id='word_1_212' title='bbox 594 2445 659 2480; x_wconf 87' lang='lat' dir='ltr'><strong>nisi</strong></span> <span class='ocrx_word' id='word_1_213' title='bbox 683 2458 745 2480; x_wconf 87' lang='lat' dir='ltr'><strong>sua</strong></span> <span class='ocrx_word' id='word_1_214' title='bbox 771 2453 871 2480; x_wconf 86' lang='lat' dir='ltr'><strong>aetate</strong></span> 
     </span>
     <span class='ocr_line' id='line_1_40' title="bbox 188 2498 872 2547; baseline -0.004 -11"><span class='ocrx_word' id='word_1_215' title='bbox 188 2501 258 2537; x_wconf 81' lang='lat' dir='ltr'><strong>dici</strong></span> <span class='ocrx_word' id='word_1_216' title='bbox 266 2508 415 2547; x_wconf 81' lang='lat' dir='ltr'><strong>possent.</strong></span> <span class='ocrx_word' id='word_1_217' title='bbox 423 2501 548 2545; x_wconf 89' lang='lat' dir='ltr'><strong>Neque</strong></span> <span class='ocrx_word' id='word_1_218' title='bbox 558 2498 594 2534; x_wconf 90' lang='lat' dir='ltr'><strong>hi</strong></span> <span class='ocrx_word' id='word_1_219' title='bbox 604 2512 651 2534; x_wconf 88' lang='lat' dir='ltr'><strong>vs.</strong></span> <span class='ocrx_word' id='word_1_220' title='bbox 658 2498 872 2543; x_wconf 86' lang='lat' dir='ltr'><strong>impediunt,</strong></span> 
     </span>
     <span class='ocr_line' id='line_1_41' title="bbox 189 2551 873 2601; baseline -0.004 -11"><span class='ocrx_word' id='word_1_221' title='bbox 189 2567 261 2601; x_wconf 86' lang='lat' dir='ltr'><strong>quo</strong></span> <span class='ocrx_word' id='word_1_222' title='bbox 273 2555 390 2589; x_wconf 87' lang='lat' dir='ltr'><strong>minus</strong></span> <span class='ocrx_word' id='word_1_223' title='bbox 401 2561 504 2600; x_wconf 86' lang='lat' dir='ltr'><strong>poeta</strong></span> <span class='ocrx_word' id='word_1_224' title='bbox 519 2567 566 2588; x_wconf 85' lang='lat' dir='ltr'><strong>vs.</strong></span> <span class='ocrx_word' id='word_1_225' title='bbox 584 2553 644 2596; x_wconf 79' lang='lat'><strong>431</strong></span> <span class='ocrx_word' id='word_1_226' title='bbox 658 2579 667 2596; x_wconf 93' lang='lat'>‚</span> <span class='ocrx_word' id='word_1_227' title='bbox 687 2551 873 2587; x_wconf 89' lang='lat' dir='ltr'><strong>commode</strong></span> 
     </span>
     <span class='ocr_line' id='line_1_42' title="bbox 190 2604 874 2642; baseline -0.006 0"><span class='ocrx_word' id='word_1_228' title='bbox 190 2606 235 2642; x_wconf 84' lang='lat' dir='ltr'><strong>ad</strong></span> <span class='ocrx_word' id='word_1_229' title='bbox 251 2607 377 2642; x_wconf 83' lang='lat' dir='ltr'><strong>Romae</strong></span> <span class='ocrx_word' id='word_1_230' title='bbox 391 2606 491 2640; x_wconf 81' lang='lat' dir='ltr'><strong>initia</strong></span> <span class='ocrx_word' id='word_1_231' title='bbox 509 2612 673 2640; x_wconf 87' lang='lat' dir='ltr'><strong>transeat.</strong></span> <span class='ocrx_word' id='word_1_232' title='bbox 695 2604 874 2639; x_wconf 86' lang='lat' dir='ltr'><strong>Omnium</strong></span> 
     </span>
     <span class='ocr_line' id='line_1_43' title="bbox 191 2657 876 2703; baseline -0.004 -8"><span class='ocrx_word' id='word_1_233' title='bbox 191 2660 340 2695; x_wconf 86' lang='lat' dir='ltr'><strong>minime</strong></span> <span class='ocrx_word' id='word_1_234' title='bbox 370 2667 489 2694; x_wconf 85' lang='lat' dir='ltr'><strong>autem</strong></span> <span class='ocrx_word' id='word_1_235' title='bbox 514 2659 613 2694; x_wconf 87' lang='lat' dir='ltr'><strong>MSS</strong></span> <span class='ocrx_word' id='word_1_236' title='bbox 639 2657 876 2703; x_wconf 76' lang='lat' dir='ltr'><strong>quorumdam</strong></span> 
     </span>
     <span class='ocr_line' id='line_1_44' title="bbox 192 2712 877 2759; baseline -0.004 -11"><span class='ocrx_word' id='word_1_237' title='bbox 192 2713 405 2759; x_wconf 84' lang='lat' dir='ltr'><strong>negligentia</strong></span> <span class='ocrx_word' id='word_1_238' title='bbox 423 2712 480 2747; x_wconf 87' lang='lat' dir='ltr'><strong>hic</strong></span> <span class='ocrx_word' id='word_1_239' title='bbox 499 2723 642 2746; x_wconf 87' lang='lat' dir='ltr'><strong>movere</strong></span> <span class='ocrx_word' id='word_1_240' title='bbox 661 2723 877 2757; x_wconf 88' lang='lat' dir='ltr'><strong>quemquam</strong></span> 
     </span>
     <span class='ocr_line' id='line_1_45' title="bbox 193 2763 878 2802; baseline -0.001 -3"><span class='ocrx_word' id='word_1_241' title='bbox 193 2766 309 2802; x_wconf 65' lang='lat' dir='ltr'><strong>debet.</strong></span> <span class='ocrx_word' id='word_1_242' title='bbox 321 2784 365 2791; x_wconf 90' lang='lat'>-</span> <span class='ocrx_word' id='word_1_243' title='bbox 379 2766 510 2799; x_wconf 85' lang='lat' dir='ltr'><strong>Fabula</strong></span> <span class='ocrx_word' id='word_1_244' title='bbox 528 2771 565 2801; x_wconf 90' lang='lat' dir='ltr'><strong>et</strong></span> <span class='ocrx_word' id='word_1_245' title='bbox 581 2776 697 2799; x_wconf 78' lang='lat' dir='ltr'><strong>nomen</strong></span> <span class='ocrx_word' id='word_1_246' title='bbox 713 2763 878 2799; x_wconf 83' lang='lat' dir='ltr'><strong>dicuntur</strong></span> 
     </span>
    </p>
   </div>
   <div class='ocr_carea' id='block_1_15' title="bbox 347 2831 442 2875">
    <p class='ocr_par' dir='ltr' id='par_1_18' title="bbox 347 2831 442 2875">
     <span class='ocr_line' id='line_1_46' title="bbox 347 2831 442 2875; baseline 0 0"><span class='ocrx_word' id='word_1_247' title='bbox 347 2831 442 2875; x_wconf 86' lang='lat' dir='ltr'><strong>JV.</strong></span> 
     </span>
    </p>
   </div>
   <div class='ocr_carea' id='block_1_16' title="bbox 921 1446 1627 2814">
    <p class='ocr_par' dir='ltr' id='par_1_19' title="bbox 921 1446 1615 1653">
     <span class='ocr_line' id='line_1_47' title="bbox 922 1446 1607 1494; baseline 0.003 -13"><span class='ocrx_word' id='word_1_248' title='bbox 922 1453 1044 1493; x_wconf 87' lang='lat' dir='ltr'><strong>gentes</strong></span> <span class='ocrx_word' id='word_1_249' title='bbox 1062 1447 1236 1493; x_wconf 78' lang='lat' dir='ltr'><strong>urbesque</strong></span> <span class='ocrx_word' id='word_1_250' title='bbox 1254 1446 1388 1482; x_wconf 85' lang='lat' dir='ltr'><strong>deletae.</strong></span> <span class='ocrx_word' id='word_1_251' title='bbox 1410 1447 1580 1494; x_wconf 87' lang='lat' dir='ltr'><strong>Virgilius</strong></span> <span class='ocrx_word' id='word_1_252' title='bbox 1597 1475 1607 1493; x_wconf 88' lang='lat'>,</span> 
     </span>
     <span class='ocr_line' id='line_1_48' title="bbox 921 1500 1615 1546; baseline 0.003 -12"><span class='ocrx_word' id='word_1_253' title='bbox 921 1500 1008 1534; x_wconf 88' lang='lat' dir='ltr'><strong>AEn.</strong></span> <span class='ocrx_word' id='word_1_254' title='bbox 1020 1500 1093 1535; x_wconf 89' lang='lat' dir='ltr'><strong>VII</strong></span> <span class='ocrx_word' id='word_1_255' title='bbox 1105 1527 1114 1544; x_wconf 89' lang='lat'>,</span> <span class='ocrx_word' id='word_1_256' title='bbox 1126 1503 1190 1544; x_wconf 80' lang='lat'><strong>412</strong></span> <span class='ocrx_word' id='word_1_257' title='bbox 1203 1526 1213 1544; x_wconf 94' lang='lat'>‚</span> <span class='ocrx_word' id='word_1_258' title='bbox 1231 1513 1319 1535; x_wconf 82' lang='lat' dir='ltr'><strong>nunc</strong></span> <span class='ocrx_word' id='word_1_259' title='bbox 1330 1514 1485 1546; x_wconf 73' lang='lat' dir='ltr'><strong>magnum</strong></span> <span class='ocrx_word' id='word_1_260' title='bbox 1498 1507 1615 1537; x_wconf 78' lang='lat' dir='ltr'><strong>manet</strong></span> 
     </span>
     <span class='ocr_line' id='line_1_49' title="bbox 921 1553 1611 1596; baseline 0.003 -9"><span class='ocrx_word' id='word_1_261' title='bbox 921 1553 1040 1588; x_wconf 81' lang='lat' dir='ltr'><strong>Ardea</strong></span> <span class='ocrx_word' id='word_1_262' title='bbox 1063 1565 1183 1589; x_wconf 83' lang='lat' dir='ltr'><strong>nomen</strong></span> <span class='ocrx_word' id='word_1_263' title='bbox 1198 1564 1214 1596; x_wconf 89' lang='lat'><strong>,·</strong></span> <span class='ocrx_word' id='word_1_264' title='bbox 1243 1553 1323 1588; x_wconf 83' lang='lat' dir='ltr'><strong>vide</strong></span> <span class='ocrx_word' id='word_1_265' title='bbox 1353 1553 1534 1589; x_wconf 86' lang='lat' dir='ltr'><strong>Drakenb.</strong></span> <span class='ocrx_word' id='word_1_266' title='bbox 1566 1554 1611 1589; x_wconf 91' lang='lat' dir='ltr'><strong>ad</strong></span> 
     </span>
     <span class='ocr_line' id='line_1_50' title="bbox 923 1605 1139 1653; baseline 0.005 -13"><span class='ocrx_word' id='word_1_267' title='bbox 923 1605 986 1641; x_wconf 80' lang='lat' dir='ltr'><strong>Sil.</strong></span> <span class='ocrx_word' id='word_1_268' title='bbox 1004 1607 1021 1641; x_wconf 87' lang='grc' dir='ltr'>Ι</span> <span class='ocrx_word' id='word_1_269' title='bbox 1033 1633 1042 1648; x_wconf 93' lang='grc'><strong><em>,</em></strong></span> <span class='ocrx_word' id='word_1_270' title='bbox 1063 1606 1139 1653; x_wconf 83' lang='lat'><strong>293·</strong></span> 
     </span>
    </p>

    <p class='ocr_par' dir='ltr' id='par_1_20' title="bbox 927 1659 1624 2442">
     <span class='ocr_line' id='line_1_51' title="bbox 969 1659 1613 1705; baseline 0.006 -12"><span class='ocrx_word' id='word_1_271' title='bbox 969 1659 1044 1703; x_wconf 75' lang='lat'><strong>431.</strong></span> <span class='ocrx_word' id='word_1_272' title='bbox 1061 1660 1162 1694; x_wconf 80' lang='lat' dir='ltr'><strong>Nunc</strong></span> <span class='ocrx_word' id='word_1_273' title='bbox 1177 1673 1302 1705; x_wconf 80' lang='lat' dir='ltr'><strong>quoque</strong></span> <span class='ocrx_word' id='word_1_274' title='bbox 1318 1662 1534 1696; x_wconf 82' lang='lat' dir='ltr'><strong>Dardaniam</strong></span> <span class='ocrx_word' id='word_1_275' title='bbox 1546 1668 1613 1697; x_wconf 87' lang='lat' dir='ltr'><strong>etc.</strong></span> 
     </span>
     <span class='ocr_line' id='line_1_52' title="bbox 927 1708 1614 1757; baseline 0.007 -13"><span class='ocrx_word' id='word_1_276' title='bbox 927 1708 1127 1745; x_wconf 90' lang='lat' dir='ltr'><strong>Commode</strong></span> <span class='ocrx_word' id='word_1_277' title='bbox 1151 1717 1187 1745; x_wconf 86' lang='lat' dir='ltr'><strong>et</strong></span> <span class='ocrx_word' id='word_1_278' title='bbox 1210 1711 1391 1757; x_wconf 85' lang='lat' dir='ltr'><strong>ingeniose</strong></span> <span class='ocrx_word' id='word_1_279' title='bbox 1414 1714 1614 1748; x_wconf 77' lang='lat' dir='ltr'><strong>orationem</strong></span> 
     </span>
     <span class='ocr_line' id='line_1_53' title="bbox 927 1761 1616 1800; baseline 0.006 -4"><span class='ocrx_word' id='word_1_280' title='bbox 927 1761 1071 1797; x_wconf 83' lang='lat' dir='ltr'><strong>deduxit</strong></span> <span class='ocrx_word' id='word_1_281' title='bbox 1087 1762 1131 1797; x_wconf 89' lang='lat' dir='ltr'><strong>ad</strong></span> <span class='ocrx_word' id='word_1_282' title='bbox 1144 1763 1269 1798; x_wconf 84' lang='lat' dir='ltr'><strong>Romae</strong></span> <span class='ocrx_word' id='word_1_283' title='bbox 1280 1770 1315 1798; x_wconf 90' lang='lat' dir='ltr'><strong>et</strong></span> <span class='ocrx_word' id='word_1_284' title='bbox 1330 1763 1428 1799; x_wconf 86' lang='lat' dir='ltr'><strong>initia</strong></span> <span class='ocrx_word' id='word_1_285' title='bbox 1445 1772 1480 1800; x_wconf 93' lang='lat' dir='ltr'><strong>et</strong></span> <span class='ocrx_word' id='word_1_286' title='bbox 1497 1765 1616 1800; x_wconf 86' lang='lat' dir='ltr'><strong>incre-</strong></span> 
     </span>
     <span class='ocr_line' id='line_1_54' title="bbox 927 1818 1617 1865; baseline 0.007 -16"><span class='ocrx_word' id='word_1_287' title='bbox 927 1818 1322 1851; x_wconf 65' lang='lat' dir='ltr'><strong>menta—Dardaniam</strong></span> <span class='ocrx_word' id='word_1_288' title='bbox 1331 1845 1338 1859; x_wconf 90' lang='lat'><strong>,</strong></span> <span class='ocrx_word' id='word_1_289' title='bbox 1354 1831 1431 1863; x_wconf 80' lang='lat' dir='ltr'><strong>quae</strong></span> <span class='ocrx_word' id='word_1_290' title='bbox 1442 1819 1617 1865; x_wconf 81' lang='lat' dir='ltr'><strong>originem</strong></span> 
     </span>
     <span class='ocr_line' id='line_1_55' title="bbox 928 1869 1610 1918; baseline 0.007 -15"><span class='ocrx_word' id='word_1_291' title='bbox 928 1869 1033 1904; x_wconf 88' lang='lat' dir='ltr'><strong>debet</strong></span> <span class='ocrx_word' id='word_1_292' title='bbox 1041 1870 1202 1916; x_wconf 86' lang='lat' dir='ltr'><strong>Trojano</strong></span> <span class='ocrx_word' id='word_1_293' title='bbox 1214 1871 1393 1906; x_wconf 87' lang='lat' dir='ltr'><strong>AEneae.—</strong></span> <span class='ocrx_word' id='word_1_294' title='bbox 1399 1874 1610 1918; x_wconf 71' lang='lat' dir='ltr'><strong>Consurgere,</strong></span> 
     </span>
     <span class='ocr_line' id='line_1_56' title="bbox 929 1924 1618 1972; baseline 0.006 -15"><span class='ocrx_word' id='word_1_295' title='bbox 929 1935 1071 1969; x_wconf 85' lang='lat' dir='ltr'><strong>surgere</strong></span> <span class='ocrx_word' id='word_1_296' title='bbox 1082 1950 1092 1966; x_wconf 86' lang='lat'>‚</span> <span class='ocrx_word' id='word_1_297' title='bbox 1105 1925 1268 1966; x_wconf 73' lang='lat' dir='ltr'><strong>Rumam,</strong></span> <span class='ocrx_word' id='word_1_298' title='bbox 1286 1924 1520 1961; x_wconf 79' lang='lat' dir='ltr'><strong>fundamenta</strong></span> <span class='ocrx_word' id='word_1_299' title='bbox 1533 1927 1618 1972; x_wconf 90' lang='lat' dir='ltr'><strong>poni</strong></span> 
     </span>
     <span class='ocr_line' id='line_1_57' title="bbox 929 1975 1619 2023; baseline 0.007 -15"><span class='ocrx_word' id='word_1_300' title='bbox 929 1987 1051 2009; x_wconf 87' lang='lat' dir='ltr'><strong>rerum</strong></span> <span class='ocrx_word' id='word_1_301' title='bbox 1069 1975 1325 2011; x_wconf 88' lang='lat' dir='ltr'><strong>Romanarum.</strong></span> <span class='ocrx_word' id='word_1_302' title='bbox 1340 1996 1385 2003; x_wconf 93' lang='lat'><strong>—-</strong></span> <span class='ocrx_word' id='word_1_303' title='bbox 1401 1979 1619 2023; x_wconf 79' lang='lat' dir='ltr'><strong>Appennini-</strong></span> 
     </span>
     <span class='ocr_line' id='line_1_58' title="bbox 928 2029 1618 2076; baseline 0.009 -15"><span class='ocrx_word' id='word_1_304' title='bbox 928 2041 1019 2072; x_wconf 74' lang='lat' dir='ltr'><strong>gena·</strong></span> <span class='ocrx_word' id='word_1_305' title='bbox 1032 2054 1041 2068; x_wconf 91' lang='lat'>‚</span> <span class='ocrx_word' id='word_1_306' title='bbox 1070 2041 1112 2062; x_wconf 83' lang='lat' dir='ltr'><strong>ex</strong></span> <span class='ocrx_word' id='word_1_307' title='bbox 1142 2029 1358 2075; x_wconf 88' lang='lat' dir='ltr'><strong>Appennino</strong></span> <span class='ocrx_word' id='word_1_308' title='bbox 1383 2031 1590 2076; x_wconf 80' lang='lat' dir='ltr'><strong>profluentis</strong></span> <span class='ocrx_word' id='word_1_309' title='bbox 1608 2059 1618 2075; x_wconf 92' lang='lat'><strong><em>‚</em></strong></span> 
     </span>
     <span class='ocr_line' id='line_1_59' title="bbox 928 2081 1618 2130; baseline 0.009 -16"><span class='ocrx_word' id='word_1_310' title='bbox 928 2093 1065 2115; x_wconf 83' lang='lat' dir='ltr'><strong>novum</strong></span> <span class='ocrx_word' id='word_1_311' title='bbox 1072 2093 1090 2115; x_wconf 92' lang='lat' dir='ltr'><strong>e</strong></span> <span class='ocrx_word' id='word_1_312' title='bbox 1095 2081 1188 2127; x_wconf 79' lang='lat' dir='ltr'><strong>pithe</strong></span> <span class='ocrx_word' id='word_1_313' title='bbox 1193 2089 1254 2117; x_wconf 89' lang='lat' dir='ltr'><strong>ton</strong></span> <span class='ocrx_word' id='word_1_314' title='bbox 1259 2084 1405 2119; x_wconf 69' lang='lat' dir='ltr'><strong>.·—]}Iole</strong></span> <span class='ocrx_word' id='word_1_315' title='bbox 1410 2087 1472 2119; x_wconf 74' lang='lat' dir='ltr'><strong>sub</strong></span> <span class='ocrx_word' id='word_1_316' title='bbox 1480 2088 1618 2130; x_wconf 75' lang='lat' dir='ltr'><strong>ingenti,</strong></span> 
     </span>
     <span class='ocr_line' id='line_1_60' title="bbox 932 2132 1621 2182; baseline 0.009 -15"><span class='ocrx_word' id='word_1_317' title='bbox 932 2132 979 2167; x_wconf 82' lang='lat' dir='ltr'><strong>ita</strong></span> <span class='ocrx_word' id='word_1_318' title='bbox 991 2141 1031 2168; x_wconf 87' lang='lat' dir='ltr'><strong>ut</strong></span> <span class='ocrx_word' id='word_1_319' title='bbox 1042 2133 1152 2170; x_wconf 89' lang='lat' dir='ltr'><strong>moles</strong></span> <span class='ocrx_word' id='word_1_320' title='bbox 1165 2135 1289 2181; x_wconf 84' lang='lat' dir='ltr'><strong>ingens</strong></span> <span class='ocrx_word' id='word_1_321' title='bbox 1303 2144 1621 2182; x_wconf 82' lang='lat' dir='ltr'><strong>superstruatur.—</strong></span> 
     </span>
     <span class='ocr_line' id='line_1_61' title="bbox 933 2187 1621 2235; baseline 0.009 -15"><span class='ocrx_word' id='word_1_322' title='bbox 933 2187 1071 2229; x_wconf 80' lang='lat' dir='ltr'><strong>Forma,</strong></span> <span class='ocrx_word' id='word_1_323' title='bbox 1092 2187 1206 2233; x_wconf 86' lang='lat' dir='ltr'><strong>prima</strong></span> <span class='ocrx_word' id='word_1_324' title='bbox 1223 2190 1316 2224; x_wconf 88' lang='lat' dir='ltr'><strong>urbis</strong></span> <span class='ocrx_word' id='word_1_325' title='bbox 1329 2190 1516 2226; x_wconf 88' lang='lat' dir='ltr'><strong>delineatio</strong></span> <span class='ocrx_word' id='word_1_326' title='bbox 1527 2218 1536 2235; x_wconf 93' lang='lat'>,</span> <span class='ocrx_word' id='word_1_327' title='bbox 1556 2204 1621 2226; x_wconf 86' lang='lat' dir='ltr'><strong>re—</strong></span> 
     </span>
     <span class='ocr_line' id='line_1_62' title="bbox 934 2238 1622 2286; baseline 0.007 -14"><span class='ocrx_word' id='word_1_328' title='bbox 934 2238 1063 2284; x_wconf 86' lang='lat' dir='ltr'><strong>gnique</strong></span> <span class='ocrx_word' id='word_1_329' title='bbox 1079 2239 1170 2275; x_wconf 86' lang='lat' dir='ltr'><strong>fines</strong></span> <span class='ocrx_word' id='word_1_330' title='bbox 1187 2241 1347 2286; x_wconf 87' lang='lat' dir='ltr'><strong>primi.—</strong></span> <span class='ocrx_word' id='word_1_331' title='bbox 1358 2243 1429 2277; x_wconf 87' lang='lat' dir='ltr'><strong>Pro</strong></span> <span class='ocrx_word' id='word_1_332' title='bbox 1444 2244 1622 2277; x_wconf 82' lang='lat' dir='ltr'><strong>crescendo</strong></span> 
     </span>
     <span class='ocr_line' id='line_1_63' title="bbox 933 2292 1623 2338; baseline 0.007 -14"><span class='ocrx_word' id='word_1_333' title='bbox 933 2296 1044 2325; x_wconf 74' lang='lat' dir='ltr'><strong>mutat</strong></span> <span class='ocrx_word' id='word_1_334' title='bbox 1055 2319 1063 2332; x_wconf 91' lang='lat'>‚</span> <span class='ocrx_word' id='word_1_335' title='bbox 1097 2292 1291 2328; x_wconf 72' lang='lat' dir='ltr'><strong>&#39;l&#39;huaneus</strong></span> <span class='ocrx_word' id='word_1_336' title='bbox 1310 2293 1416 2329; x_wconf 85' lang='lat' dir='ltr'><strong>habet</strong></span> <span class='ocrx_word' id='word_1_337' title='bbox 1435 2321 1444 2338; x_wconf 90' lang='lat'>‚</span> <span class='ocrx_word' id='word_1_338' title='bbox 1463 2296 1623 2329; x_wconf 81' lang='lat' dir='ltr'><strong>mutando</strong></span> 
     </span>
     <span class='ocr_line' id='line_1_64' title="bbox 935 2346 1624 2392; baseline 0.004 -14"><span class='ocrx_word' id='word_1_339' title='bbox 935 2348 1074 2384; x_wconf 73' lang='lat' dir='ltr'><strong>crescit,</strong></span> <span class='ocrx_word' id='word_1_340' title='bbox 1094 2346 1188 2390; x_wconf 91' lang='lat' dir='ltr'><strong>quod</strong></span> <span class='ocrx_word' id='word_1_341' title='bbox 1211 2346 1323 2392; x_wconf 82' lang='lat' dir='ltr'><strong>placet</strong></span> <span class='ocrx_word' id='word_1_342' title='bbox 1344 2348 1555 2383; x_wconf 89' lang='lat' dir='ltr'><strong>Burmanno</strong></span> <span class='ocrx_word' id='word_1_343' title='bbox 1567 2374 1576 2392; x_wconf 92' lang='lat'>,</span> <span class='ocrx_word' id='word_1_344' title='bbox 1594 2347 1624 2382; x_wconf 88' lang='lat' dir='ltr'><strong>si</strong></span> 
     </span>
     <span class='ocr_line' id='line_1_65' title="bbox 935 2396 1264 2442; baseline 0.012 -12"><span class='ocrx_word' id='word_1_345' title='bbox 935 2396 1113 2442; x_wconf 85' lang='lat' dir='ltr'><strong>legeretur</strong></span> <span class='ocrx_word' id='word_1_346' title='bbox 1129 2406 1264 2434; x_wconf 82' lang='lat' dir='ltr'><strong>crescet.</strong></span> 
     </span>
    </p>

    <p class='ocr_par' dir='ltr' id='par_1_21' title="bbox 938 2449 1627 2814">
     <span class='ocr_line' id='line_1_66' title="bbox 991 2449 1624 2497; baseline 0.006 -14"><span class='ocrx_word' id='word_1_347' title='bbox 991 2449 1067 2493; x_wconf 76' lang='lat'><strong>436.</strong></span> <span class='ocrx_word' id='word_1_348' title='bbox 1092 2451 1281 2486; x_wconf 64' lang='lat' dir='ltr'><strong>Fate&#39;cmas.</strong></span> <span class='ocrx_word' id='word_1_349' title='bbox 1309 2451 1469 2497; x_wconf 85' lang='lat' dir='ltr'><strong>Quidam</strong></span> <span class='ocrx_word' id='word_1_350' title='bbox 1491 2455 1624 2487; x_wconf 78' lang='lat' dir='ltr'><strong>vatici-</strong></span> 
     </span>
     <span class='ocr_line' id='line_1_67' title="bbox 938 2503 1627 2549; baseline 0.007 -14"><span class='ocrx_word' id='word_1_351' title='bbox 938 2514 1003 2536; x_wconf 79' lang='lat' dir='ltr'><strong>nas</strong></span> <span class='ocrx_word' id='word_1_352' title='bbox 1015 2529 1023 2542; x_wconf 91' lang='lat'>,</span> <span class='ocrx_word' id='word_1_353' title='bbox 1052 2509 1138 2537; x_wconf 90' lang='lat' dir='ltr'><strong>teste</strong></span> <span class='ocrx_word' id='word_1_354' title='bbox 1162 2503 1335 2546; x_wconf 78' lang='lat' dir='ltr'><strong>Ciofnn03</strong></span> <span class='ocrx_word' id='word_1_355' title='bbox 1357 2504 1411 2539; x_wconf 88' lang='lat' dir='ltr'><strong>alii</strong></span> <span class='ocrx_word' id='word_1_356' title='bbox 1417 2505 1627 2549; x_wconf 73' lang='lat' dir='ltr'><strong>solicanas5</strong></span> 
     </span>
     <span class='ocr_line' id='line_1_68' title="bbox 940 2553 1624 2603; baseline 0.009 -16"><span class='ocrx_word' id='word_1_357' title='bbox 940 2553 1042 2599; x_wconf 77' lang='lat' dir='ltr'><strong>Regii</strong></span> <span class='ocrx_word' id='word_1_358' title='bbox 1059 2555 1372 2603; x_wconf 59' lang='lat' dir='ltr'><strong>nostrisatzkt&#39;rm.(;</strong></span> <span class='ocrx_word' id='word_1_359' title='bbox 1388 2557 1482 2591; x_wconf 78' lang='lat' dir='ltr'><strong>conf.</strong></span> <span class='ocrx_word' id='word_1_360' title='bbox 1494 2557 1536 2592; x_wconf 85' lang='lat' dir='ltr'><strong>ad</strong></span> <span class='ocrx_word' id='word_1_361' title='bbox 1550 2557 1602 2593; x_wconf 88' lang='lat' dir='ltr'><strong>lX</strong></span> <span class='ocrx_word' id='word_1_362' title='bbox 1614 2584 1624 2602; x_wconf 82' lang='lat'>,</span> 
     </span>
     <span class='ocr_line' id='line_1_69' title="bbox 941 2607 1624 2655; baseline 0.012 -17"><span class='ocrx_word' id='word_1_363' title='bbox 941 2607 979 2649; x_wconf 76' lang='lat'><strong>4¹</strong></span> <span class='ocrx_word' id='word_1_364' title='bbox 988 2620 1015 2652; x_wconf 84' lang='lat'><strong>7.</strong></span> <span class='ocrx_word' id='word_1_365' title='bbox 1024 2608 1191 2642; x_wconf 52' lang='lat' dir='ltr'><strong>EtL-De</strong></span> <span class='ocrx_word' id='word_1_366' title='bbox 1200 2610 1327 2643; x_wconf 79' lang='lat' dir='ltr'><strong>Heleno</strong></span> <span class='ocrx_word' id='word_1_367' title='bbox 1337 2609 1416 2644; x_wconf 85' lang='lat' dir='ltr'><strong>vide</strong></span> <span class='ocrx_word' id='word_1_368' title='bbox 1427 2610 1535 2653; x_wconf 87' lang='lat' dir='ltr'>XIII,</span> <span class='ocrx_word' id='word_1_369' title='bbox 1550 2611 1624 2655; x_wconf 87' lang='lat'><strong>723.</strong></span> 
     </span>
     <span class='ocr_line' id='line_1_70' title="bbox 942 2657 1622 2710; baseline 0.007 -18"><span class='ocrx_word' id='word_1_370' title='bbox 942 2657 1030 2694; x_wconf 74' lang='lat' dir='ltr'><strong>Erat</strong></span> <span class='ocrx_word' id='word_1_371' title='bbox 1048 2662 1231 2695; x_wconf 68' lang='grc' dir='ltr'><strong>οἰωνοπόλων</strong></span> <span class='ocrx_word' id='word_1_372' title='bbox 1247 2660 1296 2705; x_wconf 73' lang='grc' dir='ltr'><strong>ἔχ’</strong></span> <span class='ocrx_word' id='word_1_373' title='bbox 1308 2663 1428 2710; x_wconf 51' lang='lat' dir='ltr'><strong>&amp;pecs-25</strong></span> <span class='ocrx_word' id='word_1_374' title='bbox 1439 2663 1602 2697; x_wconf 84' lang='lat' dir='ltr'><strong>Homero</strong></span> <span class='ocrx_word' id='word_1_375' title='bbox 1613 2691 1622 2708; x_wconf 87' lang='lat'>,</span> 
     </span>
     <span class='ocr_line' id='line_1_71' title="bbox 941 2709 1626 2759; baseline 0.009 -14"><span class='ocrx_word' id='word_1_376' title='bbox 941 2709 982 2745; x_wconf 89' lang='lat' dir='ltr'><strong>Il.</strong></span> <span class='ocrx_word' id='word_1_377' title='bbox 999 2717 1021 2744; x_wconf 91' lang='lat' dir='ltr'>Z</span> <span class='ocrx_word' id='word_1_378' title='bbox 1034 2736 1044 2754; x_wconf 85' lang='lat'>,</span> <span class='ocrx_word' id='word_1_379' title='bbox 1060 2711 1110 2757; x_wconf 77' lang='lat'><strong>76.</strong></span> <span class='ocrx_word' id='word_1_380' title='bbox 1124 2710 1298 2747; x_wconf 84' lang='lat' dir='ltr'><strong>Vaticinia</strong></span> <span class='ocrx_word' id='word_1_381' title='bbox 1310 2739 1320 2758; x_wconf 91' lang='lat'>,</span> <span class='ocrx_word' id='word_1_382' title='bbox 1337 2714 1462 2759; x_wconf 89' lang='lat' dir='ltr'><strong>quibus</strong></span> <span class='ocrx_word' id='word_1_383' title='bbox 1470 2715 1626 2751; x_wconf 86' lang='lat' dir='ltr'><strong>AEneam</strong></span> 
     </span>
     <span class='ocr_line' id='line_1_72' title="bbox 941 2762 1626 2814; baseline 0.012 -17"><span class='ocrx_word' id='word_1_384' title='bbox 941 2762 1015 2808; x_wconf 82' lang='lat' dir='ltr'><strong>jam</strong></span> <span class='ocrx_word' id='word_1_385' title='bbox 1045 2762 1288 2808; x_wconf 84' lang='lat' dir='ltr'><strong>profecturum</strong></span> <span class='ocrx_word' id='word_1_386' title='bbox 1319 2766 1461 2803; x_wconf 88' lang='lat' dir='ltr'><strong>instruit</strong></span> <span class='ocrx_word' id='word_1_387' title='bbox 1478 2796 1488 2814; x_wconf 89' lang='lat'>,</span> <span class='ocrx_word' id='word_1_388' title='bbox 1522 2770 1626 2805; x_wconf 85' lang='lat' dir='ltr'><strong>habet</strong></span> 
     </span>
    </p>
   </div>
   <div class='ocr_carea' id='block_1_17' title="bbox 1379 2835 1435 2888">
    <p class='ocr_par' dir='ltr' id='par_1_22' title="bbox 1379 2835 1435 2888">
     <span class='ocr_line' id='line_1_73' title="bbox 1379 2835 1435 2888; baseline 0 0"><span class='ocrx_word' id='word_1_389' title='bbox 1379 2835 1435 2888; x_wconf 74' lang='lat'><strong>34</strong></span> 
     </span>
    </p>
   </div>
  </div>
 </body>
</html>
