1820 3106
399 271 1106 320 METAMORPHOSEON
1136 273 1266 317 LIB.
1300 273 1414 318 XV.

1551 272 1637 318 533

202 369 394 420 Dixere!
414 368 472 417 ah
497 367 674 435 quoties
696 366 820 416 flenti
839 367 1056 417 Tbeseius
1077 366 1210 415 heros
1223 382 1238 426 ,'

209 471 234 493 «
255 449 374 498 Siste
394 446 602 495 modum!
628 444 740 494 dixit
759 465 769 493 ε
794 464 875 495 nec
894 446 1012 495 enim
1035 445 1216 494 fortuna
1240 444 1464 512 querenda

203 527 310 580 Sola
330 538 406 575 tua
424 537 492 576 est
512 546 522 575 :
546 524 710 574 similes
730 524 920 574 aliorum
943 525 1112 592 respice
1140 543 1267 574 casus
1284 562 1297 583 ,

204 603 366 655 Mitius
386 603 473 653 ista
495 603 610 653 feres
630 623 640 652 :
659 604 918 670 utinamque
942 601 1141 669 exempla
1160 601 1381 652 dolentem
1396 618 1412 661 ,'

1576 613 1644 660 49⁵

201 682 311 731 Non
334 700 431 730 mea
452 692 495 730 te
519 692 706 749 possent
727 679 943 730 relevare!
966 679 1044 729 sed
1070 691 1113 728 et
1134 698 1230 728 mea
1250 689 1453 746 possunt.

202 758 358 808 Fando
379 758 572 826 aliquem
591 757 891 828 Hippolytum
907 770 1075 808 vestras
1089 795 1100 816 ,
1124 769 1261 824 puto,
1282 754 1475 819 contigit
1495 772 1643 813 aures,

204 837 479 887 Credulitate
499 838 661 906 patris,
688 837 905 888 sceleratae
927 837 1081 887 fraude
1104 855 1302 886 uovercae

205 916 485 966 Occubuisse
506 917 604 966 neci
625 936 635 966 ε
657 916 898 975 mirabere,
922 916 1083 984 vixque
1109 915 1329 983 probabo.

203 992 295 1042 Sed
318 1005 463 1044 tamen
486 993 562 1043 ille
587 1013 672 1057 ego
697 1013 826 1043 sum:
846 1013 916 1043 me
935 993 1198 1060 Pasiphaeia
1221 991 1446 1060 quondam

1576 1003 1644 1037 500

202 1072 444 1122 Tentatum
465 1072 629 1122 frustra
652 1073 847 1140 patrium
870 1084 1106 1122 temerasse
1129 1071 1302 1131 cubile,

204 1149 345 1214 Quod
368 1149 534 1210 voluit,
557 1150 688 1199 finxit
712 1150 906 1199 voluisse
920 1187 932 1208 ‚
954 1162 1000 1199 et
1023 1149 1205 1198 crimine
1227 1167 1354 1198 verso
1368 1186 1382 1207 ,

202 1228 427 1278 Indiciine
446 1240 569 1278 metu
591 1229 733 1293 magis
750 1267 762 1288 ,
791 1228 1019 1278 offensane
1040 1226 1253 1295 repulsae,

205 1308 373 1372 Arguit
394 1327 405 1356 ε
424 1307 786 1374 immeritumque
811 1319 937 1375 pater
957 1306 1144 1374 projecit
1165 1307 1223 1355 ab
1246 1306 1382 1364 urbe,

251 1441 329 1489 492.
356 1441 517 1476 Theseius
535 1442 651 1479 laetos,
680 1437 903 1485 Hippolytus.

207 1500 286 1540 post
296 1499 451 1528 mortem
459 1492 530 1527 huc
538 1492 725 1527 translatus
732 1503 751 1525 a
758 1491 875 1525 Diana
885 1502 894 1530 ;

205 1544 287 1581 vide
298 1545 364 1581 inf.
379 1546 464 1588 5423
478 1551 514 1580 et
530 1544 624 1580 Fast.
635 1544 712 1587 Vl,
733 1544 807 1588 745.
826 1544 893 1578 Ed.

253 1599 330 1646 497.
345 1597 687 1645 ΗψροΙῙΙίἰεΒιιΙειιι
699 1603 896 1632 tractarunt

207 1650 397 1697 Euripides
421 1657 458 1686 et
481 1650 618 1686 Seneca
643 1650 688 1685 in*
711 1649 895 1696 Hippolyt.

205 1704 336 1752 Vix-gil.
356 1704 441 1741 AEn.
459 1703 554 1749 Vll,
576 1704 635 1749 761
659 1715 731 1748 sqq.
758 1701 897 1737 Confer

207 1757 399 1806 Hyginum
408 1783 419 1801 ‚
430 1756 500 1792 fab.
509 1759 550 1803 47
561 1783 572 1801 ‚
584 1763 621 1791 et
632 1755 841 1791 Cluverium
856 1755 896 1790 in

206 1810 286 1846 Ital.
301 1817 374 1845 ant.
388 1822 466 1856 pag.
479 1811 543 1858 931
561 1823 586 1844 s.
598 1809 897 1844 FuitAriciorum

210 1862 403 1898 domestica
418 1861 558 1904 fabula3
575 1863 725 1897 Pausan.
743 1861 781 1896 11
793 1887 803 1904 ‚
821 1874 900 1909 9.—

216 1915 373 1956 Vestras,
383 1919 469 1959 puto
477 1941 487 1956 ‚
507 1917 650 1959 contigit
659 1926 767 1949 aures.
780 1912 899 1959 Vulgo

211 1970 428 2013 se'contzgrin
452 1967 622 2003 Heinsius
651 1973 771 2002 autem
801 1965 903 2001 dedit

205 2027 290 2065 puto
307 2034 349 2057 ex
365 2021 540 2057 Urbinate
558 2047 567 2065 ,
588 2020 875 2066 Berneggeriano
886 2045 897 2063 ,

212 2073 456 2111 Arondeliano
482 2101 493 2119 ,
526 2073 723 2110 Oxoniensi
754 2079 790 2108 et
821 2079 900 2108 octo

214 2127 297 2164 aliis.
319 2126 443 2163 Codex
465 2134 588 2163 noster
612 2127 645 2162 A
666 2127 772 2162 habet
787 2129 900 2173 quod,·

214 2181 382 2228 permulti
404 2180 462 2216 alii
481 2193 616 2226 quoque.
642 2179 834 2226 Eleganter
856 2179 900 2214 de

212 2234 308 2270 sama
323 2233 471 2279 loquens
482 2261 492 2278 ‚
504 2239 636 2268 vestras
651 2233 768 2278 inquit
781 2233 904 2279 plura·-

214 2286 296 2321 liter
318 2299 327 2321 ε
352 2285 481 2321 deinde
512 2286 645 2321 addens
667 2286 901 2329 miraculum,

214 2338 437 2386 singulariter
444 2341 604 2374 mirabere
613 2365 623 2380 ‚
645 2346 826 2385 tamquam
838 2352 905 2373 no-

215 2392 293 2427 titia
321 2391 365 2427 ad
396 2404 519 2427 omnes
538 2417 548 2435 ,
581 2390 792 2426 miraculum
816 2403 904 2425 vero

217 2447 367 2482 maxime
385 2444 429 2481 ad
448 2444 615 2491 Egeriam
629 2451 771 2490 spectet.
784 2445 850 2479 Ed.
860 2462 905 2472 —

219 2502 426 2536 Creduluate
440 2502 553 2544 patris
567 2526 577 2539 ,
606 2498 640 2533 id
670 2504 722 2533 est
749 2497 904 2542 Thesei,

217 2552 278 2597 qui
295 2551 447 2586 nimium
462 2549 561 2586 facile
578 2549 730 2585 credidit
745 2549 906 2585 Phaedrae

218 2603 322 2638 uxori
335 2603 535 2649 privignum
548 2602 732 2638 accusanti.
749 2603 816 2637 Ed.

267 2659 344 2691 500.
362 2657 588 2700 Pasiphaeia,
611 2653 761 2690 Phaedra
774 2653 907 2689 Minois

222 2714 259 2743 et
274 2707 461 2753 Pasiphaes
485 2706 556 2742 filia
571 2733 582 2751 ‚
608 2719 714 2752 quam
731 2732 741 2750 ,
765 2712 908 2740 mortua

224 2759 420 2808 Hippolyta
436 2786 446 2804 ‚
474 2760 663 2805 conjugem
685 2759 783 2794 duxit
801 2758 909 2794 The-

226 2826 315 2850 seus.
337 2814 388 2850 Ea
403 2813 526 2850 exarsit
542 2812 578 2849 in
595 2825 753 2850 amorem
767 2811 911 2859 Hippo-

958 1437 1022 1486 lyti
1036 1464 1045 1481 ,
1059 1445 1095 1474 et
1105 1436 1222 1473 studio
1233 1435 1387 1472 venandi
1403 1442 1438 1472 'et
1449 1436 1649 1483 virginitate

959 1490 1115 1526 Dianam
1138 1490 1295 1525 colentis.
1320 1491 1461 1525 Frustra
1484 1497 1647 1526 tentalum

959 1543 1144 1588 juvenem,
1157 1542 1397 1588 indignissime
1407 1543 1586 1578 ferentem
1599 1543 1650 1578 in·

959 1604 1072 1632 cestos
1088 1609 1248 1631 novercae
1266 1609 1403 1632 amores
1415 1624 1424 1641 ,
1436 1602 1566 1642 arguit,
1579 1611 1650 1643 pa-

959 1653 1059 1685 trium
1074 1657 1255 1684 temerasse
1266 1652 1375 1684 cubile
1386 1677 1394 1688 ,
1413 1650 1449 1684 id
1464 1657 1515 1685 est
1526 1650 1649 1686 incesti

959 1703 1073 1748 stupri
1088 1702 1357 1739 insimulavit.--
1363 1704 1536 1739 Temerare
1545 1731 1553 1744 ,
1573 1711 1650 1739 stu-

961 1767 1026 1800 pro
1042 1754 1198 1800 polluere
1214 1781 1224 1799 ‚
1244 1758 1393 1800 patrium
1409 1759 1518 1791 cubile
1539 1755 1647 1791 etiam

962 1809 1000 1844 II
1013 1834 1023 1852 ,
1044 1812 1130 1856 5923
1149 1814 1262 1858 χρᾶνοιι
1278 1811 1385 1853 λέχος,
1409 1809 1531 1855 Eurip.
1553 1809 1649 1845 1266.

965 1861 1141 1898 Credulus
1154 1868 1253 1907 pater
1267 1862 1376 1897 fidem
1388 1860 1521 1896 habens
1531 1861 1650 1897 fraudi

961 1916 1135 1952 sceleratae
1152 1928 1313 1951 novercae
1325 1941 1336 1959 ,
1352 1918 1566 1957 immeritum,
1592 1915 1652 1950 in-

962 1975 1173 2012 nocentem,
1181 1968 1327 2013 projecit
1339 1970 1384 2002 ab
1399 1971 1496 2009 arbec,
1513 1968 1551 2003 in
1567 1968 1650 2003 exsi-

963 2021 1051 2056 lium
1072 2021 1210 2068 abegit,
1235 2023 1414 2067 hoslilz'que
1433 2035 1532 2066 prece
1551 2027 1655 2068 caput

961 2075 1038 2119 ejus
1054 2077 1247 2114 detestatur,
1270 2075 1479 2121 Neptunum
1495 2082 1592 2119 orat,
1612 2081 1652 2111 ut

964 2129 1077 2164 filium
1090 2129 1135 2164 ob
1146 2128 1257 2164 cubile
1271 2129 1425 2174 patrium
1437 2135 1651 2164 temeratum

964 2181 1367 2217 interficiat.--Versum
1383 2184 1445 2216 502
1458 2207 1468 2224 ,
1485 2182 1589 2224 Quod
1596 2194 1652 2215 vo-

963 2237 1030 2270 luit
1044 2241 1110 2270 ete.
1136 2247 1219 2269 cum
1241 2233 1393 2268 Heinsio
1413 2232 1651 2268 adulterinum

964 2287 1226 2334 judica—Post
1237 2285 1414 2331 offensane
1422 2288 1561 2330 repulse
1572 2285 1654 2319 sub-

965 2338 1119 2385 intellige
1130 2341 1265 2374 dubium
1277 2345 1338 2374 est.
1353 2337 1521 2373 Heinsius
1533 2344 1652 2372 tamen

965 2391 1161 2437 suspicatur
1173 2418 1183 2436 ,
1211 2396 1244 2428 τὲ
1268 2394 1380 2436 magis
1405 2390 1594 2435 obrepsisse
1616 2390 1654 2424 in

966 2444 1085 2479 locum
1101 2450 1153 2480 τοῦ
1166 2443 1492 2487 dubium.--Projae'ci
1503 2455 1592 2487 saepe
1609 2441 1654 2476 de

968 2496 1141 2532 exsulibus
1149 2496 1216 2531 dici
1226 2496 1567 2531 docetBurmannus.
1580 2495 1657 2542 Hy·

968 2563 1081 2597 gynus
1092 2576 1102 2591 ,
1122 2562 1142 2584 e
1155 2551 1358 2595 conjectura
1370 2548 1549 2584 Schefferi
1561 2574 1570 2592 ,
1581 2561 1658 2582 me-

968 2604 1069 2637 m'bus
1092 2604 1250 2637 excedere
1266 2602 1387 2646 jussit.
1418 2600 1597 2636 Indictum
1623 2598 1657 2634 ei

969 2661 1044 2699 est,
1071 2657 1110 2694 ὥς
1132 2657 1180 2690 οὐκ
1200 2652 1242 2690 ἴτ’
1264 2656 1292 2688 ἕν
1313 2652 1450 2705 ’γῇ-,τῇδ’
1472 2653 1657 2697 ἀναστρέψαι

970 2709 1072 2748 κὸδα;
1093 2705 1215 2752 Eurip.
1237 2719 1287 2741 vs.
1308 2705 1414 2751 11763
1443 2711 1479 2740 et
1498 2718 1545 2740 vs.
1564 2704 1630 2751 893
1644 2728 1655 2748 ,

969 2760 1042 2805 ipse
1065 2758 1223 2795 Theseus
1233 2785 1250 2804 .,
1283 2761 1375 2804 ἔξελῶ
1399 2774 1454 2805 ‘⁷5⁶‘
1476 2761 1571 2793 τῖίσδι
1591 2764 1658 2801 γῆς·

972 2814 1038 2861 973
1055 2837 1066 2858 ,
1100 2815 1198 2863 ’ἔξερῥε
1225 2805 1437 2857 γαίας-τῆσδε
1470 2813 1538 2847 ὅσον
1563 2809 1660 2853 τάχος
