1820 3106
256 306 311 334 20
619 293 671 335 P.
713 292 948 338 OVIDII
985 295 1291 349 NASONIS

253 384 403 450 Atque
423 384 486 432 ita
509 385 777 450 compositas
800 405 934 452 parvo
957 388 1202 437 curvamine
1225 388 1383 449 flectit,

254 463 318 510 Ut
339 481 461 510 veras
484 461 714 510 imitentur
736 481 835 511 aves
860 483 869 512 ε
893 483 1004 531 puer
1026 467 1176 515 Icarus
1197 486 1286 516 una

1610 486 1674 533 195

254 539 434 597 Stabat3
461 551 527 598 et,
553 539 731 603 ignarus
756 560 835 590 sua
855 560 900 590 se
925 554 1108 592 tractare
1130 545 1292 610 pericla
1308 583 1319 603 ‚
1342 554 1347 557 ’

255 618 345 665 Ore
369 616 612 675 renidenti,
637 617 769 666 modo
796 637 903 685 quas
925 639 1033 682 vaga
1056 634 1251 670 moverat
1273 642 1375 671 aura
1391 660 1402 680 ,

254 694 471 760 Captabat
493 693 692 760 plumas;
715 695 868 744 flavam
889 696 1023 745 modo
1048 697 1208 763 pollice
1230 718 1370 748 ceram

253 770 489 829 Mollibat,
512 771 702 838 lusuque
726 792 808 821 suo
830 773 1029 822 mirabile
1052 776 1190 841 patris

252 849 529 914 Impediebat
549 869 661 916 opus
682 870 691 898 ε
711 862 948 918 postquam
971 871 1126 902 manus
1150 853 1305 902 ultima
1328 856 1484 922 coeptis

1607 882 1672 907 200

252 926 465 991 Imposita
487 937 553 974 est
567 964 578 984 ,
604 927 798 989 geminas
824 928 972 994 o'pifex
994 928 1172 979 libravit
1193 931 1239 978 in
1261 930 1351 980 alas

251 1006 352 1070 Ipse
376 1023 503 1052 suum
530 1023 718 1071 corpus;
742 1017 949 1071 motaque
968 1007 1181 1072 pependit
1200 1008 1247 1055 in
1269 1027 1385 1057 aura.

251 1081 439 1129 Instruit
460 1092 505 1128 et
525 1091 704 1136 natum3
734 1103 756 1122 «
782 1081 1027 1148 Medioque
1051 1096 1103 1131 ut
1126 1083 1263 1132 limite
1288 1104 1462 1145 curras,

254 1180 277 1200 »
305 1159 423 1206 Icare
438 1195 448 1215 ,
475 1157 536 1206 ait
551 1194 562 1215 ‚
589 1176 748 1206 moneo
771 1178 781 1206 ε
806 1177 886 1215 ne,
916 1159 954 1206 si
978 1159 1210 1209 demissior
1233 1161 1348 1220 ibis,

255 1257 278 1277 ›»
304 1234 437 1282 Unda
459 1246 606 1297 gravet
629 1254 823 1300 pennas3
849 1235 886 1284 si
911 1235 1069 1285 celsior
1084 1275 1096 1295 ,
1120 1238 1237 1301 ignis
1259 1240 1426 1288 adurat.

1606 1255 1670 1289 2⁰5

254 1334 277 1354 »
308 1313 430 1359 Inter
452 1322 691 1376 utrumque
712 1311 811 1359 vola
831 1331 840 1360 :
860 1331 941 1361 nec
965 1325 1008 1361 te
1031 1327 1227 1380 spectare
1249 1317 1448 1375 Booten,

249 1448 333 1476 sunt
353 1440 477 1476 mediae
495 1446 530 1475 et
546 1439 626 1474 imae
647 1445 762 1485 partes
779 1452 927 1475 earum-

249 1494 332 1529 dem
350 1504 558 1539 pennarum.
581 1491 638 1525 Sic
658 1490 754 1525 enim
774 1491 830 1526 illa
857 1504 928 1526 vo-

247 1546 368 1581 cabula
385 1545 657 1589 frequentantur
673 1555 681 1577 :
700 1543 791 1588 apud
817 1542 927 1578 Phae-

249 1597 354 1631 drum
370 1623 379 1640 ,
406 1597 440 1631 II
454 1622 463 1640 ,
487 1596 553 1630 sab.
580 1606 618 1629 lv
629 1621 638 1638 ,
665 1594 747 1629 seles
764 1594 801 1628 in
818 1597 928 1630 media

249 1661 380 1694 quercu
406 1647 516 1693 parit,
542 1659 598 1681 sus
620 1645 662 1680 ad
679 1649 781 1680 imam
803 1647 927 1680 soetum

247 1700 348 1746 ponit
362 1715 369 1742 ;
382 1708 417 1735 et
430 1700 573 1742 Noster,
587 1698 662 1733 Art.
677 1697 758 1731 Am.
772 1697 814 1741 46
825 1711 899 1744 sqq.
915 1712 925 1733 ι

246 1756 314 1788 leve
338 1766 401 1796 per
426 1754 494 1786 lini
514 1754 652 1787 vincula
682 1755 785 1786 nectit
813 1763 898 1795 opus
915 1764 925 1784 ι

247 1807 383 1850 Imaque
399 1816 483 1848 pars
507 1806 593 1839 ceris
610 1806 830 1848 adstringttur
852 1806 928 1846 ι’,ῳιε

246 1860 378 1891 solutis.
398 1875 443 1882 -
463 1857 511 1890 Ut
526 1869 623 1890 veras
641 1863 704 1891 etc.
718 1882 727 1900 ,
747 1863 787 1890 ut
799 1855 927 1890 similes

247 1909 316 1943 sint
330 1908 390 1943 alis
406 1920 573 1942 verarum
589 1908 715 1943 avium.
729 1926 774 1935 ——-
787 1909 927 1943 Imiten-

246 1969 317 2003 tur,
340 1961 539 2006 exquisitius
551 1988 560 2005 ,
579 1974 685 2007 quam
701 1988 712 2007 ,
731 1961 825 2007 quod
842 1960 927 1995 olim

245 2012 433 2055 edebatur,
454 2015 608 2047 imitetur.

294 2065 367 2111 196.
384 2065 527 2106 Stabat;
544 2071 594 2104 et,
613 2067 750 2107 ignarus
766 2071 831 2100 etc.
850 2064 924 2098 Lu-

245 2123 303 2152 s'us
316 2117 466 2162 pueriles
481 2117 569 2151 Icari
580 2116 732 2161 jucunde
745 2124 926 2153 notantur.

246 2188 290 2194 —
315 2170 489 2209 Tractare,
521 2168 681 2202 manibus
697 2168 900 2214 contingere
914 2194 925 2211 ,

247 2234 312 2255 sua
320 2222 472 2264 pericula
483 2246 491 2261 ,
510 2232 642 2264 pennas
653 2226 688 2253 et
701 2232 796 2254 ceras
806 2246 816 2263 ,
829 2219 925 2254 unde

247 2280 346 2319 pater
357 2272 425 2307 alas
438 2271 601 2314 faciebat,
618 2283 698 2305 mox
717 2271 789 2305 filio
804 2271 926 2316 perni-

247 2324 339 2359 ciem
365 2324 534 2358 allaturas.
567 2322 736 2357 Similiter
752 2324 922 2366 pericula,

245 2390 348 2412 versu
360 2377 479 2411 331.-·
486 2377 592 2420 Vaga,
602 2375 738 2410 mobilis
749 2381 808 2409 aut
819 2382 925 2409 mota.

247 2447 292 2455 —-
307 2429 475 2470 Moverau
496 2427 662 2462 Heinsius
672 2426 840 2461 suadebat
854 2438 927 2459 rno-

249 2485 347 2520 verit,
383 2489 418 2515 et
441 2493 523 2514 mox
549 2479 657 2514 alium
682 2479 799 2513 lusum
826 2479 926 2513 Icaro

250 2533 423 2568 tribuebat
437 2559 446 2575 ,
465 2545 574 2576 quum
590 2534 752 2576 captabat
765 2531 803 2565 in
816 2533 928 2575 anssa-

250 2588 311 2620 bat
332 2585 386 2619 vel
406 2587 576 2618 tractabat
599 2583 728 2618 mutari
750 2582 863 2617 vellet.
883 2599 927 2608 —-

251 2637 353 2682 Regii
363 2636 470 2670 nostri
481 2636 584 2670 ambo
594 2662 602 2678 ,
614 2642 760 2670 moverat
769 2642 803 2670 et
813 2640 927 2679 capta-

251 2692 372 2723 bat.—-
383 2688 516 2722 Mollire
530 2700 640 2721 ceram
649 2714 658 2726 ‚
676 2694 715 2721 ut
730 2689 858 2721 mollire
871 2688 927 2719 la—

250 2753 329 2775 nam
347 2766 355 2780 ‚
380 2751 458 2773 eam
488 2738 635 2772 reddere
662 2745 817 2772 tenuem.
848 2737 924 2771 Art.

251 2792 371 2826 Amat.
382 2792 426 2838 49
441 2803 513 2835 sqq.
531 2802 538 2825 :
562 2790 745 2825 Tractabat
758 2800 927 2832 ceramque

986 1456 1072 1488 puer
1088 1457 1280 1489 pennasque
1301 1448 1470 1486 renidens,
1500 1447 1644 1481 Nescius
1657 1474 1669 1489 ,

991 1497 1063 1530 hoec
1082 1497 1226 1531 humeris
1242 1509 1338 1531 arma
1351 1503 1481 1541 parata
1495 1501 1578 1532 suis.

1035 1558 1112 1580 201.
1133 1548 1308 1589 libravit,
1339 1547 1520 1593 suspendit
1535 1549 1582 1583 ita
1595 1575 1605 1592 ,
1630 1557 1670 1584 ut

991 1597 1223 1643 aequilibrium
1240 1606 1447 1635 servaretur.
1465 1599 1557 1635 Vide
1571 1600 1614 1635 ad
1628 1601 1643 1635 Ι
1658 1627 1669 1643 ,

996 1651 1045 1684 13.
1064 1649 1280 1695 Quanquam
1299 1653 1422 1686 librare
1437 1657 1473 1686 et
1491 1651 1670 1697 eleganter

992 1701 1036 1736 de
1050 1703 1150 1737 volan
1156 1702 1244 1737 tibus
1256 1702 1382 1738 dicitur
1391 1729 1402 1747 ,
1415 1704 1474 1748 qui
1487 1716 1612 1749 corpus
1621 1704 1670 1738 ita

991 1754 1046 1788 vel
1062 1754 1099 1788 in
1116 1767 1195 1788 aera
1213 1754 1340 1789 tollunt
1353 1780 1363 1798 ,
1379 1755 1434 1789 vel
1450 1754 1487 1789 in
1505 1754 1575 1789 alto
1591 1767 1668 1797 susf—

991 1806 1116 1841 tinent.
1137 1805 1302 1852 Virgilius
1317 1831 1327 1849 ,
1346 1805 1476 1852 Georg.
1496 1807 1564 1850 IV,
1585 1807 1667 1854 196,

991 1856 1034 1891 de
1053 1856 1171 1902 apibus
1179 1883 1188 1900 ‚
1206 1870 1278 1891 sese
1286 1870 1350 1901 per
1363 1859 1482 1891 inania
1491 1859 1608 1891 nubila
1622 1859 1670 1891 li·-

991 1910 1091 1943 brant
1105 1922 1115 1943 .·
1133 1909 1262 1944 Noster
1273 1934 1283 1952 ,
1300 1908 1377 1943 Art.
1395 1908 1512 1942 Amat.
1528 1908 1572 1943 68
1585 1933 1596 1952 ,
1611 1908 1668 1942 ln-

990 1973 1053 2005 que
1066 1973 1183 1995 nouum
1199 1962 1312 1995 timide
1321 1973 1459 2004 corpora
1471 1962 1576 1994 librat
1583 1962 1667 2000 iter,·

991 2012 1117 2046 Amor.
1134 2012 1169 2046 11
1183 2037 1193 2055 ,
1214 2023 1253 2046 V1
1267 2037 1277 2055 ,
1299 2025 1333 2045 11
1346 2037 1356 2055 ,
1380 2011 1423 2045 de
1441 2011 1559 2045 avibus
1570 2035 1580 2052 ,
1596 2022 1669 2054 quoe

989 2065 1115 2108 liquido
1125 2065 1257 2097 libratis
1267 2066 1302 2096 in
1315 2075 1392 2097 aere
1401 2073 1538 2105 cursus,·
1550 2061 1666 2104 Silius,

989 2116 1082 2159 XII,
1106 2117 1168 2163 194
1183 2142 1193 2159 ,
1217 2129 1258 2150 ex
1275 2115 1470 2150 imitatione
1488 2115 1607 2151 Nostri
1623 2113 1667 2150 de

990 2167 1135 2202 Daedalo
1148 2193 1157 2211 ,
1173 2169 1371 2211 Suspensum
1387 2169 1443 2201 hic
1458 2169 1587 2202 librans
1603 2179 1667 2200 rne-

990 2222 1049 2253 dia
1061 2222 1148 2254 inter
1161 2221 1276 2253 nubila
1295 2231 1426 2263 corpus.

1033 2270 1109 2304 203.
1138 2271 1271 2305 Currere
1286 2282 1396 2315 quum
1412 2268 1551 2314 proprie
1566 2267 1666 2302 dica-

990 2329 1048 2356 tur
1062 2321 1158 2356 navis
1170 2348 1180 2366 ,
1195 2322 1285 2356 bene
1298 2320 1341 2356 ad
1353 2321 1507 2356 volatum
1524 2318 1664 2353 transla-

990 2380 1067 2408 tum
1090 2380 1150 2408 est.
1170 2373 1316 2408 volatus
1332 2373 1427 2408 enim
1443 2378 1479 2406 et
1492 2370 1666 2416 navigatio

989 2425 1103 2461 solent
1123 2438 1143 2460 a
1163 2425 1274 2470 poetis
1299 2425 1391 2459 inter
1405 2436 1442 2458 se
1459 2422 1663 2468 comparari.

990 2477 1157 2523 Virgilius
1167 2503 1176 2520 ‚
1194 2477 1286 2512 dicto
1298 2476 1373 2510 loco
1382 2501 1391 2518 ,
1408 2478 1521 2509 enavit
1529 2474 1572 2509 de
1583 2474 1666 2508 Dae-

990 2528 1069 2563 dalo
1079 2529 1227 2563 volante.
1238 2544 1282 2554 -—
1293 2528 1442 2561 Instruit.
1454 2525 1532 2560 Art.
1546 2525 1665 2560 Amat.

991 2581 1048 2625 ΙΙ,
1067 2581 1126 2625 64,
1146 2582 1271 2615 Erudit
1276 2581 1426 2624 infirmas
1436 2585 1476 2613 ut
1488 2590 1552 2612 sua
1563 2585 1667 2612 mater

989 2646 1077 2668 aves.
1093 2632 1237 2667 Instruit
1253 2637 1370 2665 autem
1382 2630 1455 2680 §ere
1469 2657 1478 2674 ,
1494 2637 1531 2664 ut
1548 2630 1665 2665 Phae-

990 2685 1152 2720 thontem
1163 2682 1314 2718 Phoebus
1323 2708 1332 2725 ,
1353 2682 1411 2726 11,
1427 2682 1488 2716 126
1498 2695 1571 2727 sqq.
1581 2708 1591 2726 ,
1604 2682 1663 2717 ubi

990 2736 1161 2771 nonnulla
1174 2734 1227 2769 his
1244 2734 1377 2768 similia.

1034 2788 1109 2824 206.
1122 2788 1192 2824 Nec
1209 2794 1240 2822 te
1257 2794 1406 2831 spectare
1417 2793 1481 2822 etc.
1492 2785 1663 2832 Fugiebat
