1820 3106
266 273 352 316 358

637 274 690 316 P.
731 273 967 318 OVIDII
998 273 1301 319 NASONIS

263 364 333 413 Sit
352 364 456 412 licet
474 365 560 412 hoc
582 364 737 428 ingens
752 403 763 423 ,
790 365 1005 434 quidquid
1025 366 1209 432 speravit
1234 365 1403 416 Ulixes.
1456 425 1463 434 ι

262 445 352 491 Iste
376 442 478 491 tulit
501 444 687 509 pretium
706 443 793 508 jam
814 462 930 492 nunc
954 444 1198 492 certaminis
1221 444 1352 509 hujus
1366 482 1380 503 ‚

266 520 372 583 Quo
398 539 534 586 quum
554 521 695 568 victus
718 521 822 579 erit,
845 541 1013 570 mecum
1040 534 1223 570 certasse
1243 522 1422 571 feretur.
1633 528 1675 570 αι’,

263 597 413 662 Atque.
432 616 513 660 ego
528 634 539 653 ,
567 597 604 644 si
627 597 764 646 virtus
790 598 837 645 in
856 618 922 646 me
948 598 1207 648 dubitabilis
1231 611 1362 658 esset,

262 673 504 723 Nobilitate
530 685 690 741 potens
714 693 849 723 essem
864 714 875 733 ,
899 674 1132 724 Telamone
1156 687 1347 734 creatus,

262 752 429 801 Moenia
455 753 530 819 qui
555 753 660 801 forti
683 754 872 819 Trojana
895 755 977 803 sub
1002 753 1192 803 Hercule
1214 754 1354 820 cepit,

259 828 499 895 Litoraque
521 829 697 878 intravit
721 831 919 894 Pagasaea
945 830 1108 878 Colcha
1131 830 1285 886 carina.

262 905 423 954 AEacus
442 906 547 954 huic
569 919 692 973 pater
715 919 803 966 est,
830 909 905 974 qui
925 910 1017 973 jura
1044 907 1274 956 silentibus
1296 905 1387 954 illic
1436 914 1437 917 ’
1631 921 1675 954 25

261 981 450 1040 Reddit,
475 982 780 1031 ubi-AEoliden
802 1002 953 1031 saxum
975 1002 1103 1046 grave
1125 982 1346 1048 Sisyphon
1370 993 1510 1044 urget.

259 1100 356 1136 facile
373 1101 510 1136 sentiet.
532 1103 606 1136 Non
622 1108 676 1137 est
688 1106 726 1136 ei
738 1105 909 1147 superbum
919 1130 927 1143 ‚

261 1166 334 1188 non
348 1153 468 1196 habet,
482 1167 547 1200 &cur
557 1155 747 1199 superbiat;
758 1155 834 1189 vide
849 1157 935 1190 Bur-

261 1217 381 1240 mann.
394 1204 435 1240 ad
451 1206 593 1241 Petron.
610 1219 682 1251 cap.
702 1207 795 1241 18.——
805 1208 935 1241 Tenuis-

241 1269 314 1308 ’.ι-ι’,
334 1256 530 1293 obtinuisse.
545 1276 589 1284 —-
602 1260 692 1301 Quo,
716 1258 841 1294 scilicet
859 1271 937 1293 cer-

262 1309 406 1345 tamine.
429 1310 581 1347 Antisth.
600 1325 632 1356 p.
653 1313 693 1355 54
709 1325 716 1345 :
737 1314 749 1347 ὁ
765 1315 888 1356 πόλεμος
906 1315 936 1347 οὗ

263 1364 340 1408 λᾶγῳ
351 1367 482 1411 κρίνεται
493 1389 502 1405 ,
522 1362 587 1397 ἀλλ’
598 1367 681 1413 ἵργῳ.
694 1364 809 1408 Vulgo
826 1363 886 1409 (et
898 1363 935 1397 in

263 1413 381 1458 Regiis
402 1414 527 1449 nostris
547 1413 562 1459 )
589 1418 690 1458 Quod
708 1429 806 1460 quum
828 1419 937 1449 victus

260 1467 340 1507 etit‚·
357 1465 458 1500 multi
479 1468 550 1508 Qui
561 1478 681 1511 quum‚·
700 1467 759 1501 sed
777 1480 839 1511 quo
855 1466 936 1511 pla-

261 1516 333 1551 cuit
342 1517 507 1559 Heinsio,
521 1518 714 1552 Florentini
724 1544 733 1559 ,
747 1519 935 1563 Berneger.

260 1567 437 1604 Boxhorn.
455 1569 613 1603 codicum
634 1571 849 1604 auctoritate.

306 1621 427 1655 21-33.
439 1621 548 1665 Atque
556 1634 616 1665 ego
629 1628 693 1656 etc.
710 1621 933 1655 Nobilitatem

261 1674 397 1719 generis
422 1675 526 1719 jactat
551 1682 586 1709 et
613 1676 690 1720 jure
716 1674 935 1709 haer'editario

260 1726 403 1769 nititur,
423 1734 611 1772 utrumque
631 1727 667 1761 in
684 1727 934 1762 contumeliam

261 1779 404 1827 Ulyssis.
420 1780 540 1816 Verbo
555 1789 693 1816 tantum
709 1781 781 1816 haec
797 1782 934 1826 attingit

262 1831 420 1875 Quintus
433 1831 590 1868 Calaber.
603 1834 747 1868 235-36.
760 1834 870 1877 Atque
877 1833 935 1867 in-

260 1882 365 1917 servit
375 1884 633 1919 transitionibus
645 1898 653 1926 ;
664 1879 743 1919 vide
756 1884 850 1919 Clav.
859 1884 933 1920 Cic.

259 1936 494 1971 —Nobililale
510 1942 646 1980 potens,
667 1936 790 1971 nobilis
809 1949 816 1970 :
835 1937 934 1971 addi-

262 1992 321 2019 tur
335 1986 430 2020 enim
440 1994 560 2030 potens
577 1988 738 2022 omnibus
754 1988 794 2022 iis
809 1988 911 2023 rebus
922 2014 933 2032 ,

260 2049 338 2080 quae
353 2037 469 2083 valent
488 2038 615 2084 aliquid
635 2040 728 2074 inter
749 2040 907 2073 homines
922 2065 931 2082 ,

262 2089 385 2133 quibus
407 2089 557 2125 multum
582 2091 756 2126 efficitur:
778 2092 857 2126 hinc
867 2106 934 2136 po-

258 2145 332 2174 lens
348 2145 545 2175 auctoritate
556 2168 563 2179 ‚
584 2142 707 2186 favore
718 2169 726 2180 ‚
745 2146 850 2187 copiis
867 2149 931 2176 etc.

260 2192 316 2226 De
333 2192 509 2227 nobilitate
526 2193 749 2228 AEacidarum
765 2194 842 2227 vide
860 2194 934 2228 Iso-

259 2250 405 2287 cratem,
418 2244 523 2290 Evag.
535 2258 608 2291 pag.
622 2247 698 2288 452,
708 2245 831 2280 Wolf.
845 2246 930 2278 min.

260 2296 394 2330 Eorum
406 2304 478 2332 acta
488 2297 585 2333 suere
597 2312 674 2344 pars
682 2298 821 2333 illustris
831 2298 931 2333 histo-

256 2348 318 2382 riae
334 2349 484 2393 antiquae
499 2364 506 2391 ;
522 2352 644 2385 Horat.
662 2351 741 2393 ΙΙΙ,
760 2350 829 2385 od.
848 2361 928 2393 xrx,

257 2400 509 2435 init.—Moen1‘a
519 2406 591 2447 qui.
606 2429 612 2437 .
625 2430 632 2438 .
647 2406 751 2447 cepit,·
769 2402 845 2436 vide
858 2402 908 2436 XI
920 2428 929 2445 ,

259 2453 332 2486 213.
347 2471 390 2478 -—
405 2455 549 2488 Intravit
563 2456 663 2488 litora
684 2467 747 2499 pro
760 2480 770 2497 ,
791 2454 931 2488 intravit

255 2511 385 2548 portus.
397 2523 440 2531 -
452 2498 615 2548 Pagasoea
630 2510 746 2540 carina
765 2508 777 2550 (
789 2506 877 2540 male
893 2506 930 2539 in

256 2556 374 2601 Regiis
403 2557 529 2591 nostris
559 2557 683 2602 legitur
714 2560 874 2601 Pegasaea
890 2558 902 2600 )
919 2583 929 2599 ,

252 2606 415 2643 fabricata
429 2610 492 2643 sub
509 2610 659 2654 Pagaso,
687 2610 930 2654 promontorio

252 2666 287 2694 et
303 2660 431 2704 oppido
448 2661 644 2696 Thessaliae.
661 2662 727 2695 Ed.

295 2715 347 2747 25.
365 2715 492 2748 AEacus
503 2739 510 2747 .
525 2741 531 2747 .
546 2742 553 2748 .
569 2715 714 2758 quijura
730 2720 794 2749 etc.
811 2714 931 2748 Pleri-

251 2777 318 2809 que
340 2771 459 2800 tamen
486 2773 620 2802 veteres
651 2779 724 2801 non
750 2766 815 2801 nisi
845 2766 931 2801 duos

999 1102 1131 1147 judices
1149 1100 1336 1135 infernales
1355 1107 1546 1147 agnoscunt
1559 1127 1569 1144 ‚
1593 1101 1675 1136 Mi·-

1001 1166 1069 1188 noa
1086 1160 1120 1187 et
1137 1151 1456 1188 Rhadamanthum.
1470 1152 1596 1187 AEacus
1613 1164 1676 1197 po-

1002 1205 1068 1239 tius
1078 1204 1236 1238 Plutonis
1244 1203 1391 1249 claviger
1398 1203 1586 1246 ferebatur;
1595 1203 1674 1238 vide

1003 1256 1153 1291 Fischer.
1161 1255 1204 1290 ad
1216 1255 1418 1290 AEschinem
1429 1254 1605 1290 Axioch.s.
1618 1266 1675 1302 19:

999 1309 1058 1343 sed
1075 1321 1146 1343 non
1161 1308 1292 1343 mirum
1303 1334 1313 1351 ,
1326 1309 1353 1342 si
1367 1308 1457 1353 Ajax
1471 1308 1620 1354 glorians
1631 1308 1674 1342 il-

1002 1360 1062 1395 lud
1089 1361 1219 1396 maluit.
1261 1361 1347 1395 Vide
1370 1361 1516 1395 omniuo
1542 1359 1675 1408 Heynii

1004 1414 1084 1448 Exc.
1097 1414 1150 1448 XI
1162 1414 1204 1448 ad
1219 1415 1315 1459 Virg.
1325 1414 1468 1449 AEneid.
1479 1414 1676 1448 VL—Jura

1000 1468 1175 1499 silentibus
1189 1468 1264 1500 illic
1278 1468 1427 1507 Reddin
1451 1465 1550 1500 multi
1569 1467 1675 1499 silen-

999 1520 1088 1550 tibus
1102 1519 1246 1552 umbrtir:
1259 1517 1319 1551 sed
1334 1518 1559 1551 Burmannus
1572 1516 1675 1551 docet

999 1572 1135 1603 silentes
1156 1569 1308 1603 absolute
1327 1568 1508 1604 interdum
1529 1568 1595 1603 dici
1618 1568 1673 1603 si·—

999 1620 1109 1654 lentes
1123 1621 1262 1654 umbras
1281 1624 1292 1664 (
1307 1620 1408 1665 Regii
1421 1619 1555 1654 codices
1568 1622 1674 1654 silen-

999 1675 1087 1706 tibus
1099 1672 1195 1714 illic)
1212 1686 1219 1712 ;
1242 1678 1277 1706 et
1298 1684 1360 1716 pro
1371 1697 1381 1715 ,
1405 1670 1497 1716 apud
1521 1670 1650 1706 inferos
1661 1697 1671 1715 ,

999 1724 1079 1758 satis
1095 1724 1214 1758 acerbe
1228 1749 1238 1766 ,
1255 1726 1327 1758 illic
1338 1750 1346 1761 ,
1367 1726 1428 1757 ubi
1434 1723 1597 1769 Saelcyphou
1612 1736 1673 1757 sa-

998 1788 1078 1809 xum
1083 1788 1184 1819 grave
1192 1789 1231 1808 ur
1250 1781 1292 1809 et.
1303 1774 1472 1822 Sisyphus
1479 1774 1574 1808 enim
1585 1773 1672 1809 latro

1000 1828 1218 1870 Anticleam,
1274 1827 1366 1874 lyssis
1379 1833 1548 1869 matrem,
1563 1839 1674 1871 quum

999 1880 1041 1914 ad
1058 1880 1220 1914 Laertem
1234 1879 1436 1921 duceretur,
1451 1878 1671 1923 compressit,

999 1944 1039 1966 ex
1051 1944 1120 1976 quo
1129 1931 1316 1966 concubitu
1323 1930 1466 1977 Ulysses
1479 1937 1599 1964 natus:
1613 1929 1675 1963 du·

998 1985 1075 2030 plex
1096 1984 1202 2030 igitur
1224 1985 1313 2018 inest
1334 1984 1540 2018 convicium.
1567 1982 1673 2028 Apud

999 2036 1203 2082 Euripidem
1217 2062 1226 2079 ‚
1247 2036 1322 2081 Iph.
1339 2035 1417 2070 Aul.
1430 2036 1494 2078 524
1505 2061 1514 2078 ,
1531 2035 1672 2081 Ulysses

997 2090 1123 2124 dicitur
1138 2092 1292 2136 Σισύφειον
1308 2091 1444 2139 σπέρμα,
1465 2088 1558 2133 quod
1573 2088 1673 2123 fluxit

996 2141 1137 2177 sortasse
1155 2141 1235 2175 inde
1249 2168 1258 2185 ,
1276 2142 1356 2186 quia
1372 2141 1513 2188 Ulysses
1528 2141 1671 2186 ingenio

995 2194 1140 2229 similior
1163 2193 1312 2240 Sisypho
1330 2220 1339 2237 ,
1363 2205 1467 2238 quam
1488 2193 1614 2227 Laerti.
1628 2210 1673 2219 —·

1001 2250 1119 2293 Urget.
1139 2248 1286 2293 premit,
1303 2247 1467 2291 degravat
1482 2260 1490 2288 ;
1509 2259 1592 2280 nam
1607 2259 1671 2280 se-

995 2301 1149 2336 cundum
1164 2300 1388 2345 Propertium
1401 2325 1411 2343 ,
1431 2300 1486 2343 11,
1504 2309 1567 2333 xv:
1579 2324 1588 2342 ‚
1604 2298 1647 2332 30
1658 2323 1668 2340 ‚

995 2362 1029 2388 et
1047 2355 1146 2397 alios,
1164 2353 1333 2400 Sisyphus
1347 2364 1466 2387 saxum
1481 2350 1670 2385 cervicibus

994 2407 1195 2452 impositum
1211 2404 1302 2451 apud
1319 2404 1447 2438 inferos
1463 2409 1580 2448 gestat.
1598 2401 1670 2437 Sed

996 2471 1103 2503 quum
1124 2457 1208 2491 illud
1230 2457 1333 2491 etiam
1355 2455 1490 2489 volvere
1511 2454 1666 2496 dicatur,

994 2523 1090 2554 aeque
1107 2510 1196 2543 bene
1217 2522 1251 2543 se
1274 2508 1377 2542 habet
1401 2506 1552 2540 duorum
1570 2505 1666 2540 MSS

995 2561 1105 2596 Stroz.
1116 2567 1151 2594 et
1162 2560 1304 2594 Barber.
1316 2557 1429 2601 lectio,
1440 2559 1589 2592 AEolides
1597 2568 1625 2590 s.
1633 2570 1668 2600 ς.

994 2613 1153 2658 Sisyphus
1171 2618 1277 2654 urget,
1299 2616 1337 2644 ut
1354 2609 1406 2643 IV
1418 2634 1427 2651 ,
1449 2610 1513 2654 499
1525 2633 1535 2651 ,
1558 2621 1576 2637 «ι
1593 2606 1667 2642 Aut

996 2678 1014 2693 n
1033 2664 1119 2708 petis
1131 2690 1140 2707 ,
1161 2670 1220 2697 aut
1236 2675 1337 2708 urges
1355 2662 1531 2695 ruiturum
1545 2685 1554 2703 ,
1570 2659 1666 2706 Sisy-

995 2729 1012 2745 »
1031 2714 1097 2760 phe
1111 2741 1120 2758 ,
1131 2727 1250 2755 saxum
1263 2730 1271 2755 3
1288 2729 1304 2743 υ
1319 2713 1397 2748 vide
1409 2714 1666 2747 Burmannum.

993 2785 1035 2792 —
1053 2766 1152 2812 Regii
1173 2766 1306 2800 codices
1331 2765 1417 2799 nihil
1437 2769 1576 2798 mutant
1598 2775 1607 2796 :
1633 2767 1669 2796 et
