1820 3106
354 298 1056 346 METAMORPHOSEON
1095 299 1226 344 LIB.
1270 299 1383 344 XV.

1507 298 1597 360 549
1620 329 1626 340 2

153 395 256 446 Huc
281 413 328 445 se
346 395 401 444 de
423 395 550 445 Latia
574 393 686 462 pinu
708 393 952 444 Phoebeius
977 394 1136 460 anguis

154 473 364 524 Contulit
378 511 391 533 ,
415 485 461 522 et
480 472 614 522 finem
628 510 640 532 ‚
666 473 812 540 specie
836 473 1005 523 caeleste
1029 485 1222 524 resumta
1236 511 1248 533 ,

152 550 374 601 Luctibus
395 550 635 618 imposuit,
661 551 870 618 venitque
895 550 1093 601 salutifer
1118 550 1248 599 Urbi.

220 629 346 677 VIII.
373 629 462 677 Hic
485 641 631 678 tamen
655 630 839 679 accessit
860 628 1059 679 delubris
1080 628 1244 677 advena
1267 628 1462 678 nostris:

1533 642 1598 690 745

155 708 301 758 Caesar
320 708 369 757 in
392 708 505 758 urbe
530 729 610 759 sua
634 710 759 759 Deus
785 722 853 759 est
873 730 883 758 :
906 728 1038 777 quem
1062 710 1209 758 Marte
1224 747 1236 766 ,
1261 721 1454 777 togaque

152 784 461 853 Przecipuum,
484 805 577 835 non
599 786 716 836 bella
740 787 881 851 magis
901 786 1028 836 finita
1052 785 1316 854 triumphis,

152 863 334 930 Resque
359 863 483 912 domi
508 876 641 928 gestae
656 902 668 924 ,
693 876 1018 932 properataque
1041 863 1184 928 gloria
1207 883 1356 913 rerum

150 943 206 991 ln
226 941 351 992 sidus
375 955 544 993 vertere
565 963 730 993 novum
745 982 758 1003 ,
784 942 1046 1010 stellamque
1070 955 1319 992 comantem
1333 978 1346 999 ‚

153 1021 304 1089 Quam
327 1040 406 1071 sua
427 1023 665 1090 progenies
689 1043 700 1072 ε
724 1041 869 1090 neque
892 1022 1010 1071 enim
1033 1022 1086 1071 de
1109 1021 1294 1072 Caesaris
1321 1021 1430 1071 actis
1532 1033 1599 1081 7⁵⁰

151 1097 308 1148 Ullum
326 1100 470 1166 majus
491 1120 628 1169 opus,
653 1121 787 1170 quam
812 1101 936 1169 quod
961 1113 1088 1169 pater
1113 1101 1285 1150 exstitit
1306 1100 1453 1166 hujus.

153 1176 332 1228 Scilicet
351 1194 586 1247 aequoreos
610 1181 714 1249 plus
734 1193 802 1231 est
824 1181 1049 1231 domuisse
1073 1181 1316 1231 Britannos
1330 1218 1343 1240 ,
1414 1215 1417 1217 Δ

152 1256 327 1325 Perque
349 1259 591 1327 papyriferi
614 1260 873 1327 septemflua
893 1260 1079 1309 flumina
1101 1259 1219 1309 Nili*

153 1337 370 1388 Victrices
395 1339 535 1403 egisse
558 1351 699 1399 rates,
727 1339 1034 1406 Numidasque
1056 1338 1246 1388 rebelles
1261 1377 1274 1398 ,

156 1415 521 1484 Cinyphiumque
543 1418 736 1475 Jubam,
762 1415 1158 1483 Mithridateisque
1182 1427 1426 1465 tumentem

152 1494 430 1544 Nominibus
455 1496 677 1554 Pontum,
702 1494 876 1562 populo
899 1494 1111 1559 adjecisse
1137 1493 1347 1559 Quirini,

153 1574 216 1621 Et
237 1572 406 1622 multos
427 1573 641 1623 meruisse
657 1611 669 1631 ‚
695 1572 871 1640 aliquos
894 1573 1035 1637 egisse
1061 1573 1318 1642 triumphos
1331 1610 1344 1631 ‚

153 1651 304 1717 Quam
326 1663 501 1702 tantum
524 1651 729 1717 genuisse
750 1652 895 1701 virum
911 1689 923 1711 ,
950 1671 1042 1720 quo
1066 1652 1254 1719 praeside
1279 1670 1429 1701 rerum

151 1787 271 1816 terum
285 1780 384 1818 hunc
404 1781 596 1828 AEsculapii
616 1780 654 1817 in
674 1787 839 1828 serpente

150 1835 292 1871 latentis
318 1834 512 1871 adventum
542 1835 700 1870 nummis
732 1835 840 1870 etiam

151 1888 377 1924 celebrarunt
398 1889 575 1933 Romani;
601 1889 842 1936 spanhemius

153 1939 198 1975 de
214 1941 295 1976 Usu
311 1948 348 1976 et
364 1941 486 1977 Praest.
500 1954 601 1977 num.
619 1942 680 1986 11,
698 1955 773 1988 217.

198 1994 367 2040 745-870.
384 1996 478 2029 Julii
489 1996 634 2030 Coesan's
650 1996 841 2038 apotheosis

151 2046 308 2093 graviter
333 2053 370 2082 et
395 2047 432 2082 in
463 2047 659 2082 maximum
690 2047 842 2093 Augusti

153 2098 332 2134 honorem
346 2107 503 2135 tractata.
518 2099 671 2136 Causam
684 2100 760 2145 ejus
772 2100 842 2146 agit

153 2152 281 2188 venus
295 2178 305 2197 ,
333 2152 434 2188 unde
453 2166 563 2199 genus
586 2153 738 2189 ducebat
759 2152 842 2188 Cae-

153 2218 210 2240 sar
222 2231 232 2250 ,
251 2206 290 2241 in
310 2205 459 2242 concilio
479 2206 642 2241 Deorum
655 2232 665 2250 ,
690 2219 839 2252 eamque

154 2257 299 2303 adjuvat
307 2258 460 2305 Jupiter.
474 2259 572 2294 Inest
585 2259 619 2294 h.
632 2259 654 2293 l.
666 2258 841 2304 catalogus

153 2323 277 2346 rerum
301 2318 338 2346 et
361 2324 381 2346 a
398 2310 537 2347 Caesare
560 2318 596 2347 et
614 2311 658 2346 ab
678 2311 841 2358 Augusto

154 2371 344 2414 gestarum.

201 2418 275 2463 748.
291 2418 493 2462 Properaia,
515 2423 748 2464 properanter
757 2430 841 2463 par-

154 2476 202 2504 ta.
223 2469 298 2507 Cic.
321 2483 386 2515 pro
409 2471 523 2507 Marc.
541 2485 559 2506 ιι
574 2497 584 2515 ,
605 2471 650 2506 de
678 2470 839 2507 Caesare:

155 2537 176 2554 σι
194 2523 271 2559 Nec
300 2537 385 2559 vero
410 2524 699 2570 disjunctissimas
728 2531 842 2560 terras

157 2590 175 2607 »ι
192 2576 293 2611 citius
303 2577 510 2623 cujusquam
520 2577 675 2623 passibus
689 2577 841 2623 potuisse

157 2642 176 2658 n
193 2628 371 2674 peragrari
387 2655 397 2673 ,
421 2641 528 2674 quam
547 2629 615 2664 tuis
633 2641 707 2664 non
725 2628 840 2664 dicam

157 2694 178 2711 »v
194 2681 352 2716 cursibus
372 2707 383 2727 ,
415 2681 477 2716 sed
506 2681 659 2717 victoriis
686 2681 840 2717 lustratae

158 2745 178 2763 x
195 2739 288 2767 sunt.
308 2747 326 2763 »
341 2751 386 2760 -·
398 2732 455 2769 De
474 2736 577 2769 stella
595 2741 748 2769 comante
759 2734 840 2770 vide

158 2797 247 2820 vers.
263 2787 339 2833 849.

205 2840 280 2884 750.
304 2840 416 2885 Neque
433 2843 530 2877 em'u
544 2841 586 2876 de
610 2842 755 2876 Cesaris
774 2846 840 2877 etc.

906 1781 1046 1817 Mirum
1073 1781 1111 1816 in
1138 1780 1290 1816 modum
1319 1779 1483 1815 adulatur
1509 1779 1596 1814 Au-

907 1842 1018 1881 gusto.
1034 1853 1079 1861 —
1097 1835 1238 1868 Scilicet
1259 1832 1403 1868 ironicae
1429 1831 1598 1867 locutioni

905 1885 1062 1920 inservit.
1096 1884 1192 1920 Male
1225 1885 1331 1931 igitur
1361 1884 1452 1918 Tan.
1483 1883 1600 1918 Faber

906 1937 1076 1974 emendat
1094 1941 1206 1973 minus
1229 1943 1283 1972 est
1303 1939 1481 1971 domuisse.
1501 1936 1601 1971 Len-

907 1993 978 2028 zius
1000 2000 1115 2028 totum
1131 1993 1250 2028 Iocum
1266 2004 1377 2038 usque
1395 1990 1438 2026 ad
1456 1994 1599 2026 cavistis

907 2045 1303 2092 abundeinterrogative
1317 2045 1419 2091 capit.
1439 2043 1510 2079 Sed
1527 2043 1597 2078 hoc

892 2099 980 2134 'non
994 2099 1143 2146 patitur,
1162 2099 1303 2145 opinor,
1318 2101 1352 2135 τὲ
1363 2096 1597 2132 sc1'l1'cet.Ver-

906 2153 951 2188 tit
962 2159 1083 2188 tamen
1096 2152 1146 2187 sic
1159 2158 1196 2187 et
1207 2150 1595 2196 Rodius.-—AE'quoreos‚

906 2218 1047 2252 aequore
1073 2205 1216 2241 cinctos.
1233 2222 1277 2230 ·—
1296 2203 1478 2250 Popyrifer
1496 2204 1598 2237 Nilus

905 2259 1013 2294 etiam
1030 2259 1087 2294 111
1105 2258 1213 2293 Trist.
1230 2269 1271 2302 x,
1295 2271 1347 2303 27.
1366 2275 1410 2283 -—
1426 2257 1596 2292 Numidas

904 2315 1063 2354 rebelles,
1089 2312 1148 2358 qui
1166 2313 1292 2359 jugum
1314 2311 1470 2357 recipere
1493 2309 1596 2345 nole-

904 2365 992 2400 bant
1006 2391 1017 2410 ,
1034 2364 1095 2400 sed
1121 2377 1263 2411 semper
1285 2363 1507 2399 excutiebant
1522 2387 1532 2404 ‚
1560 2369 1597 2396 et

905 2418 979 2464 qui,
998 2419 1092 2452 Juba
1102 2417 1191 2452 duce
1202 2444 1211 2462 ,
1230 2429 1327 2452 arma
1342 2422 1466 2451 contra
1484 2413 1598 2449 Caesa-

903 2483 983 2506 rem
993 2471 1459 2516 sumserunt.--Cinypbium
1469 2496 1477 2509 ‚
1498 2467 1599 2502 Afri-

904 2536 1058 2567 canum,
1083 2536 1103 2558 a
1128 2522 1268 2569 Cinype
1298 2521 1427 2556 Africae
1456 2520 1593 2562 fluvio;

906 2578 981 2613 VII
997 2604 1006 2621 ,
1037 2591 1111 2622 272.
1127 2595 1172 2603 —
1188 2578 1408 2615 Nominibus,
1434 2573 1542 2620 gloria
1560 2581 1595 2609 et

903 2631 1010 2666 fama.
1024 2650 1068 2657 —-
1080 2631 1226 2677 Aliquos
1248 2632 1366 2674 egisse.
1392 2628 1594 2674 Quinquies

905 2682 1159 2729 triumphavit;
1178 2694 1306 2728 nempe
1325 2687 1450 2727 quater
1463 2681 1593 2716 eodem

905 2747 1028 2770 mense
1053 2740 1132 2781 post
1159 2733 1337 2770 devictum
1365 2733 1589 2780 Scipionem,

904 2795 942 2823 et
952 2800 1071 2823 rursus
1082 2786 1191 2822 semel
1203 2793 1280 2833 post
1293 2793 1475 2832 superatos
1486 2786 1593 2820 Pom-

906 2839 977 2886 peii
990 2839 1139 2882 liberos;
1158 2839 1367 2883 Suetonius,
1382 2837 1472 2873 Caes.
1486 2837 1537 2883 37.
1549 2855 1600 2865 .-
