1820 3106
264 259 312 287 10
633 248 685 289 P.
727 247 960 291 OVIDII
999 245 1299 291 NASONIS
1337 247 1340 249 ’

259 337 345 384 Per
367 336 535 389 medios
558 338 731 397 hostes,
751 339 916 387 meritis
939 338 1096 386 fiducia
1123 350 1243 386 tanta
1265 349 1355 394 est,

258 412 462 461 Pervenit
482 415 536 462 ad
555 434 726 478 regem;
753 435 882 482 quern
903 416 964 463 sic
991 414 1132 462 adfata
1149 426 1377 480 paventem
1396 433 1406 461 ε

262 511 284 531 «
312 490 459 538 Suasit
482 511 605 540 amor
621 493 788 541 facinus
809 512 819 540 τ
838 491 985 558 proles
1009 510 1091 553 ego
1114 491 1233 553 regia
1256 489 1353 538 Nisi
1620 513 1664 549 9⁰

262 590 285 609 »
314 568 455 634 Scylla
470 606 481 624 ‚
510 570 593 617 tibi
618 570 741 617 trado
762 570 1015 636 patriosque
1031 605 1043 626 ,
1067 587 1275 634 meosque
1299 568 1496 615 Penates.

263 666 285 686 »
313 645 494 694 Praemia
518 646 637 694 nulla
660 658 763 712 peto
781 684 792 703 ‚
817 646 903 694 nisi
927 658 966 694 te
987 666 998 693 :
1018 664 1122 712 cape
1141 646 1308 711 pignus
1329 644 1490 693 amoris
1535 644 1538 647 ’

260 743 283 763 »
312 723 587 788 Purpureum
611 723 770 771 crinem
790 743 799 780 ;
825 742 905 771 nec
926 741 995 770 me
1017 741 1135 770 nunc
1159 722 1327 770 tradere
1351 722 1535 779 crinem,

195 790 199 802 ’
261 820 282 840 »
312 799 398 846 Sed
421 800 608 865 patrium
634 799 717 848 tibi
741 800 866 848 crede
890 811 1049 866 caput:
1077 822 1100 842 »
1124 799 1415 866 scelerataque
1439 799 1589 847 dextra

258 876 444 923 Munera
466 876 673 942 porrexit.
701 877 851 925 Minos
871 888 1072 943 porrecta
1090 876 1254 938 refugit
1271 895 1281 933 ;
1622 885 1667 933 0⁵

257 953 566 1018 Turbatusque
588 954 693 1000 novi
715 954 946 1020 respondit
967 953 1155 1015 imagine
1176 952 1278 1000 facti
1298 970 1308 999 z

261 1055 283 1074 «
312 1034 369 1079 Di
395 1045 435 1081 te
460 1035 773 1091 submoveant,
801 1054 827 1081 o
852 1034 995 1082 nostri
1017 1034 1196 1082 infamia
1219 1033 1322 1082 secli
1338 1070 1349 1091 ‚

263 1135 284 1155 »
313 1115 436 1162 Orbe
461 1134 542 1163 suo
558 1151 569 1172 ,
595 1114 812 1181 tellusque
834 1114 918 1162 tibi
939 1126 1192 1181 pontusque
1215 1125 1444 1177 negentur.

264 1217 286 1236 n
317 1196 443 1243 Certe
468 1215 549 1258 ego
574 1216 663 1243 non
689 1197 829 1262 patiar
850 1197 974 1244 Jovis
997 1195 1262 1254 incunabula
1285 1197 1469 1252 Creten,

265 1299 286 1319 »
315 1277 426 1339 Quae
439 1297 561 1325 meus
575 1290 641 1326 est
657 1279 780 1326 orbis
791 1316 802 1336 .,
821 1291 991 1327 tantum
1006 1279 1260 1341 contingere
1273 1290 1532 1326 monstrum.
1549 1299 1572 1319 »
1611 1302 1670 1344 roo

260 1360 414 1410 Dixit:
437 1372 504 1419 et,
529 1373 580 1409 ut
602 1361 719 1424 leges
746 1362 885 1427 captis
905 1362 1173 1426 justissimus
1197 1373 1349 1410 auctor

260 1510 357 1532 mere
373 1506 550 1543 monetur,
563 1508 662 1544 porta
676 1514 753 1536 eam
771 1515 842 1537 esse
854 1516 936 1546 pro-

258 1564 405 1594 gressum
414 1579 421 1591 ,
437 1565 625 1597 egressam;
644 1567 720 1588 eam
731 1555 826 1589 enim
839 1562 936 1600 pater

260 1602 408 1636 clausam
430 1611 600 1640 tenuerat.
616 1624 660 1630 —
673 1607 824 1650 fflerHAm
850 1606 935 1651 plu-

261 1654 353 1696 rimi,
370 1658 494 1699 meril1'‚·
506 1669 596 1691 unus
609 1657 785 1692 Leidensis
794 1682 803 1699 ‚
816 1662 932 1697 menti,

264 1706 354 1750 quod
383 1719 455 1740 non
475 1707 628 1753 displicet
654 1709 811 1743 Heinsio.
836 1710 936 1755 Regii

263 1758 369 1792 nostri
381 1785 390 1800 ,
403 1762 517 1793 meriti.
526 1762 730 1795 —Pavebat
743 1762 861 1796 Minos
874 1762 938 1796 ad-

261 1810 406 1855 spiciens
430 1811 563 1845 crinem
595 1812 636 1847 ab
665 1813 735 1857 ipsa
767 1813 841 1847 Nisi
867 1813 936 1847 filia

263 1860 415 1895 allatum.

306 1925 359 1958 9¹·
376 1914 574 1957 Palrt'osque
594 1921 658 1948 etc.
681 1921 716 1948 et
738 1915 884 1960 patriam
903 1922 938 1949 et

264 1963 411 1997 domum
427 1977 543 1998 meam
561 1978 568 1999 ε
592 1966 640 2000 sic
660 1966 769 2010 infra,
788 1969 937 2001 Patrium

263 2021 381 2057 caput,
397 2014 501 2048 vitam
513 2016 701 2050 etsalutem
714 2016 828 2061 patris.
838 2018 937 2050 Vers.

269 2080 282 2099 1
292 2068 330 2099 15
344 2079 414 2111 sqq.
432 2093 440 2109 ,
452 2070 562 2110 patris
577 2081 635 2101 ora
645 2068 771 2102 dicitur
784 2068 937 2102 donasse.

266 2117 376 2163 I‘mpie
394 2119 615 2153 commendat
633 2132 760 2153 munus
775 2132 887 2154 suum.

309 2174 362 2218 95.
372 2172 487 2205 Minos
489 2178 642 2214 porrecta
648 2172 784 2217 refugia·
796 2172 938 2218 pulchre

266 2222 433 2256 decorum
449 2230 562 2257 servat
583 2231 703 2268 poeta,
723 2236 792 2268 quo
812 2224 938 2268 ubique

266 2275 396 2319 justum
405 2275 497 2310 hunc
510 2276 671 2310 ostendit.
682 2278 941 2319 Ed.-1magine

257 2326 368 2370 facti,
387 2328 593 2374 cogitatione
612 2329 707 2372 sacti,
726 2336 763 2363 ut
777 2329 854 2363 alibi
868 2330 940 2374 jam

268 2380 656 2420 observatum.—Novi,
678 2380 946 2414 maudut—Bi

268 2438 299 2464 te
315 2434 529 2466 submoveant
541 2432 607 2466 suit
627 2432 663 2466 in
680 2433 941 2478 imprecationi-

269 2483 345 2524 bus,
358 2489 396 2516 ut
408 2485 460 2516 Di
466 2490 498 2517 le
506 2486 680 2524 eradicent,
686 2486 829 2528 perdant
835 2491 942 2519 etc.—

274 2535 360 2567 Orbe
368 2546 449 2575 51105
468 2535 588 2570 Heins.
602 2535 765 2571 suadebat
777 2538 938 2580 Orbe-plen

272 2586 373 2619 male.
394 2588 479 2620 Orbe
497 2600 557 2621 suo
570 2587 681 2632 (quod
701 2588 829 2622 habent
843 2589 943 2634 Regii

274 2637 380 2670 nostri
396 2635 411 2682 )
429 2644 463 2671 et
477 2650 556 2671 mox
570 2652 659 2673 meus
674 2643 761 2674 orbis
778 2641 867 2675 bene
881 2640 943 2675 sibi

273 2697 514 2734 opponuntur:
525 2693 599 2724 orbe
608 2704 680 2734 suo,
690 2698 762 2726 toto
772 2699 944 2727 terrarum

273 2741 355 2774 orbe
366 2766 376 2784 ,
394 2741 430 2775 in
443 2753 548 2786 quem
566 2742 725 2778 Deorum
742 2751 899 2788 potestas.

1043 1515 1096 1549 99.
1127 1503 1222 1535 Jovis
1247 1500 1460 1534 incunabula.
1491 1497 1631 1543 Jupiter
1655 1510 1672 1532 a

1000 1553 1117 1588 multis
1133 1553 1167 1586 in
1191 1553 1302 1592 Creta,
1330 1551 1371 1585 ab
1386 1550 1458 1584 aliis
1473 1549 1508 1584 in
1527 1549 1674 1584 Arcadia

1001 1613 1102 1641 natus
1125 1618 1196 1640 esse
1212 1604 1426 1639 credebatur.
1444 1602 1535 1638 Vide
1561 1601 1674 1637 Calli—

1000 1657 1114 1692 machi
1131 1656 1304 1704 hymnum
1326 1656 1406 1690 Jov.
1418 1657 1438 1698 4
1455 1667 1518 1700 sqq
1531 1681 1540 1698 ,
1559 1654 1676 1699 ibique

1002 1710 1191 1756 Spanhem.
1214 1710 1342 1745 Noster
1363 1721 1465 1753 supra
1479 1734 1488 1750 ‚
1510 1707 1546 1742 II
1559 1733 1568 1750 ,
1588 1708 1651 1750 405
1666 1733 1675 1749 ,

1001 1761 1064 1796 hos
1071 1761 1291 1806 sequebatur,
1303 1772 1400 1794 nunc
1408 1758 1493 1792 illos.
1504 1757 1601 1791 Bene
1612 1756 1678 1790 hoc

1001 1813 1125 1861 mytho
1141 1813 1250 1847 utitur
1261 1838 1270 1855 ,
1283 1818 1322 1846 ut
1330 1810 1549 1845 sanctitatem
1558 1809 1678 1844 insulae

1002 1878 1071 1901 suae
1080 1864 1406 1899 addan—Contactu
1416 1861 1602 1896 hominum
1614 1873 1679 1895 ne-

990 1917 1169 1951 ,sariorum
1195 1914 1437 1960 polluebantur
1452 1919 1579 1947 sancta.

1050 1980 1120 2001 101.
1131 1968 1253 2008 Dim,-
1269 1972 1303 1999 εἰ
1311 1992 1319 2005 ,
1339 1971 1376 1998 ut
1389 1967 1476 2007 leges
1490 1970 1552 1998 etr..
1564 1962 1678 1996 Festi-

1003 2025 1063 2052 nat
1073 2025 1108 2052 et
1117 2017 1246 2051 omittit
1256 2015 1546 2061 expugnationem
1561 2013 1654 2047 urbis
1666 2039 1675 2055 ‚

1005 2084 1081 2116 quae
1098 2070 1147 2104 nil
1166 2069 1208 2104 ad
1226 2082 1311 2104 rem.
1329 2087 1373 2095 -
1389 2069 1533 2107 Auctor,
1552 2066 1678 2102 scilicet

1002 2125 1119 2170 legum
1133 2151 1142 2168 ,
1166 2123 1347 2168 legislator.
1372 2121 1480 2156 Plane
1500 2121 1547 2156 sic
1561 2146 1570 2164 ‚
1592 2121 1676 2164 XV,

1004 2176 1067 2210 833
1081 2202 1089 2219 ,
1102 2175 1145 2209 de
1162 2175 1319 2220 Augusto
1329 2200 1338 2217 ‚
1352 2176 1498 2217 legesque
1502 2173 1595 2217 feret
1596 2173 1678 2217 jus-

1003 2230 1153 2262 tissimus
1162 2234 1331 2261 auctor.-
1336 2225 1388 2259 Ab
1386 2225 1526 2270 [ιιι-Μία
1533 2231 1568 2258 et
1577 2223 1679 2269 aequi·

1005 2285 1073 2313 tate
1099 2278 1224 2323 passim
1251 2275 1411 2310 laudatur
1438 2275 1566 2309 Minos.
1589 2275 1680 2309 Pro-

1005 2329 1144 2375 pertius,
1158 2328 1248 2363 dicto
1260 2328 1351 2362 loco:
1371 2329 1681 2369 Wctoreratquam-

1005 2382 1055 2415 vis
1067 2406 1075 2422 ,
1093 2392 1203 2424 equus
1219 2383 1254 2413 in
1270 2381 1365 2413 hoste
1367 2377 1451 2422 fuit.
1467 2375 1605 2421 Tragici
1621 2383 1680 2409 ta-

1005 2442 1086 2464 men
1112 2430 1211 2476 graeci
1235 2442 1319 2464 eum
1334 2455 1343 2471 ,
1376 2434 1543 2472 tanquam
1565 2427 1680 2460 serum
1740 2470 1743 2473 Δ

1007 2490 1196 2529 tyrannum
1210 2487 1399 2523 notarunt,
1420 2487 1561 2525 propter
1572 2479 1685 2514 tribu-

1006 2541 1081 2568 tum
1092 2533 1362 2569 Atheniensibus
1373 2532 1595 2577 imperatum.
1604 2531 1683 2566 Plu-

1007 2587 1170 2622 tharchus
1183 2614 1193 2632 ‚
1211 2587 1314 2621 Thes.
1329 2598 1401 2630 cap.
1422 2585 1682 2619 16.--Ret1·na-

1007 2642 1100 2681 cula,
1114 2645 1286 2684 πείσματα,
1304 2639 1402 2671 funes
1417 2663 1426 2680 ,
1445 2637 1568 2682 quibus
1579 2650 1685 2671 naves

1009 2692 1232 2736 alligabantur
1249 2690 1284 2723 in
1302 2689 1400 2723 litore
1421 2715 1429 2731 ,
1458 2702 1502 2723 ne
1527 2701 1546 2722 a
1571 2689 1685 2723 ventis

1009 2744 1211 2779 fluctibusve
1230 2743 1462 2777 auferrentur.
1478 2761 1521 2768 —
1540 2741 1592 2776 Ea
1609 2744 1681 2776 sol-
