1820 3106
384 238 1078 288 METAMORPHOSEON
1108 241 1239 286 LIB.
1274 244 1368 288 XI.

1496 250 1586 310 289

167 335 415 385 Phantasos
425 355 436 384 :
446 334 520 384 ille
532 334 579 383 in
589 333 774 384 humum
787 354 1027 403 saxumque
1041 335 1295 404 undamque
1313 337 1570 407 trabemque
1579 380 1591 402 ,

167 412 368 480 Quaeque
389 424 543 462 vacant
563 412 704 461 anima
717 448 729 471 ‚
753 411 939 461 feliciter
961 412 1108 462 omnia
1129 413 1300 463 transit.

167 489 368 554 Regibus
389 489 461 549 hi,
487 489 763 556 ducibusque
787 509 890 539 suos
915 490 1148 541 ostendere
1172 491 1322 541 vultus

165 569 306 617 Nocte
329 566 475 618 solent
499 587 510 617 ε
533 567 728 635 populos
748 566 824 616 alii
846 566 1108 634 plebemque
1130 581 1370 635 pererrant.

1522 586 1592 632 645

163 643 362 694 Praeterit
383 643 467 693 hos
488 643 662 701 senior3
688 643 947 712 cunctisque
970 664 993 694 e
1015 643 1228 695 fratribus
1251 665 1391 695 unum

164 721 382 788 Morphea
397 758 409 779 ,
433 720 511 788 qui
532 732 711 787 peragat
730 718 1083 772 Thaumantidos
1107 722 1225 772 edita
1239 761 1251 784 ,
1277 723 1470 773 Somnus

163 797 306 862 Eligit
324 818 334 846 z
353 809 399 847 et
417 815 572 846 rursus
593 795 719 845 molli
742 796 954 862 languore
979 799 1179 860 solutus,

115 880 117 882 ’
163 874 474 942 Deposuitque
496 885 653 940 caput,
676 885 903 942 stratoque
922 878 1171 926 recondidit
1192 877 1297 928 alto.

162 981 263 1018 ἐσιω-
279 973 390 1009 codex
398 972 428 1008 B
441 999 451 1016 ‚
469 974 584 1007 Itecon
593 968 629 1007 et
640 973 827 1007 Phebetom
835 986 846 1008 .·

164 1026 243 1062 vide
255 1026 336 1061 alias
346 1025 457 1060 varias
467 1024 634 1059 lectiones
649 1022 741 1068 apud
752 1023 848 1059 Bur-

165 1090 350 1114 mannum.
360 1075 592 1112 Eut—Etiam
605 1074 698 1120 apud
708 1075 850 1111 Home-

164 1144 247 1167 rum
264 1130 386 1167 iisdem
405 1129 563 1175 personis
579 1134 615 1163 et
629 1129 734 1164 rebus
756 1129 850 1164 aliud

166 1197 301 1220 nomen
324 1197 343 1218 a
366 1182 443 1218 Diis
466 1181 633 1218 tribuitur
648 1207 659 1225 ‚
689 1180 780 1216 aliud
808 1182 850 1217 ab

165 1235 380 1271 hominibus.
398 1233 457 1269 Sic
474 1246 579 1279 quem
593 1232 655 1267 Dii
665 1232 852 1268 Briareum

167 1295 296 1324 vocant
307 1313 318 1331 ‚
335 1298 419 1322 eum
433 1285 596 1320 homines
613 1284 783 1330 AEgaeona
798 1284 853 1320 di-

168 1346 276 1382 cunt3
297 1338 336 1373 ll.
353 1342 399 1380 A,
421 1336 496 1381 403.
515 1336 615 1372 Idem
633 1334 760 1371 fluvius
775 1335 853 1371 Diis

170 1392 334 1428 Xanthus
343 1418 353 1436 ,
363 1389 566 1426 hominibus
575 1389 791 1425 Scamander
802 1389 856 1424 di-

170 1445 280 1487 citur;
299 1443 340 1479 Il.
351 1449 375 1478 Υ
386 1469 396 1486 ,
417 1444 468 1489 74.
482 1440 582 1486 Quid
595 1441 662 1476 hoc
676 1441 740 1476 sibi
751 1441 852 1485 velit,

171 1496 352 1543 queritur.
367 1493 486 1530 Schol.
505 1493 548 1528 ad
565 1493 719 1539 priorem
735 1493 853 1529 locum

172 1549 276 1585 docet
286 1574 296 1592 ‚
307 1546 466 1582 divinum
477 1557 610 1580 nomen
620 1544 664 1580 de
677 1544 855 1591 antiquio-

171 1613 218 1645 rex
229 1625 239 1644 ,
264 1599 463 1634 humanum
486 1597 531 1632 de
559 1597 756 1632 recentiore
780 1609 853 1632 esse

169 1649 452 1697 intelligendum.
470 1647 631 1684 Clarkius
642 1648 759 1693 malit,
778 1648 855 1684 Diis

170 1704 301 1741 tributa
317 1701 465 1738 nomina
477 1728 487 1746 ,
505 1714 583 1747 quw
607 1701 854 1736 eruditioribus

168 1757 295 1794 usitata
317 1754 453 1791 fuerint
477 1769 485 1796 ;
513 1766 592 1800 quae
615 1754 720 1800 vulgo
745 1754 854 1801 magis

167 1809 251 1845 trita
265 1834 275 1853 ,
297 1807 510 1844 homiuibus.
537 1808 646 1841 Icelos
659 1832 668 1846 ‚
700 1811 795 1845 ἴκελος
820 1812 857 1842 et

171 1867 279 1900 ,ἴκελος
290 1885 300 1904 ,
312 1860 433 1896 similis
445 1885 454 1903 ,
472 1859 553 1905 quia
564 1859 704 1894 simulat
715 1859 855 1905 figuras.

170 1915 346 1954 Phobetor,
362 1915 514 1958 φοθήτωρ,
527 1910 606 1956 quia
619 1910 858 1956 perterrefacit

170 1965 346 2002 homines.
356 1964 543 2007 Lucianus,
559 1964 742 2005 ramma,
761 1963 854 2009 quod

172 2017 300 2054 eodem
325 2016 417 2052 redit
432 2028 441 2051 z
459 2015 565 2051 etiam
583 2016 796 2052 Phantasion
811 2015 855 2051 ab

172 2083 215 2107 eo
234 2074 464 2105 memoratur.

215 2122 293 2167 643.
307 2123 450 2167 Quaequc
462 2127 591 2156 vacant
602 2123 740 2163 am‘ma;
767 2119 856 2167 spi-

173 2175 285 2211 rensis
299 2178 426 2215 animi,
452 2173 490 2208 in
506 2173 660 2209 secundo
681 2187 780 2217 casu3
799 2187 858 2210 co-

173 2227 242 2265 dex
261 2226 299 2262 S.
323 2226 439 2262 Marci
465 2229 589 2260 am'mo.
619 2226 721 2272 Regii
746 2227 858 2262 nostri

175 2284 302 2316 anima.
317 2297 362 2306 —
381 2282 544 2315 Feliciter
559 2292 633 2314 non
651 2279 781 2316 habent
793 2282 859 2316 nisi

175 2347 269 2371 unus
280 2333 459 2370 Palatinus
470 2358 480 2376 ,
491 2345 583 2368 unus
597 2333 733 2369 Heinsii
743 2359 754 2378 ,
767 2347 860 2370 unus

177 2386 326 2423 Mox-eti.
351 2384 493 2431 Reliqui
520 2387 533 2429 (
549 2392 585 2420 et
601 2385 703 2432 Regii
719 2386 860 2433 nostri)

166 2440 357 2486 fallaciter.
381 2438 486 2473 Unus
505 2440 670 2473 velociter.

220 2491 298 2536 545.
311 2492 459 2535 Populos
468 2516 477 2531 ,
494 2490 723 2535 inprimisque
737 2502 862 2525 eorum

178 2549 317 2590 partem
325 2554 404 2577 eam
414 2569 425 2586 ‚
437 2554 516 2588 quae
519 2544 619 2586 plebs
630 2541 695 2577 dici
701 2549 767 2578 tur.
781 2542 863 2579 Cae-

179 2603 301 2631 terum
322 2595 371 2629 ita
394 2595 501 2629 etiam
518 2595 697 2629 Amorum
714 2607 864 2631 munera

180 2647 290 2683 divisa
303 2654 397 2682 sunt.
411 2646 626 2683 Claudianus
638 2673 648 2691 ,
660 2647 694 2681 X
704 2674 714 2692 ,
730 2651 788 2693 75:
801 2649 866 2683 Ille

180 2701 276 2735 Deos
289 2701 467 2744 celumque
480 2706 515 2734 et
525 2701 636 2735 sidera
647 2712 749 2734 cornu
768 2701 866 2734 Tem-

176 2758 284 2797 perat,
294 2757 330 2789 ct
335 2765 481 2790 summos
489 2754 751 2799 dt'gnatutfigere
758 2763 865 2800 regen

336 2813 431 2859 JV.

911 975 1235 1019 Hiplebemfim‘unt.
1245 975 1360 1012 Aliter
1370 977 1599 1013 autemsom-

915 1026 1059 1061 niorum
1085 1027 1339 1075 mythologiam
1363 1029 1504 1074 exponit
1520 1030 1602 1065 Ho—

915 1090 1056 1122 merus,
1077 1078 1148 1114 Od.
1166 1079 1212 1123 T,
1231 1079 1293 1115 562
1309 1093 1372 1126 sqq
1384 1107 1393 1124 ,
1414 1093 1521 1126 quem
1537 1095 1602 1116 se-

915 1136 1016 1164 cutus
1027 1137 1078 1166 est
1090 1130 1273 1177 Virgilius,
1286 1131 1371 1166 AEn.
1382 1133 1436 1167 Vl
1445 1159 1455 1176 ‚
1469 1134 1534 1181 893
1543 1160 1553 1178 ‚
1567 1141 1603 1169 et

916 1180 1012 1216 unde
1027 1181 1186 1227 pendent
1198 1182 1300 1217 multi
1316 1184 1371 1218 alii
1384 1184 1581 1230 scriptores.

961 1234 1036 1279 647.
1047 1235 1212 1278 Morphea
1222 1261 1232 1277 ‚
1247 1238 1308 1280 qui
1321 1243 1388 1270 etc.
1403 1237 1512 1272 Hunc
1524 1250 1605 1271 ver-

915 1298 995 1322 sum
1008 1288 1168 1332 spurium
1184 1289 1360 1334 judicabat
1377 1290 1543 1326 Barthius
1557 1290 1604 1326 ad

917 1339 1070 1375 Statium
1083 1367 1093 1385 ‚
1115 1341 1229 1376 Theb.
1245 1342 1296 1386 X,
1321 1342 1377 1376 131
1391 1368 1401 1386 ‚
1417 1343 1498 1388 quia
1510 1346 1605 1378 edita

915 1404 981 1436 pro
997 1392 1169 1428 mandatis
1185 1406 1311 1439 parum
1327 1394 1434 1428 latine
1452 1394 1518 1430 dici
1536 1408 1606 1441 pu-

916 1450 976 1479 tat.
992 1444 1130 1479 Tamen
1156 1444 1303 1480 Curtius
1322 1473 1331 1489 ‚
1356 1448 1388 1482 X
1405 1473 1415 1490 ,
1442 1449 1462 1482 8
1476 1474 1485 1491 ‚
1508 1451 1606 1482 edere

914 1498 1088 1531 mandata.
1113 1496 1160 1531 Et
1184 1497 1350 1543 frequens
1378 1498 1483 1543 hujus
1503 1501 1604 1535 verbi

914 1561 998 1583 usus
1007 1548 1051 1583 de
1063 1550 1237 1595 responsis
1247 1550 1423 1595 Deorum,
1438 1565 1514 1597 quae
1528 1566 1605 1598 pro—

914 1600 1089 1637 feruntur.
1104 1603 1270 1638 Pluribus
1280 1604 1445 1650 exemplis
1457 1605 1490 1639 id
1503 1605 1606 1641 docet

917 1651 1041 1686 Burm.
1069 1660 1192 1687 contra
1220 1654 1419 1689 Barthium.
1445 1658 1608 1701 Peragcre

916 1704 1010 1740 edila
1024 1710 1064 1738 ut
1071 1718 1231 1749 peragere
1237 1706 1359 1750 jussa,
1385 1709 1608 1743 mandata.—

922 1755 992 1791 Hic
1005 1769 1125 1792 versus
1138 1757 1269 1803 legitur
1279 1759 1315 1793 in
1330 1761 1456 1796 nostris
1467 1761 1584 1807 Regiis
1596 1789 1606 1806 ,

919 1815 955 1843 et
970 1808 1060 1844 bene
1073 1823 1155 1845 eum
1169 1810 1367 1847 defendunt
1379 1813 1608 1850 Burmannus

919 1868 953 1897 et
970 1864 1097 1907 Giert'g.
1110 1863 1386 1911 Ed.--Insuper
1404 1865 1608 1902 Homerum

919 1912 1043 1948 confer
1054 1940 1064 1958 ,
1085 1915 1124 1950 Il.
1136 1916 1166 1950 B
1176 1941 1186 1959 ,
1202 1915 1279 1951 init.
1297 1917 1357 1952 uhi
1372 1918 1514 1964 Jupiter
1527 1933 1611 1965 per-—

920 1965 1093 2000 niciosum
1128 1968 1307 2003 somnium
1341 1969 1610 2016 Agamemnoni

920 2019 1191 2055 mittit—Molli
1202 2024 1370 2067 languore.
1389 2023 1480 2059 Rod.
1504 2026 1611 2061 vertit

919 2074 957 2106 in
973 2075 1089 2106 su‘'sser
1104 2073 1305 2118 Miidt‘gkeit.
1323 2074 1381 2109 Sic
1398 2089 1481 2111 sane
1499 2079 1613 2112 mollis

920 2135 1065 2158 somnus
1082 2124 1174 2168 apud
1193 2132 1313 2170 poetas
1328 2152 1337 2170 ,
1361 2126 1422 2162 sed
1442 2140 1485 2162 eo
1506 2142 1612 2164 sensu

920 2188 996 2210 non
1013 2177 1179 2212 convenit
1199 2179 1363 2222 languori.
1385 2180 1503 2214 Immo
1518 2183 1613 2215 mol-

921 2229 986 2269 lis,
1006 2235 1179 2272 quatenus
1199 2229 1341 2265 resolvit
1360 2239 1510 2276 corpus',
1530 2231 1612 2278 agi-

922 2279 1057 2314 litatem
1070 2281 1145 2326 ejus
1160 2280 1300 2327 frangit.
1309 2300 1354 2308 —
1363 2283 1510 2318 Solutus.
1527 2284 1613 2318 Duo

923 2339 1058 2368 veteres
1073 2336 1218 2368 solutam
1233 2334 1328 2379 quod
1342 2335 1510 2371 Heinsius
1526 2350 1612 2372 rec-

923 2386 992 2421 tius
1019 2386 1205 2432 judicabat.
1236 2388 1384 2434 Recepit
1415 2389 1612 2426 Mitscherl.

924 2439 985 2474 sed
997 2439 1074 2474 vide
1087 2440 1348 2476 Burmannum.
1360 2459 1403 2468 -
1412 2442 1514 2488 Regii
1526 2455 1613 2478 nos-

925 2492 971 2526 tri
984 2494 1127 2528 solutus.
1140 2512 1184 2519 —
1194 2496 1368 2538 Deponere
1387 2501 1489 2539 caput
1505 2497 1614 2532 etiam

929 2544 1053 2579 Amor.
1075 2546 1152 2589 111,
1171 2557 1214 2588 v,
1234 2559 1277 2580 20
1289 2572 1298 2589 ,
1316 2559 1381 2591 pro
1405 2549 1613 2584 recumbere

928 2597 1050 2642 capite.
1059 2616 1103 2623 —
1115 2598 1210 2633 Alto.
1229 2598 1354 2634 Heius.
1366 2601 1507 2645 conjicit
1516 2609 1593 2638 atro
1603 2615 1614 2637 .·

927 2647 990 2684 sed
1000 2648 1098 2685 deest
1111 2650 1306 2685 auctoritas.
1318 2652 1385 2685 Ed.
1397 2669 1441 2679 ·—
1450 2652 1535 2688 Alto
1551 2653 1616 2687 ad-

929 2700 1044 2735 ditum
1051 2700 1229 2746 dignitatis
1237 2715 1339 2737 causa
1348 2729 1358 2747 ,
1368 2704 1450 2748 quia
1458 2705 1614 2742 Somnus

931 2751 1041 2788 Deus.
1052 2752 1175 2800 virgil.
1191 2753 1335 2792 AEneid.
1347 2755 1385 2790 11
1397 2781 1406 2799 ,
1424 2770 1455 2793 2.

1380 2833 1394 2861 1
1404 2835 1433 2878 9
