1820 3106
250 190 331 246 144

616 192 667 234 Ρ.
703 191 942 238 OVIDII
975 191 1276 237 NASONIS

241 284 330 331 Par
352 293 452 330 aetas
467 319 478 340 ‚
506 300 586 348 par
607 282 748 330 forma
771 283 880 342 fuit;
902 285 1153 351 primasque
1174 284 1394 347 magistris

242 359 458 424 Accepere
485 370 598 406 artes
613 396 624 416 ‚
651 358 864 412 elementa
882 361 1020 409 aetatis
1036 397 1047 417 ‚
1072 361 1127 408 ab
1147 360 1298 408 isdem.

245 435 360 483 Hinc
384 454 506 482 amor
529 435 753 483 ambarum
780 436 925 499 tetigit
947 436 1056 484 rude
1077 447 1254 502 pectus;
1281 447 1324 483 et
1346 454 1516 502 aequum

242 510 414 559 Vulnus
436 511 612 577 utrique
638 511 739 560 tulit
759 532 767 561 :
791 513 866 560 sed
887 525 979 561 erat
1000 512 1159 561 fiducia
1183 512 1342 578 dispar.

1583 537 1649 574 720

245 588 451 653 Conjugii
476 599 698 653 pactaeque
723 600 941 654 exspectat
964 600 1161 654 tempora
1184 588 1302 636 taedae
1319 625 1330 643 ‚

248 665 483 730 Quamque
504 664 646 712 virum
670 676 796 730 putat
820 683 935 723 esse,
959 684 1086 713 suum
1107 664 1197 712 fore
1220 665 1357 713 credit
1379 665 1545 714 Ianthe.

246 741 371 806 Iphis
394 753 533 798 amat,
559 761 643 807 qua
667 761 799 807 posse
822 742 910 789 frui
934 741 1159 807 desperat,
1184 753 1227 789 et
1249 753 1376 803 auget

244 819 344 864 Hoc
364 817 508 883 ipsum
530 818 745 875 flammas,
769 819 975 884 ardetque
995 819 1040 866 in
1065 819 1231 880 virgine
1253 819 1390 881 virgo.

245 895 417 960 Vixque
442 906 590 943 tenens
613 895 845 961 lacrymas:
873 918 893 938 «
918 896 1032 958 Quis
1047 915 1116 943 me
1133 907 1279 944 manet
1297 896 1462 954 exitus,
1481 895 1649 962 inquit,

251 993 272 1012 »
302 971 492 1033 Cognita
518 990 644 1036 quam
669 970 804 1028 nulli,
830 991 958 1037 quam
982 971 1257 1037 prodigiosa,
1282 991 1491 1038 novaeque

1587 998 1604 1031 7
1610 986 1652 1019 26

251 1070 272 1091 »
300 1049 416 1096 Cura
440 1059 558 1096 tenet
582 1048 797 1095 Veneris?
816 1048 853 1095 si
874 1048 934 1095 Di
956 1047 1064 1095 mihi
1086 1066 1262 1113 parcere
1283 1048 1466 1107 vellent,

252 1146 274 1165 ³»
303 1123 489 1171 Perdere
513 1123 752 1172 debuerant
777 1144 786 1171 :
813 1123 850 1171 si
870 1143 961 1172 non
985 1136 1029 1172 et
1051 1124 1232 1191 perdere
1254 1124 1438 1184 vellent,

253 1223 274 1242 »
299 1200 504 1248 Naturale
525 1200 685 1249 malum
711 1201 861 1250 saltem
887 1214 929 1249 et
953 1202 1004 1261 de
1022 1221 1142 1250 more
1166 1202 1396 1251 dedissent.

246 1340 322 1374 loco
340 1338 493 1380 addidit3
514 1339 586 1382 XI,
605 1340 668 1373 302
683 1365 692 1382 ‚
710 1341 921 1374 dotatzteshna
941 1334 951 1342 ³

239 1391 558 1435 fhrma.—Dictoeo
579 1393 715 1426 Teleste.
737 1390 919 1436 Cretensi,

249 1457 268 1477 a
281 1450 401 1477 monte
417 1444 519 1477 Dt'cte
532 1443 567 1477 in
585 1444 688 1477 Creta.

292 1495 365 1540 718.
380 1495 480 1528 Artes
491 1521 499 1535 ‚
514 1496 684 1528 elementa.
694 1493 833 1527 Durum
849 1500 918 1537 est,

248 1547 376 1592 primas
392 1553 482 1581 artes
498 1546 611 1581 dicere
624 1550 781 1581 elementa
791 1551 899 1581 oetatr‘s
910 1574 919 1587 ‚

249 1611 359 1643 quum
385 1600 544 1632 elementa
566 1600 733 1632 literarum
761 1597 826 1632 dici
852 1597 922 1631 de-

249 1652 364 1686 beant.
380 1651 468 1684 Tan.
488 1650 601 1685 Faber
615 1651 807 1695 corrigebat
821 1675 829 1692 ‚
847 1653 921 1684 ele-

250 1709 421 1747 mentuque
423 1705 532 1746 prima
543 1705 603 1735 sub
614 1704 741 1735 [Isdem.
749 1703 924 1735 Elementa

244 1758 355 1798 prima
365 1767 446 1788 sane
457 1766 545 1799 saepe
559 1760 747 1788 occurrunt
757 1779 766 1796 ‚
781 1760 819 1787 ut
831 1752 921 1797 apud

201 1843 203 1847 Δ
251 1808 375 1841 Horat.
388 1808 404 1841 I
415 1833 424 1849 ‚
437 1807 508 1841 Sat.
521 1818 535 1840 1
547 1833 555 1849 ,
571 1814 605 1840 et
619 1806 767 1850 Quintil.
780 1804 850 1839 Sed
861 1819 921 1841 ac-

248 1863 354 1903 cipere
369 1866 458 1894 artes
473 1861 534 1893 sub
551 1859 664 1903 aliquo
680 1871 753 1892 non
770 1865 821 1892 est
837 1858 921 1892 lati-

250 1923 347 1946 num.
366 1911 591 1957 Cogitabam,
616 1914 775 1944 alimenta
791 1914 914 1950 atatis,

251 1965 329 2010 quia
339 1965 446 1999 literae
458 1964 555 1999 alunt
567 1964 831 1998 adolescentiam
842 1990 850 2006 ,
861 1963 920 1998 sed

250 2028 386 2059 vereor,
403 2023 442 2049 ut
453 2016 570 2050 multis
584 2015 673 2050 hanc
685 2016 921 2060 conjecturam

249 2067 404 2112 probem.
421 2069 521 2100 AEtas
543 2073 659 2100 autem
679 2066 856 2100 interdum
877 2066 920 2099 de

250 2118 398 2163 pueritia
424 2117 568 2158 dicitur;
594 2117 672 2151 vide
697 2118 851 2151 Broukh.
877 2117 919 2151 ad

253 2168 410 2215 Propert.
428 2169 468 2211 Ι,
486 2173 543 2212 v‘l,
566 2182 616 2202 21.

294 2235 366 2268 719.
392 2223 509 2260 Bude,
532 2232 652 2264 expers
668 2219 780 2254 adhuc
795 2220 920 2255 amoris

247 2279 390 2316 propter
406 2277 543 2305 aetatem
562 2282 771 2315 morumque
788 2271 921 2315 simpli-

248 2323 398 2356 citatem.
418 2322 552 2356 Contra
568 2321 705 2356 Phaedr.
723 2322 759 2356 ΙΙ
776 2348 784 2364 ,
803 2333 854 2365 11,
876 2323 896 2355 3
908 2348 917 2365 ,

249 2377 367 2412 mulier
380 2387 446 2408 nou
462 2375 553 2407 rudis
566 2398 575 2417 ,
600 2386 676 2418 quae
692 2373 789 2407 callet
808 2381 919 2407 artem

251 2426 464 2460 amatoriam.
492 2424 669 2459 Caeterum
693 2425 822 2458 mirum
847 2432 917 2470 est,

249 2478 419 2523 virginem
442 2477 582 2523 virginis
602 2490 718 2511 amore
736 2477 862 2512 arsisse.
877 2496 920 2503 —

255 2531 409 2573 Tangam
425 2537 542 2574 pectus
556 2556 564 2573 ,
585 2542 660 2574 quae
677 2530 711 2564 id
728 2529 916 2573 invadunt,

251 2582 287 2615 in
299 2593 340 2614 eo
350 2582 524 2625 oriuntur,
540 2594 649 2625 amor,
661 2581 789 2615 invidia
800 2608 809 2625 ,
827 2594 918 2616 cura.

986 1341 1044 1379 bo,
1073 1338 1176 1373 simili
1193 1338 1328 1373 *amoris
1356 1337 1478 1373 ardore
1505 1337 1654 1382 correpti

985 1398 1085 1426 erant
1098 1405 1106 1431 ;
1127 1404 1210 1435 pars
1222 1404 1316 1436 oequa
1330 1393 1453 1425 amoris
1468 1389 1559 1436 apud
1575 1389 1653 1424 Te-

985 1449 1074 1476 rent.
1091 1442 1182 1476 Eun.
1197 1443 1213 1476 1
1226 1468 1235 1485 ,
1254 1453 1283 1476 11
1295 1468 1304 1486 ‚
1326 1456 1386 1484 12;
1403 1443 1542 1485 Noster,
1562 1441 1654 1484 Vn,

986 1495 1062 1538 803,
1073 1498 1213 1539 equales
1224 1496 1653 1539 urebantpectoraflammoe.

984 1549 1097 1581 —Sed
1102 1549 1306 1591 eratfiducia
1321 1549 1444 1591 dispar.
1456 1548 1547 1582 Nam
1562 1546 1654 1591 Iphis

986 1599 1163 1633 diffidebat
1173 1612 1208 1633 se
1221 1599 1283 1633 viri
1298 1599 1411 1633 officio
1423 1599 1519 1644 fungi
1537 1610 1632 1644 posse
1644 1612 1652 1638 3

987 1650 1109 1684 Ianthe
1128 1663 1210 1685 vero
1229 1657 1350 1685 contra
1365 1650 1494 1685 fidebat
1511 1662 1547 1685 se
1566 1662 1658 1684 mu-

986 1714 1069 1735 nera
1087 1701 1240 1736 mulieris
1255 1702 1335 1736 satis
1351 1702 1533 1736 obituram.
1548 1702 1614 1735 Ed.

1032 1754 1102 1798 728.
1111 1754 1247 1787 Perdere
1256 1760 1319 1787 etc.
1329 1753 1365 1787 H
1369 1753 1399 1787 ic
1406 1766 1535 1796 versus,
1548 1764 1654 1797 quem

988 1804 1152 1838 Heinsius
1166 1805 1322 1849 spurium
1338 1803 1487 1849 judicat,
1507 1816 1564 1838 me
1580 1816 1654 1837 non

986 1856 1143 1891 offendit.
1157 1857 1342 1891 Interitum
1355 1856 1448 1902 Iphis
1462 1856 1573 1891 lenius
1585 1869 1654 1891 ma-

986 1908 1058 1942 lum
1070 1908 1199 1954 judicat
1211 1920 1252 1942 eo
1263 1934 1272 1952 ‚
1287 1920 1355 1953 quo
1364 1921 1459 1943 nunc
1469 1908 1654 1943 laborabat.

986 1962 1106 2004 Itaque
1120 1973 1191 1994 non
1208 1972 1293 2004 opus
1305 1966 1355 1994 est
1365 1985 1375 2003 ,
1392 1966 1429 1994 ut
1442 1972 1523 1993 cum
1537 1958 1653 1994 multis

987 2011 1081 2045 MSS
1094 2011 1227 2055 legatur
1240 2036 1248 2053 ,
1262 2012 1400 2044 Parcere
1411 2012 1601 2051 debuerant,
1617 2017 1653 2044 et

986 2062 1111 2097 deinde
1124 2076 1142 2096 e
1159 2062 1358 2106 conjectura
1376 2060 1577 2106 Caposerrei
1591 2087 1601 2105 ‚
1622 2065 1658 2095 si

984 2130 1049 2150 non
1071 2128 1121 2149 me
1136 2118 1269 2159 perdere
1290 2117 1418 2150 vellent.
1438 2115 1652 2159 Quanquam

986 2166 1132 2201 Ovidius
1147 2165 1323 2200 interdum
1336 2166 1524 2200 sententias
1536 2166 1652 2210 subii-

984 2231 1061 2253 cere
1086 2218 1172 2252 solet
1185 2244 1194 2261 ,
1218 2230 1300 2262 quas
1320 2217 1484 2263 suggessit
1506 2218 1652 2252 verbum

984 2270 1181 2316 praecedens
1201 2296 1210 2312 ‚
1237 2269 1340 2314 idque
1366 2269 1479 2314 ipsum
1506 2269 1651 2303 verbum

983 2329 1140 2367 repetere
1152 2322 1188 2355 in
1201 2321 1380 2355 sententia.
1390 2339 1435 2345 —
1448 2319 1568 2354 Codex
1581 2319 1651 2354 Re-

985 2375 1057 2418 gius
1075 2374 1102 2407 A
1116 2400 1125 2417 ‚
1149 2375 1287 2415 Perdere
1311 2374 1510 2412 debuerant,·
1538 2370 1648 2412 male;

983 2425 1041 2459 sed
1058 2424 1176 2459 Codex
1187 2425 1217 2459 Β
1233 2424 1325 2458 hunc
1337 2435 1474 2457 versum
1491 2421 1650 2456 inutilem

985 2485 1018 2512 et
1033 2478 1282 2512 inconcinnum
1299 2476 1441 2521 respuitae
1449 2477 1514 2510 Ed.

1029 2543 1100 2576 729·
1118 2532 1291 2571 Naturale,
1305 2528 1395 2573 quod
1408 2528 1443 2561 in
1456 2540 1574 2561 rerum
1585 2540 1650 2561 na-

984 2589 1060 2615 tura
1076 2581 1224 2615 obvenit.
1237 2579 1329 2624 Opp.
1343 2592 1428 2613 vers.
1445 2579 1526 2624 726,
1538 2581 1647 2623 prodi·

247 2632 402 2673 -Tulr't‚
421 2633 761 2679 inflixit.—·AEquum;
776 2633 842 2677 IV,
856 2634 916 2677 62,
980 2637 1126 2677 glesum,
1152 2631 1244 2677 quod
1265 2638 1384 2666 contra
1402 2631 1494 2675 leges
1516 2637 1647 2664 naturae

247 2698 290 2718 ex
296 2696 386 2728 oequo
394 2690 502 2727 captis
513 2688 674 2720 ardebant
681 2688 842 2720 mentibus
852 2699 918 2719 am-

983 2692 1042 2720 est.
1053 2686 1157 2720 -De
1171 2695 1273 2724 more,
1291 2682 1464 2717 usitatum.
