1820 3106
245 264 331 312 232

607 265 658 308 Ρ.
699 265 938 309 ov1D11
979 231 1279 311 NAsoms

242 357 356 404 Crus
378 356 459 404 ubi
481 357 697 405 commisit
717 357 930 416 volucris,
953 358 1173 425 sensitque
1195 359 1332 408 teneri
1347 396 1359 416 ‚

241 432 494 495 Plangitur‚
519 453 567 482 ac
592 434 814 500 trepidans
835 434 1066 497 adstringit
1088 435 1259 484 vincula
1283 446 1409 482 motu
1429 452 1440 482 :
1604 448 1646 494 75

241 511 313 558 Sic
328 549 339 568 ‚
364 523 414 558 ut
437 530 618 577 quaeque
645 510 739 560 solo
765 511 902 560 defixa
926 512 1336 561 cohaeseratharum
1351 548 1363 570 ‚

239 587 503 636 Exsternata
524 588 669 651 fugam
694 588 855 637 frustra
879 588 1074 637 tentabat
1097 608 1106 636 ε
1133 599 1178 636 at
1198 586 1316 636 illam

236 664 374 711 Lenta
397 676 515 712 tenet
537 665 687 723 radix,
714 665 1086 732 exsultantemque
1110 676 1310 714 coel-:cet

237 741 444 807 Dumque
465 742 543 789 ubi
565 742 655 790 sint
679 743 830 805 digiti,
854 743 956 791 dum
981 763 1058 810 pes
1081 744 1161 792 ubi
1184 743 1360 809 quaerit,
1384 753 1428 790 et
1449 759 1616 831 ungues
1630 778 1642 798 ‚

231 817 469 883 Adspicit
459 838 504 866 m
529 831 686 868 teretes
710 819 879 883 lignum
903 821 1128 870 succedere
1153 840 1298 879 suras;
1601 835 1644 868 80

234 896 295 942 Et
316 907 468 943 conata
488 896 628 944 femur
651 897 851 945 moerenti
874 898 1079 963 plangere
1100 899 1250 947 dextra
1263 935 1275 955 ‚

234 971 418 1019 Robora
442 973 658 1038 percussit
676 993 686 1020 ε
707 985 860 1038 pectus
885 993 1064 1039 quoque
1084 974 1247 1022 robora
1268 972 1381 1020 fiunt
1398 991 1408 1029 3

235 1049 420 1097 Robora
443 1061 546 1097 sunt
569 1050 740 1098 hu'meri
758 1063 1080 1117 ;·porrectaque
1099 1050 1279 1099 brachia
1300 1068 1423 1101 veros

233 1145 463 1191 descripsisset
475 1173 484 1189 ,
501 1147 557 1182 hic
571 1148 731 1183 exhausta
746 1148 847 1183 fuisse
860 1149 906 1183 vi-

231 1195 335 1231 detur
350 1198 481 1243 ingenii
498 1198 605 1244 copia.
622 1200 718 1236 Bene
735 1199 841 1245 igitur
852 1199 906 1234 fe-

228 1250 275 1284 cit
287 1275 296 1292 ,
322 1249 414 1296 quod
431 1250 695 1285 similitudinem
714 1250 880 1296 adspersit
894 1265 904 1293 ;

231 1314 300 1346 qua
315 1301 446 1335 sublata
463 1315 535 1336 non
553 1302 705 1336 multum
721 1315 905 1338 commen-

229 1354 378 1389 dationis
393 1355 497 1390 habet
512 1356 584 1391 haec
599 1357 722 1391 sabula.
732 1376 777 1384 -—
791 1359 904 1392 Calli-

227 1408 291 1439 dus
302 1433 309 1446 ,
329 1407 408 1450 quia
423 1409 549 1441 abditis
564 1408 695 1453 laqueis
706 1422 784 1444 aves
795 1408 881 1443 fallit
893 1435 902 1452 ,

227 1459 353 1504 decipit
363 1467 438 1502 etc„
451 1461 573 1505 quihus
583 1461 654 1496 fere
671 1462 782 1496 verbis
796 1468 905 1496 utun-

227 1518 286 1544 tur
302 1519 412 1555 poetae
426 1512 468 1545 de
484 1525 615 1556 aucupe
630 1521 666 1548 et
682 1514 904 1558 piscatore.—

231 1563 438 1596 Committere
454 1576 548 1597 nunc
569 1563 611 1597 de
633 1576 693 1597 ave
707 1590 716 1607 ‚
736 1576 812 1608 quae
829 1563 904 1597 im-

229 1612 383 1657 prudens
399 1619 435 1657 et
448 1614 554 1648 inscia
568 1614 602 1648 in
618 1614 758 1659 laqueos
774 1614 903 1649 incidit.

229 1683 271 1689 —·
286 1666 469 1708 Trepidans
486 1672 583 1699 motu.
599 1666 781 1709 Barberin.
796 1670 903 1710 trepi-

227 1718 292 1749 dus
306 1728 316 1749 ,·
332 1729 435 1761 supra
452 1716 493 1750 ad
516 1717 570 1751 111
589 1743 599 1760 ,
628 1719 687 1750 125
703 1743 713 1760 ,
738 1718 903 1753 Heinsius

227 1776 414 1803 monuerat
440 1768 662 1813 scribendum
681 1771 807 1813 trepido
827 1773 904 1804 sub-

226 1823 361 1863 stringit
377 1822 513 1853 vincula
530 1827 643 1862 motu‚·
663 1820 711 1855 sic
725 1824 904 1855 substricta

224 1875 287 1906 ilia
297 1899 305 1912 ‚
324 1875 504 1907 substricta
519 1886 616 1907 crura
630 1876 718 1908 alibi
728 1874 831 1919 legun
837 1881 901 1908 tur.

229 1926 329 1961 Idem
343 1926 409 1960 hoc
423 1926 498 1961 loco
509 1927 649 1971 conjicit
659 1930 828 1971 trepidans
838 1931 903 1961 ad-

225 1982 359 2022 stringit
369 1982 504 2013 vincula
515 1986 633 2020 motus,
650 1986 709 2013 aut
721 1982 905 2024 trepidante

227 2037 324 2065 motu.
344 2030 511 2065 cantabr.
530 2038 566 2066 et
583 2031 683 2065 Junii
699 2034 823 2066 vimina
839 2044 902 2076 pro

225 2084 361 2115 vincula
373 2081 502 2116 habent
515 2109 523 2125 ,
536 2096 612 2127 quae
624 2084 848 2118 Burmannus
859 2083 901 2118 de

223 2134 355 2179 laqueis
377 2147 416 2168 ex
437 2135 567 2169 vimine
589 2135 684 2170 sactis
706 2136 901 2181 accipiebat.

229 2186 345 2231 Quod·
364 2187 530 2222 Heinsius
555 2188 752 2232 conjecerat
765 2214 774 2231 ,
795 2191 901 2231 trepi-

224 2242 326 2274 dante
350 2246 439 2274 motu
461 2251 534 2274 non
558 2252 696 2284 prorsus
717 2239 900 2284 improbo:

221 2292 393 2333 trepidans
413 2297 521 2325 motus
545 2297 584 2324 ut
604 2291 620 2324 Ι
639 2317 647 2333 ,
672 2290 735 2324 506
754 2316 762 2333 ,
793 2297 827 2324 et
845 2291 899 2333 V,

223 2342 288 2375 605
301 2367 310 2384 ,
329 2344 498 2385 trepidans
506 2355 673 2386 penna.——
681 2342 780 2387 Regii
792 2342 900 2376 nostri

223 2393 352 2428 habent
370 2397 541 2438 trepidans
565 2397 743 2439 adstringit
764 2398 901 2429 vincula

223 2454 321 2484 motu.
335 2465 377 2473 --
389 2450 583 2492 Plangitur,
603 2448 760 2482 verberat
778 2461 812 2482 se
830 2449 900 2483 alis.

225 2497 405 2533 Caeterum
416 2499 599 2533 commode
609 2499 774 2534 Heinsius
784 2499 899 2534 laudat

223 2549 393 2583 Senecam
417 2549 459 2584 de
481 2552 558 2594 Ira,
579 2552 634 2585 ΙΙΙ
648 2578 658 2595 ,
682 2552 720 2585 16
739 2565 746 2586 z
767 2552 822 2586 Sic
837 2554 898 2584 la—

221 2613 320 2644 queos
327 2601 417 2644 sera,
433 2604 508 2636 dum
509 2603 637 2646 jactat,
648 2605 833 2647 adstringit,
847 2606 899 2636 sic

218 2665 296 2686 aves
311 2656 440 2687 viscum
451 2681 458 2692 ,
479 2656 555 2688 dum
572 2657 772 2698 trepidantes
788 2668 897 2689 excu—

210 2707 323 2751 tiunt,
343 2707 469 2747 plumis
486 2709 637 2740 omnibus
651 2709 795 2740 illinunt.

259 2754 309 2801 76.
327 2756 399 2799 Sic,
421 2763 459 2791 ut
472 2770 607 2804 quaque
618 2757 713 2793 dedit
725 2757 892 2794 Heinsius

970 1162 1010 1183 ex
1021 1149 1129 1184 tribus
1139 1148 1235 1183 MSS
1244 1175 1254 1192 ,
1265 1161 1328 1194 pro
1343 1147 1481 1193 vulgato
1490 1147 1548 1181 Sic
1558 1157 1645 1191 qua·—

970 1201 1237 1246 cumque.—Hoc
1246 1200 1377 1236 habent
1387 1212 1524 1245 quoque
1534 1197 1646 1233 nostri

971 1252 1090 1298 Regii,
1108 1266 1174 1287 nec
1190 1253 1366 1287 immerito
1380 1251 1505 1296 vulgat.
1521 1249 1644 1295 rejecit

971 1305 1094 1340 Heius.
1110 1307 1328 1340 Eat—lenta
1341 1311 1436 1340 tenet.
1449 1304 1532 1338 Duo
1542 1305 1643 1347 longa

968 1363 1065 1393 tenet.
1080 1377 1124 1385 —
1142 1358 1243 1404 Regii
1267 1357 1376 1405 nostri
1398 1357 1488 1391 bene
1512 1355 1643 1391 habent

968 1414 1087 1458 lenta,·
1113 1414 1214 1456 longa
1238 1411 1333 1446 enirn
1354 1409 1493 1444 videtur
1511 1408 1640 1455 glossa;

969 1464 1134 1498 arborum
1142 1464 1268 1500 scilicet
1276 1463 1371 1499 radix
1377 1474 1515 1508 semper
1524 1460 1640 1507 plusve

967 1516 1126 1550 minusve
1138 1519 1239 1560 longa
1249 1523 1321 1557 est;
1337 1518 1429 1550 lenta
1444 1521 1562 1548 autem
1578 1524 1643 1546 vox

967 1566 1105 1610 propria
1120 1567 1289 1601 radicibus
1304 1573 1344 1600 ut
1359 1566 1514 1601 salicibus
1526 1572 1561 1611 et
1570 1564 1643 1599 vir-

968 1617 1069 1661 gultis
1080 1643 1090 1660 ,
1107 1630 1183 1662 quae
1199 1617 1390 1652 flectuntur
1404 1617 1511 1652 facile.
1522 1617 1588 1650 Ed.
1599 1633 1643 1641 —-

969 1669 1150 1714 Ingeniose
1168 1671 1406 1709 exsultantem,
1430 1680 1507 1713 quae
1527 1679 1641 1702 cona-

966 1720 1070 1754 batur
1089 1720 1244 1765 prosilire
1263 1726 1298 1754 et
1315 1719 1420 1765 pedes
1436 1731 1455 1753 a
1472 1725 1563 1753 terra
1577 1730 1641 1752 re-

967 1771 1104 1806 vellere,
1114 1791 1157 1798 -—-
1169 1775 1318 1814 Coereet,
1339 1772 1477 1808 retinet.

1006 1836 1056 1869 79.
1066 1824 1218 1867 Dumque
1229 1826 1363 1858 ubisint
1372 1825 1536 1867 digitietc.
1546 1820 1640 1856 Con-

965 1875 1018 1909 fer
1031 1876 1096 1917 IV,
1116 1878 1175 1923 591
1191 1902 1201 1918 ,
1225 1876 1366 1914 Cadme,
1381 1875 1465 1919 quid
1477 1876 1567 1909 hoc?
1583 1875 1646 1908 ubi

960 1940 1022 1971 pes
1033 1930 1052 1963 P
1067 1930 1129 1960 ubi
1138 1933 1218 1961 sunt
1233 1929 1418 1970 humerique
1434 1925 1641 1969 manusque?

965 1979 1182 2021 —Quaeritex
1192 1991 1231 2011 ve
1237 1984 1326 2012 tusto
1334 1976 1436 2011 metri
1448 1988 1548 2011 causa
1557 1987 1640 2021 prae-

966 2031 1045 2065 tulit
1066 2031 1194 2076 Regius
1216 2030 1354 2076 vulgato
1369 2033 1464 2074 petit.
1479 2048 1522 2055 —
1538 2028 1639 2074 Regii

965 2082 1074 2116 nostri
1089 2085 1211 2126 qua-rit.
1239 2083 1370 2129 Teretes
1393 2094 1403 2116 ,·
1421 2080 1497 2115 vide
1521 2080 1563 2115 ad
1580 2080 1614 2115 Χ
1627 2106 1638 2124 ,

968 2149 981 2169 1
992 2148 1048 2170 12:
1063 2142 1180 2170 teretes
1193 2148 1289 2168 suras
1304 2134 1421 2170 laudat
1436 2134 1542 2169 etiam
1559 2135 1639 2169 Ho-

963 2187 1091 2230 ratius,
1109 2187 1166 2230 ΙΙ,
1186 2186 1256 2222 Od.
1273 2189 1302 2230 4.
1304 2187 1529 2221 —Succedere
1543 2199 1639 2221 nunc

964 2239 1087 2273 melius
1091 2251 1212 2290 ,quam
1220 2251 1432 2278 succrescere,
1448 2237 1541 2288 quod
1551 2237 1637 2272 mul-

963 2291 989 2325 ti
1001 2290 1096 2324 MSS
1109 2284 1255 2333 habent,
1269 2297 1371 2335 atque
1384 2289 1487 2324 etiam
1499 2282 1569 2332 ῘΧ,
1580 2289 1635 2333 35,

963 2343 1010 2378 sic
1020 2343 1155 2388 legitur.
1157 2345 1327 2376 -Fernun
1338 2341 1550 2386 Plerumque
1562 2354 1637 2386 pec-

962 2403 1037 2431 tora
1055 2395 1318 2442 plangebantur,
1333 2394 1394 2430 sed
1414 2401 1449 2429 et
1468 2394 1541 2429 aliae
1559 2407 1638 2429 cor-

962 2448 1053 2492 poris
1070 2454 1192 2492 partes.

1004 2499 1056 2532 83.
1070 2501 1286 2543 Por-rectaque
1296 2498 1433 2531 brachia
1443 2508 1548 2531 veros.
1557 2495 1637 2530 Plu-

960 2550 1038 2584 rimi
1049 2553 1164 2594 longos
1174 2563 1297 2595 quoque
1311 2551 1448 2584 brachia
1467 2561 1562 2583 veros
1576 2554 1636 2582 aut

960 2614 1059 2643 vera;
1075 2603 1237 2637 Heinsius
1251 2602 1329 2636 hinc
1342 2602 1483 2647 putabat
1490 2603 1634 2636 brachia

959 2668 1043 2689 vara
1064 2662 1123 2688 aut
1137 2659 1351 2698 porrectaque
1378 2655 1516 2687 brachia
1535 2665 1634 2686 varos

958 2708 1046 2740 Esse
1053 2714 1150 2750 putes
1162 2705 1449 2741 ramos.—Codex
1460 2705 1588 2749 Regius
1600 2703 1632 2738 A

957 2753 1043 2794 nihil
1056 2763 1187 2802 mutat3
1203 2763 1237 2792 et
1249 2756 1337 2792 bene
1353 2769 1361 2791 ε
1380 2755 1500 2791 Codex
1510 2755 1540 2789 B
1552 2780 1563 2799 ,
1581 2766 1634 2788 ve-
