1820 3106
272 244 359 300 324

612 243 678 286 Ῥ.
721 242 962 287 OVIDII
1006 243 1305 291 NASONIS

265 335 388 384 Talia
409 334 521 382 facta
543 345 717 400 potest;
742 334 818 383 sed
836 335 1017 384 vindicis
1041 354 1115 384 ora
1135 339 1350 403 protervis
1406 330 1410 334 ⁵

268 412 521 478 Insequitur
542 411 744 460 manibus
759 448 771 468 .,
798 430 1088 478 generosaque
1114 427 1291 480 pectora
1314 416 1472 483 pulsat.

267 492 396 540 Forte
417 489 501 537 suit
521 490 662 554 juxta,
689 489 826 551 signis
847 490 1116 539 exstantibus
1139 510 1288 558 asper,

1603 507 1667 544 235

267 567 489 632 Antiquus
512 577 674 623 crater;
698 584 826 631 quem
850 578 1016 615 vastum
1039 569 1200 617 vastior
1214 570 1318 635 *ipse

266 643 454 693 Sustulit
474 643 681 705 AEgides,
706 642 966 709 adversaque
987 644 1106 692 misit
1128 645 1175 692 in
1199 640 1312 693 ora.-

263 721 498 783 Sanguinis
521 720 593 768 ille
619 719 773 783 globos
794 720 979 786 pariter,
1006 721 1316 788 cerebrumque
1330 758 1342 779 ‚
1365 739 1641 789 merumque,

261 799 452 848 Vulnere
473 810 517 847 et
543 817 615 846 ore
639 815 814 846 vomens
828 835 840 854 ‚
865 797 1038 845 madida
1057 798 1289 863 resupinus
1312 817 1463 857 arena,

261 876 469 945 Calcitrat
488 895 498 923 ε
521 875 753 923 ardescunt
771 874 962 937 germani
984 874 1098 922 caede
1120 875 1407 932 bimembres,

1600 890 1666 935 240

259 953 554 1018 Certatimque
577 970 727 1000 omnes
750 970 839 998 uno
862 970 937 1000 ore
951 989 962 1009 ,
987 953 1119 1000 Arma
1135 989 1146 1008 ‚
1171 970 1311 1009 arma,
1335 951 1590 1018 loquuntur.

255 1096 336 1118 roso
349 1084 466 1117 animo
482 1083 644 1129 praeditus
654 1109 664 1126 ‚
680 1082 741 1119 sed
755 1083 852 1118 fortis
864 1109 874 1127 ,
889 1090 929 1118 ut

255 1137 435 1180 μεγάθυμος-

298 1187 372 1221 233.
396 1187 572 1227 Vindicis-5
599 1185 726 1220 Thesei
740 1211 749 1228 ,
775 1185 833 1229 qui
853 1197 928 1218 no·-

253 1250 332 1271 vam
349 1244 494 1282 nuptam
519 1235 780 1271 Centaurorum
801 1236 928 1281 injuria

252 1289 385 1323 liberat.
397 1290 463 1322 Ed.
472 1308 515 1314 --
524 1289 712 1332 Insequitur
722 1301 781 1321 ora
788 1314 796 1328 ‚
813 1288 927 1322 conti-

253 1352 326 1373 nuo
342 1340 470 1374 involat
482 1340 642 1373 manibus
658 1339 694 1372 in
712 1351 759 1373 os.

297 1393 371 1425 235.
390 1394 484 1426 Forte
490 1392 565 1435 suit
570 1392 678 1436 juxta
693 1397 756 1425 etc.
779 1389 924 1425 Cratere

252 1443 359 1477 instar
385 1444 444 1477 teli
469 1443 574 1477 etiam
593 1444 760 1484 Perseus,
779 1441 812 1473 V
826 1468 835 1485 ,
858 1443 898 1476 82
914 1467 924 1485 ,

251 1495 381 1534 utitur;
397 1494 486 1538 apud
503 1494 685 1538 Virgilium
696 1519 705 1536 ,
718 1493 845 1539 Georg.
858 1493 890 1529 d.
902 1494 923 1527 l.

251 1546 395 1593 Hylaeus
403 1545 431 1579 C
437 1559 479 1580 en
485 1552 600 1579 taurus
607 1558 726 1588 magno
732 1551 856 1579 cratere
862 1544 924 1578 La·

251 1597 353 1642 pithis
368 1597 532 1631 minatur.
543 1597 702 1639 —Sigm's
716 1597 924 1629 exstantibus

250 1662 364 1692 asper,
381 1648 501 1694 figuris
516 1647 749 1681 eminentibus
767 1646 901 1681 caelatus
912 1672 921 1689 ,

252 1701 473 1748 anaglyptum
495 1712 503 1734 ε
526 1712 677 1744 namque
708 1711 857 1742 asperum
888 1704 923 1732 et

249 1758 345 1803 τραχὺ
355 1766 433 1798 opp.
445 1756 541 1794 loeoi,·
563 1751 794 1794 Claudianus,
808 1752 921 1794 VIII,

250 1805 312 1839 585
327 1831 336 1848 ,
352 1810 486 1849 asperat
494 1805 598 1838 Indus
612 1805 805 1838 Velamenta
811 1805 921 1846 lapis,-

249 1863 285 1890 et
303 1857 430 1891 Noster
447 1856 517 1900 jam
542 1855 578 1889 in
599 1855 655 1890 lib.
676 1855 731 1898 V,
749 1856 812 1897 80,
840 1855 923 1888 altis

247 1911 445 1943 Ezstantern
458 1909 564 1951 signis
575 1933 584 1947 ,
605 1909 774 1951 multaque
789 1909 824 1939 in
834 1918 924 1948 pon-

247 1962 322 1994 dere
338 1972 459 1993 massoe
477 1961 643 2002 Ingentem
664 1959 816 1991 manibus
835 1959 925 1991 tollit

247 2018 377 2045 cratera
390 2013 525 2045 duobus.
541 2010 727 2044 Praeiverat
738 2009 789 2043 his
804 2008 922 2053 Virgi-

247 2062 312 2095 lius
323 2087 332 2104 ,
349 2062 400 2095 IX
411 2086 419 2102 ,
436 2061 498 2103 254
511 2087 519 2103 ,
537 2061 595 2094 ubi
610 2073 730 2104 aspera
742 2063 922 2104 signi-spo-

246 2115 340 2152 eula,
360 2112 420 2145 ubi
435 2112 539 2146 etiam
553 2115 707 2155 antiquus
720 2119 842 2151 crater,
863 2123 921 2144 an-

248 2164 345 2208 tiquo
356 2176 460 2208 opere
469 2189 478 2206 ,
491 2163 645 2206 adeoque
658 2162 798 2206 maioris
808 2162 919 2206 pretii.

248 2216 466 2259 Frequenter
492 2214 533 2248 ab
561 2213 763 2258 antiquitate
790 2213 918 2258 hujus—

247 2266 345 2300 modi
359 2279 468 2310 vopera
482 2265 666 2300 laudantur
677 2279 684 2305 ;
702 2263 792 2298 infra
804 2265 896 2299 XIII
907 2291 917 2308 ,

248 2330 311 2363 700
325 2344 334 2360 ,
353 2321 488 2361 antiquo
505 2319 612 2360 signis
619 2315 829 2360 fulgentibus
847 2328 918 2349 aere.

247 2372 397 2413 —Quem
407 2377 536 2404 vastum
546 2372 691 2412 vastior;
702 2368 780 2402 vide
789 2368 830 2402 ad
841 2369 896 2403 111
907 2394 916 2411 ,

246 2422 301 2455 60.
310 2440 353 2447 —
362 2422 431 2456 Pro
445 2425 516 2465 l'pse
530 2420 650 2466 (quod
663 2419 919 2454 habent‘nostri

246 2473 348 2518 Regii
359 2474 371 2516 )
384 2473 489 2518 vulgo
508 2473 632 2517 legitur
646 2475 728 2515 zpso.

299 2526 372 2572 239.
413 2526 558 2558 M'adida
588 2527 760 2567 resupinus
789 2535 891 2557 arena
906 2536 917 2556 .-

244 2577 352 2612 Multi
375 2576 392 2621 (
407 2583 442 2610 et
458 2583 577 2610 noster
588 2575 717 2619 Regius
731 2574 786 2617 B)
807 2577 918 2608 madi-

242 2631 321 2662 dam
335 2639 469 2662 arenam
484 2653 492 2666 ‚
521 2627 614 2671 quod
631 2626 803 2671 improbat
817 2626 917 2663 Bur-

244 2691 394 2714 mannus
403 2704 412 2721 ,
426 2679 505 2723 quia
519 2681 692 2713 calcitrare
708 2679 761 2712 vix
775 2677 917 2723 ponitur

241 2742 324 2764 cum
337 2729 767 2764 accusativa—Calcarare
783 2728 825 2765 de
845 2735 916 2763 tre—

993 1083 1167 1118 mentibus
1182 1084 1407 1119 morientium
1423 1084 1608 1128 membris,
1625 1091 1665 1119 ut

992 1138 1155 1180 trepidare
1175 1136 1225 1178 V,
1246 1137 1308 1179 4o;
1326 1137 1378 1170 VI
1390 1162 1399 1178 ,
1417 1132 1480 1171 560
1496 1150 1504 1177 ;
1532 1138 1663 1180 etpul-

991 1199 1068 1220 sare
1084 1187 1148 1229 IV,
1174 1187 1243 1221 133.
1254 1203 1298 1213 ·-
1310 1187 1365 1222 De
1380 1186 1447 1222 hoc
1461 1187 1568 1222 verbo
1583 1187 1662 1222 vide

992 1250 1068 1281 quae
1085 1237 1270 1272 dixerimus
1285 1237 1327 1272 ad
1341 1239 1387 1281 V,
1405 1239 1457 1282 4ο.
1473 1240 1588 1272 Ed.—
1599 1238 1664 1273 Ei-

991 1288 1071 1323 dem
1099 1289 1306 1323 Burmanno
1320 1286 1485 1334 'displicet
1505 1302 1663 1334 germana

991 1339 1083 1385 quod
1102 1340 1266 1375 Heinsius
1285 1353 1325 1374 ex
1340 1353 1412 1374 uno
1426 1353 1489 1375 suo
1503 1352 1567 1386 pro
1581 1353 1663 1385 ger-

990 1393 1086 1424 mani
1100 1391 1249 1436 recepit,
1267 1392 1346 1435 quia
1360 1391 1505 1426 dubium
1520 1404 1661 1426 sensum

988 1442 1069 1476 sacit
1083 1455 1090 1483 ;
1111 1449 1223 1487 posset
1240 1442 1335 1476 enim
1349 1443 1453 1477 etiam
1469 1443 1661 1488 significare

988 1507 1106 1529 veram
1114 1494 1252 1529 caedem.
1263 1495 1386 1539 Quum
1397 1495 1431 1529 in
1441 1508 1512 1529 uno
1521 1496 1662 1530 Thuani

987 1546 1030 1579 sit
1045 1549 1234 1589 germania,
1263 1546 1298 1579 id
1321 1546 1551 1591 separandum
1566 1546 1662 1591 judi-

987 1602 1058 1638 cat,
1075 1599 1276 1639 germania,
1298 1603 1462 1641 propter,
1480 1599 1581 1637 cade,
1604 1597 1661 1631 id-

988 1660 1054 1691 que
1070 1646 1207 1692 praesert
1219 1647 1374 1692 vulgatae.
1384 1650 1559 1683 Germana
1572 1650 1662 1682 coede

987 1711 1071 1743 pro,
1090 1698 1182 1733 caede
1200 1698 1376 1744 germani,
1399 1705 1439 1733 ut
1460 1699 1561 1744 paulo
1578 1706 1659 1734 ante

985 1764 1086 1786 versu
1108 1766 1120 1785 1
1129 1765 1142 1785 1
1152 1765 1163 1785 1
1179 1777 1188 1795 ‚
1198 1754 1357 1795 populari
1368 1753 1456 1785 coede
1465 1778 1472 1791 ,
1492 1751 1583 1786 caede
1597 1752 1660 1796 po'-

982 1804 1426 1849 pularium.-Bimembres,
1442 1803 1637 1849 bicorpores
1645 1829 1656 1847 ,

984 1855 1064 1889 alibi
1090 1854 1244 1898 biformes
1268 1861 1302 1888 et
1320 1857 1459 1898 gemini,
1488 1852 1658 1888 Centauri

986 1905 1030 1939 ob
1056 1904 1229 1951 duplicem
1250 1905 1331 1950 equi
1355 1911 1391 1939 et
1411 1903 1563 1939 hominis
1576 1904 1657 1939 sor-

985 1957 1330 2001 mam—loquuntur
1337 1955 1379 1990 de
1391 1968 1519 2001 magno
1529 1962 1565 1991 et
1578 1967 1659 2001 pro-

983 2010 1116 2044 miscuo
1127 2009 1288 2044 clamore.
1298 2009 1534 2054 Exspectasses
1542 2008 1631 2043 forte
1643 2035 1653 2052 ‚

974 2061 1265 2104 fremunt.—Haec
1274 2061 1384 2106 'igitur
1398 2060 1507 2095 caedes
1519 2061 1657 2106 signum

983 2113 1089 2146 veluti
1105 2112 1170 2146 fuit
1188 2124 1330 2157 pugnae,
1349 2124 1452 2156 quam
1471 2112 1598 2147 Noster
1612 2112 1656 2147 ad

983 2165 1215 2199 imitationem
1224 2165 1372 2198 Homeri
1381 2171 1416 2198 e't
1425 2163 1577 2210 Virgilii,
1587 2177 1617 2198 v.
1625 2178 1654 2199 c.

983 2216 1124 2250 AEneid.
1137 2216 1207 2251 XII
1221 2241 1231 2259 ,
1247 2230 1309 2261 277
1323 2227 1385 2260 sqq
1399 2241 1409 2258 ‚
1426 2215 1654 2260 copiosissime

982 2267 1219 2313 persequitur,
1237 2279 1445 2312 quamquam
1464 2267 1535 2311 jam
1550 2279 1653 2312 supra

983 2320 1036 2363 V,
1061 2319 1128 2353 sab.
1147 2330 1160 2352 1
1176 2346 1187 2363 ‚
1214 2318 1475 2354 tumultuariam
1501 2331 1651 2365 pugnam

982 2370 1214 2415 descripserat.
1230 2371 1346 2405 Tanto
1364 2370 1471 2415 magis
1489 2369 1655 2404 admirari

981 2421 1061 2456 licet
1077 2422 1207 2468 ingenii
1224 2421 1388 2456 Ovidiani
1409 2422 1521 2465 copias
1537 2446 1546 2463 ,
1575 2433 1651 2466 quae

981 2473 1096 2507 multis
1103 2473 1166 2507 illis
1173 2472 1320 2508 caedibus
1328 2471 1559 2506 describendis
1565 2483 1650 2506 non-

981 2525 1067 2559 dum
1090 2525 1261 2560 exhaustae
1288 2530 1397 2558 erant.
1429 2524 1571 2559 Etenim
1596 2524 1650 2560 hic

981 2589 1118 2622 quoque
1145 2576 1216 2610 aliis
1242 2576 1385 2621 quisque
1413 2575 1516 2610 armis
1537 2601 1547 2618 ,
1578 2575 1650 2612 aliis

979 2628 1178 2662 vulneribus
1192 2628 1350 2662 moritur.
1366 2627 1456 2661 Vide
1478 2626 1519 2661 ad
1538 2627 1573 2659 V
1585 2652 1594 2670 ,
1621 2639 1648 2660 1.

979 2678 1148 2713 Nonnulli
1169 2691 1291 2713 eorum
1309 2705 1317 2721 ,
1339 2678 1398 2723 qui
1415 2678 1470 2713 hic
1484 2689 1646 2713 comme-

978 2736 1185 2772 morantur,
1214 2729 1448 2764 intcrfuerunt
1472 2727 1647 2764 venationi
