1820 3106
260 232 348 275 306

634 236 689 279 P.
732 237 970 283 OVIDII
1001 240 1302 287 NASONIS

256 324 384 373 Unde
399 363 410 383 ,
445 326 575 392 quod
596 339 664 376 est
685 347 871 395 usquam
886 368 899 388 ,
924 327 1119 397 quamvis
1139 334 1395 396 regionibus
1417 334 1558 396 absit,

255 401 517 468 Inspicitur,
545 415 834 471 penetratque
856 425 979 456 cavas
1000 427 1082 456 vox
1108 410 1252 457 omnis
1273 410 1327 458 ad
1349 429 1488 459 aures.

254 476 388 524 Fama
413 489 558 536 tenet,
582 498 836 547 summaque
860 481 1039 531 domum
1063 483 1148 531 sibi
1169 484 1274 547 legit
1296 485 1343 532 in
1366 504 1463 534 arce
1483 505 1493 545 ;

255 556 605 623 innumerosque
627 558 796 618 aditus,
820 580 868 608 ac
892 560 1010 609 mille
1030 561 1242 610 foramina
1266 564 1391 612 tectis

254 633 464 691 Addidit,
490 648 534 684 et
553 635 688 684 nullis
707 636 885 685 inclusit
909 638 1059 687 limina
1083 641 1237 705 portis.
1628 658 1671 702 45

254 710 396 757 Nocte
421 709 577 776 dieque
597 724 719 777 patet
738 732 747 760 ε
771 725 864 761 tota
885 725 950 762 est
973 733 1024 762 ex
1045 734 1127 764 aere
1151 717 1326 765 sonanti
1345 736 1354 773 ;

252 788 368 835 Tota
383 788 561 846 fremit,
581 808 797 856 vocesque
819 790 952 840 refert
965 829 976 850 ,
1001 793 1226 860 iteratque·
1239 795 1357 861 quod
1376 795 1524 854 audit;

252 918 303 946 tas
316 911 428 957 plag-as
446 911 605 946 divisum.
619 931 663 938 -—-
684 914 718 946 Τ
712 915 818 958 riolez·
829 927 932 948 mun-

251 966 325 1004 dus,
336 963 370 997 id
384 971 446 1006 est,
460 972 620 999 constans
632 964 740 999 tribus
755 966 908 1010 partibus
921 992 931 1009 ,

251 1016 321 1050 sive
339 1016 541 1060 elementis,
562 1029 580 1050 e
595 1016 772 1062 disciplina
790 1018 932 1063 quidem

252 1067 404 1101 Lucretii
423 1094 432 1111 ,
458 1069 493 1101 V
509 1095 518 1111 ,
548 1069 591 1115 94
610 1081 696 1113 sqq:
718 1083 734 1099 «
754 1070 933 1116 Principio

253 1134 271 1150 n
290 1120 399 1154 maria
414 1133 453 1155 ac
470 1128 578 1156 terras
597 1121 789 1167 caelumque
809 1129 930 1158 tuere:

253 1186 271 1201 »
290 1171 432 1206 Horum
456 1179 619 1207 naturam
645 1173 839 1218 triplicem,
867 1173 932 1207 tria

253 1237 271 1253 »
288 1236 432 1269 corpora
452 1250 460 1267 ,
489 1224 640 1258 Memmi
660 1251 669 1268 ,
695 1225 783 1260 Tres
804 1226 932 1271 species

253 1289 271 1305 »
288 1281 362 1309 tam
373 1275 565 1319 dissimiles,
577 1277 642 1311 tria
652 1277 730 1311 talia
740 1284 830 1311 texta
839 1284 902 1312 etc.
913 1292 930 1307 ι»

251 1339 355 1371 quem
378 1327 493 1361 locum
517 1327 652 1363 disertis
675 1329 787 1363 verbis
804 1329 931 1364 Noster

251 1379 389 1423 respicit
402 1379 627 1421 11Trist.426
640 1406 650 1423 ,
667 1387 703 1413 et
718 1380 759 1413 ad
774 1380 907 1415 Liviam
919 1407 928 1424 ,

251 1430 314 1466 362
327 1456 336 1473 ,
353 1430 412 1464 ubi
429 1428 581 1464 mundus
597 1434 717 1478 triplex
731 1444 812 1475 opus
828 1444 931 1466 voca-

251 1487 319 1514 tur.
344 1480 440 1515 Male
467 1481 615 1515 Lenzius
638 1489 787 1525 monet,
803 1482 929 1525 fretum

251 1543 325 1565 non
340 1544 412 1566 esse
427 1532 610 1577 separatim
624 1533 850 1577 capiendum,
868 1533 928 1568 sed

249 1591 356 1618 terras
368 1583 559 1629 fretumque
582 1598 654 1620 esse
677 1586 824 1620 omnino
848 1594 929 1621 ter-

251 1648 336 1669 ram.
364 1635 579 1672 Adversatur
606 1637 687 1672 huic
712 1638 928 1683 interpreta—

250 1687 337 1721 tioni
353 1687 446 1731 quod
460 1688 641 1732 subjicitur
654 1715 664 1732 ,
689 1692 811 1732 triplex
826 1703 929 1724 mun—

250 1740 323 1773 dus.
341 1739 384 1773 In
401 1739 562 1773 confiniis
577 1745 669 1774 lerroe
686 1747 720 1775 et
727 1740 817 1784 freti
828 1753 929 1776 mons

251 1789 427 1824 eminebat
443 1803 560 1825 versus
579 1793 705 1825 caelum.
731 1791 818 1826 Inde
839 1805 929 1837 pro-

249 1847 380 1885 spectat
396 1842 524 1885 Fama,
551 1842 656 1877 etiam
673 1842 767 1887 quod
789 1843 826 1877 in
835 1843 930 1887 freto

252 1893 385 1938 geritur
399 1920 408 1936 ‚
427 1907 514 1928 vers.
526 1895 578 1929 62.
588 1913 632 1920 —
646 1897 804 1938 Quamvis
821 1899 931 1940 regio-

250 1947 348 1978 nibus
362 1947 462 1979 absit.
479 1945 642 1981 Barthius
657 1945 700 1980 ad
718 1946 868 1981 Statium
881 1974 889 1990 ‚
912 1948 928 1981 1

252 1996 364 2031 Theb.
383 2009 447 2031 200
460 2023 469 2040 ,
488 1998 629 2043 corrigit
640 2002 774 2043 quanm·
788 2003 929 2043 regioni-

250 2051 320 2082 bus.
335 2049 467 2083 -Non
486 2049 620 2094 ingrata
634 2050 690 2084 illa
706 2050 905 2085 emendatio
916 2077 926 2094 ‚

250 2099 310 2133 sed
327 2100 510 2134 auctoritas
526 2100 684 2136 codicum
705 2102 808 2136 abest.
819 2103 929 2135 Ed.—

250 2153 447 2195 Inspicitur,
473 2157 512 2184 ut
537 2151 628 2196 apud
651 2152 825 2196 Plinium,
851 2153 926 2196 VI,

251 2216 304 2248 ep.
321 2203 359 2236 31
376 2202 702 2246 ,ssuidjucundiuss
720 2217 817 2247 quam
830 2205 929 2237 stez-1-

250 2259 334 2300 apis
347 2256 535 2300 justiliam.
546 2280 570 2289 ..
585 2258 775 2299 inspicere?
794 2263 829 2290 et
851 2257 927 2291 Pa—

255 2319 378 2353 negyr.
395 2319 466 2351 cap.
486 2306 538 2340 83.

293 2359 346 2402 43.
379 2359 524 2392 Domum
549 2357 701 2391 multum
725 2365 862 2403 praestat
885 2366 927 2406 τῷ

249 2414 356 2445 locum
367 2438 375 2451 ,
395 2411 475 2455 quia
494 2411 602 2444 Fama
613 2410 690 2445 Dea
706 2417 757 2445 est
770 2437 779 2455 ,
796 2411 850 2445 cui
861 2437 870 2455 ,
889 2419 927 2446 ut

251 2463 302 2497 XI
316 2488 326 2506 ,
347 2462 410 2509 593
422 2488 432 2506 ,
452 2463 587 2496 Somno
599 2489 608 2506 ,
625 2469 718 2497 recte
735 2465 852 2497 domus
863 2464 927 2497 tri-

250 2515 380 2558 buitur,
399 2515 655 2559 quaefioramina
669 2523 705 2550 et
718 2520 807 2550 atria
821 2517 926 2551 etiam

250 2566 354 2600 habet
366 2593 375 2609 ,
388 2580 475 2601 vers.
491 2568 532 2600 53
549 2580 557 2603 :
572 2570 678 2601 locum
693 2567 762 2602 huc
778 2569 928 2602 transla—

251 2624 327 2651 tum
344 2631 385 2651 ex
404 2618 421 2652 l
434 2645 443 2661 ,
469 2632 508 2664 27
525 2645 534 2662 ,
553 2619 612 2653 ubi
628 2619 723 2653 idem
744 2632 860 2654 versus
882 2620 924 2655 de

250 2668 341 2713 igne.
354 2669 405 2703 Ea
417 2669 542 2704 domus
554 2677 628 2704 erat
640 2684 770 2705 summa
782 2674 818 2705 in
828 2685 919 2713 arce,

250 2719 285 2754 in
299 2721 476 2755 cacumine
490 2722 618 2755 montis
633 2735 651 2755 e
671 2729 762 2756 terra
778 2735 927 2768 surgen-

996 916 1039 949 tis
1056 916 1092 950 in
1109 917 1269 952 confiniis
1285 918 1459 954 istis—Et
1469 922 1572 954 nullis
1588 933 1670 965 pro,

994 980 1070 1007 nec,
1087 971 1151 1002 sed
1161 982 1225 1002 non
1240 969 1372 1004 addidit
1386 973 1672 1015 portas—Inclu-

995 1022 1044 1054 sit
1057 1033 1121 1065 pro
1136 1020 1288 1066 simplice
1302 1048 1310 1064 ,
1328 1022 1456 1057 clausit.

1040 1071 1092 1113 46.
1108 1073 1175 1105 Est
1187 1085 1230 1105 ex
1246 1085 1309 1107 aere
1322 1073 1480 1118 sarmata·
1495 1073 1543 1109 ita
1557 1074 1671 1119 vulgo.

996 1123 1064 1155 Es!
1069 1135 1112 1156 ez·
1121 1136 1176 1157 ore
1183 1127 1323 1158 sonanti
1329 1136 1391 1169 pro
1401 1150 1410 1167 ,
1424 1131 1475 1159 est
1484 1137 1521 1160 os
1531 1137 1671 1169 sonans,

996 1179 1069 1207 tota
1087 1173 1327 1208 indesinenter
1348 1174 1494 1210 blaterat
1506 1201 1516 1218 ,
1540 1175 1671 1211 habent

996 1239 1067 1260 non
1082 1226 1147 1261 nisi
1164 1226 1234 1261 duo
1246 1227 1342 1262 MSS
1356 1227 1450 1262 unde
1461 1254 1471 1271 ,
1488 1235 1670 1274 postquam

996 1276 1169 1313 Gruterus
1181 1278 1220 1313 ad
1233 1279 1344 1314 Plaut.
1359 1278 1438 1314 Aul.
1451 1280 1507 1315 III
1517 1306 1526 1324 ,
1538 1292 1578 1316 Vl
1587 1307 1597 1325 ,
1611 1281 1649 1315 18
1659 1307 1668 1324 ,

995 1329 1201 1373 probaverat
1219 1356 1228 1373 ‚
1260 1330 1390 1376 recepit
1417 1331 1642 1366 Burmannus
1659 1358 1668 1375 ,

994 1381 1120 1425 partim
1143 1381 1223 1426 quia
1243 1382 1370 1417 rectius
1392 1382 1526 1418 dicatur
1548 1396 1587 1418 os
1606 1397 1670 1418 so—

993 1445 1081 1467 nans
1091 1460 1100 1474 ,
1119 1435 1223 1478 quain
1234 1438 1343 1474 auris,
1364 1435 1491 1479 partim
1503 1436 1582 1481 quia
1589 1436 1672 1470 Vir-

995 1484 1093 1528 gilius
1105 1511 1115 1527 ,
1136 1484 1170 1518 d.
1185 1485 1207 1518 l.
1224 1485 1328 1519 habet
1342 1485 1384 1519 de
1395 1487 1519 1529 Fama,
1536 1489 1670 1522 totidem

994 1549 1051 1568 ora
1065 1543 1196 1570 sonant.
1214 1537 1483 1581 Exquisitiorem
1497 1538 1589 1574 hanc
1602 1539 1671 1574 lec-

993 1586 1126 1620 tionem
1136 1599 1206 1621 esse
1218 1587 1355 1633 vulgata
1364 1601 1426 1622 oere
1435 1615 1445 1628 ‚
1456 1589 1561 1623 etiam
1574 1589 1671 1623 Len-

993 1637 1064 1671 zius
1080 1637 1229 1682 judicat3
1249 1638 1309 1673 sed
1327 1639 1481 1684 quinque
1496 1639 1592 1675 MSS
1606 1640 1670 1675 ha-

992 1689 1078 1724 bent
1095 1703 1139 1724 ex
1155 1704 1234 1725 aure
1251 1717 1260 1731 ‚
1289 1690 1382 1736 quod
1410 1691 1574 1736 equidem
1595 1705 1667 1727 non

993 1741 1184 1786 spreverim
1208 1755 1279 1787 prae
1297 1743 1355 1776 illo
1373 1742 1492 1778 altero.
1507 1745 1668 1790 Namque

998 1804 1033 1826 10
1050 1793 1157 1828 etiam
1175 1794 1266 1828 auris
1282 1794 1385 1840 plena
1399 1796 1582 1831 sonoribus
1597 1823 1606 1840 ,
1631 1804 1670 1831 ut

992 1844 1148 1890 loquitur
1156 1845 1336 1881 Lucretius
1349 1872 1359 1890 ,
1371 1847 1430 1881 VI
1442 1872 1452 1890 ,
1467 1860 1480 1880 1
1490 1847 1562 1891 183,
1574 1855 1668 1883 recte

993 1895 1059 1930 dici
1072 1903 1184 1940 potest
1194 1910 1319 1931 sonans
1329 1910 1339 1931 :
1355 1908 1393 1931 2⁰
1407 1898 1479 1942 jam
1490 1911 1593 1944 supra
1605 1898 1669 1934 ad·-

993 1948 1128 1991 monui,
1143 1948 1314 1983 Nostrum
1324 1949 1357 1983 h.
1369 1949 1391 1983 l.
1402 1962 1525 1995 parurn
1537 1963 1668 1996 expres-

991 2001 1070 2034 sisse
1098 2001 1284 2047 Virgilium
1307 2028 1316 2044 ,
1349 2003 1530 2048 multoque
1552 2004 1668 2039 minus

991 2051 1142 2085 credend
1148 2065 1187 2086 us
1195 2059 1246 2086 est
1259 2059 1330 2087 tam
1340 2053 1519 2098 pueriliter
1527 2054 1668 2100 vestigia

990 2102 1079 2137 illius
1094 2110 1231 2138 secutus
1246 2116 1316 2138 esse
1330 2130 1339 2148 ,
1357 2111 1416 2148 ut,
1434 2105 1599 2150 quoniam
1610 2105 1666 2140 ille

992 2154 1146 2198 dixerat,
1163 2158 1297 2191 totidem
1313 2170 1372 2190 om
1387 2164 1526 2199 sonant,
1545 2165 1580 2193 et
1594 2158 1665 2205 ipse

994 2209 1062 2239 oris
1092 2211 1257 2256 sonantis,
1277 2209 1495 2243 mentionem
1528 2208 1666 2245 faceret.

992 2255 1091 2290 Idem
1110 2257 1273 2303 Virgilius
1290 2259 1396 2293 etiam
1411 2262 1548 2295 lotz'dem
1568 2272 1678 2300 aures,

991 2308 1108 2344 Famae
1124 2310 1261 2345 tribuit:
1274 2325 1291 2340 «
1307 2310 1376 2345 Cui
1391 2318 1476 2356 quot
1489 2318 1571 2346 sunt
1586 2323 1668 2345 cor-

992 2375 1009 2390 »
1027 2374 1110 2405 pore
1122 2361 1248 2406 plumae
1260 2388 1268 2405 ‚
1282 2362 1352 2396 Tot
1365 2362 1482 2408 vigiles
1492 2363 1581 2396 oculi
1590 2363 1668 2397 sub-

992 2427 1009 2442 »
1028 2420 1081 2447 ter
1094 2439 1103 2456 ,
1121 2413 1276 2447 mirabile
1294 2413 1388 2448 dictu
1401 2439 1411 2457 ,
1431 2415 1500 2448 Tot
1516 2414 1642 2460 linguae
1655 2440 1665 2457 ,

991 2479 1008 2494 »
1026 2465 1172 2500 totidem
1197 2478 1255 2500 ora
1281 2472 1407 2500 sonant
1422 2491 1431 2508 ,
1450 2472 1502 2499 tot
1522 2466 1667 2511 subrigit

992 2532 1009 2547 »
1027 2530 1146 2558 aures3
1164 2532 1181 2548 »
1199 2518 1238 2551 3⁰
1254 2519 1296 2552 In
1308 2517 1462 2552 notanda
1473 2517 1536 2552 hac
1550 2518 1667 2552 Famae

988 2568 1195 2613 loquacitate
1214 2569 1340 2603 Noster
1359 2570 1430 2614 ipse
1443 2596 1454 2614 ,
1472 2570 1575 2604 etiam
1592 2569 1664 2604 sine

990 2619 1101 2654 verliis
1122 2620 1204 2663 illis,
1225 2620 1268 2654 de
1284 2621 1408 2665 quibus
1425 2622 1590 2666 quaeritur
1601 2647 1610 2664 ,
1627 2621 1663 2654 in

991 2673 1203 2717 loquacitatis
1223 2673 1444 2719 ineptissimae
1465 2674 1587 2708 vitium
1607 2673 1664 2706 in-

989 2725 1072 2759 cidit
1083 2739 1090 2767 ;
1103 2726 1263 2759 eamdem
1274 2726 1367 2760 enim
1380 2739 1455 2760 rem
1468 2725 1510 2759 ad
1522 2724 1661 2760 taedium
