1820 3106
315 236 318 238 ’
361 223 1047 270 METAMORPHOSEON
1079 218 1208 271 LIB.
1244 229 1306 272 X.

1475 231 1550 275 161

198 319 257 367 Π.
282 316 420 368 Collis
442 328 558 375 erat,
585 315 830 384 collemque
853 336 986 384 super
1009 316 1265 386 planissima
1286 322 1430 388 campi

133 395 276 454 Area;
301 414 433 463 quam
455 393 639 443 viridem
662 395 883 443 faciebant
906 396 1117 459 graminis
1140 397 1298 446 herbae.

134 474 304 524 Umbra
326 473 427 522 loco
450 472 597 522 deerat
621 493 631 521 :
657 493 744 540 qua
766 485 1004 541 postquam
1028 487 1154 541 parte
1175 477 1338 526 resedit

135 553 218 601 Dis
243 551 416 615 genitus
438 562 558 600 vates
573 588 586 609 ‚
613 563 655 599 et
677 550 750 599 fila
775 551 978 600 sonantia
1001 553 1165 611 movit3

134 628 304 679 Umbra
325 628 425 678 loco
447 628 568 678 venit
589 649 598 677 ε
621 648 713 677 non
739 629 932 678 Chaonis
956 629 1099 678 abfuit
1121 630 1255 680 arbos
1270 669 1282 690 ‚
1517 656 1564 694 9⁰

132 707 237 756 Non
257 725 413 756 nemus
436 706 695 765 Heliadum,
720 726 812 755 non
835 707 1060 759 frontibus
1084 710 1257 760 esculus
1279 709 1379 759 altis
1394 747 1407 770 ,

131 785 224 834 Nec
246 784 349 834 tiliae
371 784 529 835 molles
544 823 556 844 ‚
581 804 663 834 nec
687 785 839 849 fagus,
866 798 908 834 et
932 787 1101 837 innuba
1126 788 1298 838 laurus:

130 864 191 913 Et
211 862 348 931 coryli
368 862 545 927 fragiles
562 901 573 922 ‚
601 875 644 912 et
666 864 864 912 fraxinus
888 864 1010 914 utilis
1034 866 1173 915 hastis
1189 905 1201 925 ,

131 978 153 1013 3
171 1003 182 1022 ,
212 980 342 1014 Florem
366 980 477 1013 atatis·
501 979 704 1013 Hasdrubal
723 981 823 1023 patri

131 1033 340 1066 Hannibalis
354 1030 536 1075 fruendum
551 1034 703 1076 prebuit.
728 1030 816 1066 Cae-

132 1092 250 1121 terum
265 1085 460 1120 Phanocles
475 1085 659 1131 scripserat
675 1081 814 1136 ἔρωτας,

131 1138 171 1173 in
194 1138 320 1184 quibus
341 1137 452 1173 multa
475 1137 518 1173 de
536 1137 673 1184 Orphei
693 1137 817 1183 paede—

132 1192 236 1227 rastia
255 1191 433 1227 exstabant
449 1204 457 1232 ;
486 1190 545 1226 sed
564 1191 611 1225 illi
628 1190 818 1227 intercide-

133 1251 220 1280 runt
236 1254 245 1276 τ
260 1243 339 1279 vide
357 1243 558 1278 Heinsium.

177 1296 325 1340 86-142.
336 1296 483 1331 Arbores
498 1297 732 1339 Orpheicanta
745 1310 818 1331 mo-

133 1353 193 1388 ta,
209 1348 246 1382 in
262 1347 387 1393 quibus
397 1347 577 1382 nonnullae
588 1348 817 1383 transforma-

134 1400 232 1434 tione
255 1399 400 1435 nobiles.
423 1398 558 1434 Cantus
579 1400 675 1434 enim
695 1401 817 1435 suavi—

135 1458 207 1487 tate
217 1451 358 1487 arbores
365 1451 441 1486 loco
452 1452 614 1495 movisse,
625 1451 817 1487 fluminum

133 1503 249 1550 lapsus
265 1510 522 1549 ventorumque
539 1503 712 1549 impetum
729 1517 816 1539 mo-

134 1564 231 1592 ratus
245 1569 319 1592 esse
332 1581 343 1600 ,
363 1562 398 1590 et
414 1555 586 1590 immanes
605 1556 729 1592 bestias
748 1556 815 1591 do-

134 1609 281 1652 muisse,
297 1607 364 1643 hoc
380 1615 432 1643 est
444 1635 453 1652 ‚
477 1607 664 1643 hominum
681 1610 816 1644 effera-

134 1670 254 1698 torum
284 1673 401 1697 mores
429 1661 613 1697 mollivisse
635 1688 644 1705 ‚
678 1662 816 1708 legitur.

135 1714 262 1750 Horat.
272 1713 289 1748 1
300 1740 310 1757 ,
320 1712 391 1749 od.
402 1724 470 1757 χιι,
483 1727 500 1760 7
510 1726 584 1759 sqq.
600 1728 608 1756 ;
627 1713 704 1749 Art.
717 1715 817 1751 Poet.

135 1767 197 1816 39¹
215 1781 224 1809 ;
243 1766 368 1802 senec.
383 1766 492 1802 Herc.
511 1766 587 1802 OEt.
611 1768 691 1802 1031
711 1781 784 1815 sqq.

178 1820 233 1856 86.
248 1821 458 1855 Plam'ssima
478 1822 595 1863 campi
611 1833 692 1854 ama
703 1847 711 1861 ‚
734 1821 815 1866 pla-

135 1871 299 1907 nissimus
329 1883 481 1916 campus.
505 1870 578 1905 Cic.
609 1872 713 1905 Verr.
739 1872 794 1906 IV
805 1897 814 1915 ,

137 1924 181 1968 48
192 1949 202 1967 ,
218 1925 254 1957 in
264 1935 391 1957 summo
405 1929 527 1956 monte
539 1927 594 1956 cs!
602 1929 733 1967 equata
743 1925 823 1967 agri

130 1977 304 2021 planities.
321 1973 511 2009 Vossianus
526 1973 630 2008 habet
641 1976 817 2018 placidis-

137 2030 286 2062 s1'rna.—
299 2028 474 2062 Graminis
488 2027 589 2061 herba
603 2026 709 2061 etiam
725 2026 818 2072 apud

138 2079 237 2126 Virg.
255 2078 328 2114 Ecl.
342 2079 390 2122 V,
410 2078 471 2120 263
490 2077 564 2112 Liv.
580 2089 614 2122 1,
632 2080 692 2123 24;
713 2078 820 2113 Clau-

140 2132 310 2168 dian.bel.
322 2131 401 2166 Get.
417 2133 475 2178 147
489 2157 498 2174 ,
513 2131 566 2166 vel
579 2131 660 2177 quia
672 2145 817 2178 gramen

139 2184 234 2218 inter
246 2182 370 2217 herbas
380 2183 531 2216 refertur
546 2182 563 2228 (
575 2183 664 2217 Plin.
679 2183 817 2228 XXIV,

126 2272 130 2278 ,
145 2249 186 2284 ¹9
195 2233 212 2280 )
221 2261 231 2278 ,
245 2234 298 2268 vel
306 2235 410 2268 herba
420 2241 471 2268 est
484 2247 628 2279 germen
644 2236 819 2282 graminis.

140 2289 271 2332 Georg.
285 2287 300 2322 I
312 2314 320 2327 ,
341 2287 402 2330 134
413 2313 422 2330 ‚
430 2286 713 2330 stamentiherba.
728 2290 819 2325 Fast-

143 2341 181 2387 Ι,
204 2342 283 2385 154,
299 2343 436 2374 seminis
448 2342 559 2374 herba.

185 2396 238 2431 88.
258 2395 394 2428 Umbra.
413 2394 568 2429 Arbores
584 2395 766 2430 umbrosae.
778 2415 822 2424 —-

142 2450 221 2487 Dis,
240 2447 319 2482 Deo
335 2446 457 2482 etDea
468 2474 477 2491 ,
496 2446 573 2482 vide
590 2448 630 2482 ad
646 2461 731 2483 vers.
752 2450 822 2494 167.

142 2520 187 2530 ·—-
202 2502 279 2535 fit'la
303 2503 463 2534 sonantia
480 2527 489 2542 ‚
517 2500 604 2536 fides
622 2527 631 2545 ‚
652 2501 797 2537 chordas
811 2529 821 2547 ‚

143 2556 260 2594 movit,
274 2552 433 2598 pulsavit.

187 2616 243 2652 9⁰·
266 2605 341 2638 Non
360 2606 517 2639 Chaonis.
541 2604 709 2650 Sequitur
725 2612 824 2640 cata-

144 2657 243 2703 logus
255 2656 420 2690 arborum
432 2682 441 2699 ,
456 2657 754 2701 quemadmodum
770 2670 825 2692 ca-

146 2711 278 2756 talogos
290 2709 477 2744 fluviorum
489 2737 498 2753 ,
517 2711 692 2745 montium
706 2737 715 2755 ,
732 2707 826 2746 s'ide-

146 2774 227 2797 rum
240 2768 303 2797 etc.
314 2761 392 2795 alibi
405 2761 549 2797 inseruit
560 2762 707 2799 Ovidius
720 2773 727 2794 :
738 2776 826 2798 con-

272 2825 364 2872 IV.

880 980 945 1014 ser.
958 980 1056 1026 Virg.
1070 979 1150 1015 Cul.
1166 994 1180 1016 1
1190 981 1228 1015 ι6
1239 994 1312 1027 sqq.
1328 980 1476 1026 Statius,
1488 983 1563 1033 VI,

884 1033 935 1067 88.
959 1033 1093 1068 Seneca
1112 1060 1121 1078 ,
1152 1033 1273 1080 OEdip.
1303 1035 1367 1069 530
1391 1049 1463 1080 sqq.
1493 1036 1565 1071 Sed

883 1086 1062 1121 exornavit
1078 1087 1230 1133 singulas
1246 1088 1386 1123 arbores
1401 1089 1565 1134 epithetis

881 1136 973 1171 bene
999 1137 1141 1174 dilectis.
1172 1137 1356 1184 Copiosior
1382 1147 1501 1175 tamen
1527 1142 1567 1176 in

882 1188 946 1223 illis
963 1189 1180 1225 ornamentis
1199 1197 1251 1225 est
1264 1191 1430 1238 Virgilius
1449 1191 1483 1226 d.
1500 1192 1568 1226 l.—

886 1242 1033 1275 Chaonis
1057 1244 1167 1277 arbos.
1200 1242 1301 1288 Regii
1326 1244 1436 1278 nostri
1458 1248 1567 1280 arbor.

884 1310 928 1318 —-
943 1294 1093 1327 Chaonis
1108 1296 1224 1334 arbos,
1243 1307 1401 1339 quercus.
1414 1295 1569 1331 Dodona

884 1344 980 1379 enim
994 1371 1003 1388 ‚
1024 1345 1107 1379 olim
1125 1345 1278 1380 habitata
1300 1359 1318 1380 a
1339 1346 1543 1383 Chaonibus
1556 1374 1567 1392 ,

885 1395 1056 1439 (Strabo,
1076 1409 1108 1441 p.
1125 1396 1190 1444 498
1206 1397 1219 1439 )
1235 1423 1244 1440 ‚
1269 1397 1397 1431 nobilia
1418 1397 1568 1434 habebat

885 1454 1059 1492 querceta.
1071 1448 1360 1495 EtiamVirgilius
1369 1477 1377 1493 ‚
1390 1450 1519 1497 Georg.
1529 1452 1546 1486 Ι
1556 1478 1567 1496 ,

883 1500 903 1534 8
913 1526 923 1543 ,
939 1502 1094 1535 Chaonia
1107 1504 1217 1545 glans.
1233 1520 1277 1527 —
1296 1504 1423 1536 Nemas
1437 1505 1569 1537 Helia-

881 1555 979 1594 dum,
1006 1553 1061 1588 vel
1078 1554 1220 1599 populi,
1239 1554 1292 1589 vel
1311 1555 1378 1589 alni
1394 1581 1403 1599 ‚
1428 1555 1465 1590 in
1484 1570 1569 1602 quas

887 1604 1055 1640 Heliades
1065 1632 1075 1649 ‚
1089 1606 1318 1643 Phaethontis
1327 1621 1481 1653 sorores,
1494 1622 1570 1644 mu-

882 1665 962 1693 tatae
975 1667 1097 1695 erant:
1115 1660 1194 1695 vide
1206 1661 1261 1705 ΙΙ,
1278 1662 1342 1696 325
1357 1675 1429 1708 sqq.
1443 1665 1569 1699 Nemus

881 1711 988 1756 igitur
1008 1711 1051 1747 de
1074 1712 1184 1748 tribus
1210 1714 1391 1749 arboribus
1417 1716 1568 1760 capien-

884 1762 982 1797 dum.
997 1783 1041 1790 --
1055 1766 1206 1800 Esculus
1217 1793 1225 1806 ‚
1253 1767 1357 1801 arbor
1379 1768 1529 1802 maxima
1547 1781 1568 1803 e

885 1828 1080 1860 quercuum
1108 1830 1237 1863 genere
1260 1845 1269 1862 ,
1302 1832 1374 1863 que
1404 1826 1566 1864 quantum

882 1870 1003 1901 vertt'oe
1017 1870 1069 1902 ad
1087 1881 1194 1903 auras
1211 1872 1384 1904 AEffien‘as
1399 1898 1407 1911 ,
1436 1877 1567 1906 tantum

883 1921 997 1953 radice
1015 1924 1051 1954 in
1074 1926 1204 1967 lquara
1225 1924 1355 1965 tend17‚·
1378 1923 1545 1968 Virgilius
1559 1951 1569 1969 ,

884 1970 1013 2017 Georg.
1032 1972 1089 2016 11,
1110 1986 1184 2021 29¹·
1198 1974 1294 2008 Hinc
1306 1974 1372 2010 hoc
1383 1975 1570 2020 locofron-

882 2026 972 2058 tibus
1002 2027 1095 2060 allis.
1131 2025 1260 2060 Monet
1292 2027 1520 2064 Burmannus
1550 2042 1571 2064 a

883 2078 995 2123 poetis
1000 2078 1136 2122 frontes
1151 2079 1227 2113 dari
1241 2080 1422 2116 arboribus
1434 2108 1443 2126 ,
1459 2082 1568 2128 idque

884 2130 1039 2167 docuisse
1050 2132 1239 2168 Heinsium
1250 2134 1292 2168 ad
1304 2134 1488 2170 Claudian.
1497 2137 1568 2182 ΙΙΙ,

886 2185 988 2230 Rapt.
1006 2186 1081 2230 346.
1102 2186 1270 2222 Heinsius
1288 2195 1417 2223 tamen.
1436 2189 1470 2224 h.
1488 2191 1507 2226 l.
1527 2204 1569 2225 ex

886 2237 984 2272 MSS
996 2238 1065 2272 suis
1075 2239 1172 2274 malit
1184 2239 1569 2288 ‚frondibus—Regius

884 2297 1005 2324 noster
1017 2289 1138 2325 Codex
1150 2292 1178 2325 A
1192 2318 1201 2335 ‚
1214 2293 1478 2337 nccsrondt'bus5
1493 2294 1568 2328 Co-

887 2342 951 2376 dex
961 2343 989 2377 B
1003 2370 1012 2387 ‚
1026 2357 1092 2378 non
1094 2344 1475 2393 frondt'bus.—Innuba‚
1491 2360 1568 2392 quae

886 2407 958 2429 non
978 2396 1079 2430 nubit
1094 2397 1169 2430 viro
1181 2423 1190 2441 ,
1209 2405 1247 2432 ut
1262 2398 1312 2432 IX
1325 2425 1333 2441 ,
1357 2400 1414 2444 147
1426 2425 1435 2441 ,
1453 2401 1569 2434 laurus

885 2450 1028 2488 innuba,
1059 2449 1176 2483 laurus
1195 2476 1204 2492 ‚
1233 2450 1267 2483 in
1294 2463 1396 2495 quam
1418 2451 1568 2497 Daphne

886 2499 1019 2534 innuba
1045 2508 1189 2536 mutata.
1209 2501 1367 2535 Tibullus
1381 2529 1390 2544 ‚
1412 2503 1488 2546 111,
1507 2516 1566 2549 ιν,

888 2553 949 2595 23,
961 2559 1061 2586 casta
1071 2556 1206 2593 laurum
1222 2552 1453 2598 Claudianus,
1472 2556 1513 2591 R.
1529 2557 1568 2592 P.

889 2603 943 2646 Il,
965 2603 1065 2640 Praes.
1078 2605 1118 2637 23
1131 2630 1141 2647 ‚
1160 2605 1360 2650 Cae'rrhoet'que
1373 2610 1570 2653 lleiquam-

890 2662 939 2693 vis
960 2660 1147 2701 despexerit
1162 2664 1250 2691 artes
1260 2685 1268 2698 ‚
1297 2660 1438 2704 Orpheis
1453 2664 1570 2698 laurus

890 2712 1028 2745 vocibus
1045 2715 1124 2743 acta
1140 2713 1239 2743 venit.

934 2762 987 2811 93.
1017 2762 1121 2797 Utilis
1141 2763 1251 2798 hastzir
1275 2774 1285 2797 :
1308 2762 1386 2798 vide
1404 2764 1447 2800 ad
1461 2766 1515 2812 V,
1536 2781 1567 2815 9.

1335 2842 1348 2868 1
1367 2843 1379 2869 1
