1820 3106
306 226 358 284 58

671 223 721 266 Ρ.
769 222 1005 267 OVIDII
1041 221 1339 268 NASONIS

301 339 324 359 »
354 314 570 364 Cursibus
594 313 788 380 obliquis
810 314 927 362 intra
950 325 1026 363 tua
1047 333 1184 377 regna
1206 314 1435 363 fluentum.

301 415 324 435 »
351 394 442 440 Nec
466 410 598 455 gener
619 390 808 440 externis
828 390 990 457 hospes
1013 391 1097 440 tibi
1117 392 1277 440 missus
1301 392 1356 441 ab
1380 391 1470 440 oris
1485 429 1498 450 ‚

301 491 324 511 »
351 469 439 517 Sed
461 468 689 535 popularis
711 486 813 526 eru,
839 479 884 516 et
901 487 1048 516 rerum
1070 487 1172 534 pars
1196 488 1283 517 una
1306 480 1495 517 tuarum.
1669 492 1713 518 πο

300 568 321 589 »
348 547 541 593 Tantum
568 563 623 593 ne
645 557 823 603 noceat,
849 545 971 611 quod
997 564 1067 593 me
1089 564 1169 594 nec
1193 545 1313 608 regia
1335 547 1456 594 Juno

302 644 323 664 »
352 622 489 679 Odit,
515 634 559 671 et
583 623 726 670 omnis
747 623 872 672 abest
891 623 1113 687 jussorum
1135 641 1267 688 poena
1287 622 1502 671 laborum.

301 723 322 742 »
348 700 461 747 Nam
486 700 607 766 quod
630 712 671 748 te
691 700 827 765 jactas
849 699 1059 748 Alcmena
1079 711 1216 748 matre
1238 710 1455 756 creatum3

300 798 321 818 n
346 777 556 844 Juppiter
579 788 656 825 aut
677 776 813 826 falsus
831 789 957 843 pater
980 788 1045 824 est
1060 813 1072 834 ,
1095 788 1171 824 aut
1195 775 1375 824 crimine
1397 794 1547 824 verus:

297 876 319 896 »
347 854 506 902 Matris
531 853 746 902 adulterio
770 865 939 920 patrem
962 852 1077 920 petis
1096 873 1106 900 ι
1127 851 1236 915 elige
1260 852 1412 901 fictum
1667 867 1710 902 25

297 953 318 972 υ
346 932 456 998 Esse
476 931 504 977 J
508 949 631 978 ovem
652 929 778 978 malis
792 966 804 988 ,
825 949 879 978 an
900 941 942 978 te
965 949 1045 996 per
1066 929 1254 978 dedecus
1275 942 1434 978 ortum.
1458 951 1482 972 »

291 1006 415 1055 Talia
438 1007 652 1055 dicentem
671 1007 928 1071 jamdudum
951 1006 1116 1054 lumine
1138 1018 1265 1054 torvo

291 1127 354 1160 pro
368 1115 532 1161 simplici,
550 1127 628 1150 sum
643 1128 703 1150 rex
716 1141 725 1158 ,
747 1115 827 1161 quia
847 1128 966 1150 coram

290 1168 364 1203 haec
394 1167 538 1203 dicebat.
566 1186 611 1193 -
637 1169 797 1202 Cursibus
824 1169 967 1213 obliquis

289 1226 427 1254 tantum
443 1226 586 1254 ornatus
602 1232 702 1254 causa
716 1219 885 1253 additum.

335 1285 385 1318 19·
415 1273 487 1306 Nec
508 1283 608 1316 gener
631 1273 751 1316 hospes
775 1278 839 1306 etc.
870 1270 965 1306 Cum

288 1325 417 1367 hospite
440 1323 510 1357 sive
541 1322 674 1357 advena
697 1323 963 1357 matrimonium

287 1374 375 1408 inire
392 1386 572 1408 summum
588 1373 738 1408 dedecus
753 1373 843 1418 apud
861 1373 964 1408 Grae-

287 1437 353 1460 cos.
370 1425 487 1460 Etiam
504 1426 540 1459 in
558 1427 623 1459 tibi
630 1428 752 1459 missus
761 1425 889 1470 aliquid
902 1425 963 1458 in-

287 1477 387 1513 vidiae
405 1485 456 1512 est
470 1491 477 1519 ;
495 1484 530 1512 et
545 1481 614 1512 oris
631 1477 838 1511 contemtim
855 1475 962 1510 addi-

288 1534 363 1562 tum
377 1553 387 1570 ,
421 1528 517 1573 quasi
544 1528 693 1562 nesciret
707 1553 717 1571 ,
751 1526 847 1561 unde
872 1534 962 1561 esset

288 1580 468 1614 Hercules.
477 1582 720 1624 —Populanlm
743 1581 887 1623 δημότης,
901 1578 961 1623 qui

286 1637 337 1665 est
352 1630 510 1675 ejusdem
526 1631 654 1677 populi.
680 1647 724 1657 --
740 1632 864 1664 Rerum
881 1634 961 1664 tua-

286 1699 356 1719 rum
368 1712 376 1725 ‚
411 1685 510 1731 regni
527 1685 577 1720 tui
592 1711 601 1728 ,
626 1691 666 1719 ut
681 1685 774 1728 VII,
793 1686 858 1732 5⁰9
874 1696 881 1718 :
898 1681 960 1717 sed

286 1737 485 1772 Gronovius
499 1762 508 1780 ‚
533 1736 715 1772 Observat.
738 1736 803 1779 IV,
821 1749 853 1781 p.
872 1735 935 1780 706
948 1761 957 1779 ,

284 1802 337 1823 res
352 1789 420 1823 hoe
434 1789 510 1824 loco
527 1788 777 1834 interpretatur
785 1787 957 1822 subditos:

284 1841 332 1875 sic
346 1854 428 1875 sane
441 1866 450 1884 ,
467 1840 539 1875 VII
553 1866 562 1883 ,
581 1842 644 1874 522
658 1866 668 1883 ,
685 1851 791 1884 pars?
811 1839 957 1874 Heroid.

287 1893 421 1936 111,46‚
431 1895 636 1936 patria-pars
650 1905 710 1936 ego
724 1905 847 1935 magna
856 1902 954 1932 mecm

284 1945 373 1979 infra
382 1971 391 1988 ,
405 1946 477 1989 XI,
494 1959 511 1979 2
519 1945 557 1979 16
566 1971 576 1988 ‚
582 1957 665 1989 pars
673 1947 855 1978 milz'le'ae.·-
861 1945 957 1988 Una,·

284 1996 508 2031 Lovaniensis
521 2023 530 2040 ,
544 2009 628 2040 pars
632 1999 730 2041 priva
741 2023 748 2037 ,
766 1996 801 2029 id
811 2003 862 2030 est
875 2008 959 2040 pro-

283 2048 376 2093 pria,
405 2048 499 2092 quod
516 2049 741 2082 Burmannus
757 2060 828 2081 non
847 2046 958 2081 credit

262 2139 268 2143 -
283 2100 325 2134 ab
341 2098 483 2133 indocto
501 2099 642 2133 librario
662 2100 879 2144 profectum;
906 2099 954 2132 ita

281 2151 379 2185 illum
397 2150 510 2184 dicere
523 2176 532 2194 ‚
553 2164 589 2185 se
610 2157 721 2184 totum
739 2163 810 2184 esse
828 2150 864 2184 in
881 2150 955 2195 ejus

281 2215 390 2249 regno
401 2210 436 2237 et
443 2202 873 2237 ditione.VerumOvidius
881 2215 954 2236 non

282 2261 374 2289 amat
385 2254 545 2289 obsoleta.
553 2254 654 2299 Regii
661 2255 768 2289 nostri
773 2280 782 2297 ,
784 2267 867 2297 pars
877 2268 954 2289 una.

325 2320 378 2340 21.
410 2307 551 2339 Tantum
565 2318 605 2339 ne
620 2311 757 2345 noceat,
782 2313 846 2339 etc.
863 2305 954 2339 Satis

282 2357 403 2391 acerbe
419 2355 607 2402 respondet
623 2363 658 2390 et
673 2356 714 2390 ad
732 2369 852 2390 rerum
870 2370 954 2402 ges*

283 2416 400 2443 tarum
417 2409 562 2454 gloriam
583 2415 618 2442 et
634 2408 677 2442 ad
693 2408 829 2454 generis
844 2408 954 2442 nobi-

235 2504 239 2507 Δ
281 2460 426 2494 litatem.
442 2459 498 2493 De
513 2465 655 2494 necmel
671 2459 748 2493 vide
767 2459 808 2493 ad
826 2460 860 2494 II
873 2486 882 2503 ,
902 2461 953 2503 42.

281 2515 428 2547 —Poena
436 2516 584 2547 laborum
593 2540 601 2554 ,
615 2513 747 2548 labores
757 2526 866 2558 poenae
877 2514 952 2548 loco

280 2564 431 2608 impositi
444 2591 452 2608 ‚
468 2577 541 2599 non
554 2572 676 2610 sponte
688 2565 844 2610 suscepti.
854 2566 951 2599 Bene

283 2624 401 2650 autem
419 2631 553 2660 penam
578 2626 769 2661 memorat,
786 2625 821 2652 et
835 2619 955 2663 jussos

279 2667 412 2702 labores
425 2693 434 2710 ,
453 2669 531 2712 quia
541 2669 588 2703 sic
599 2670 771 2704 minuitur
782 2670 890 2715 gloria
901 2683 952 2704 ac-

279 2727 405 2755 torum.
420 2737 463 2748 ·-
481 2721 598 2755 Omnis
612 2724 708 2757 abest
723 2735 741 2756 a
758 2735 814 2759 me
820 2736 924 2767 poena
937 2736 950 2766 ,·

1030 1114 1073 1149 ad
1089 1114 1204 1149 nullos
1221 1127 1379 1161 unquam
1390 1115 1525 1151 labores
1540 1115 1708 1151 condem-

1032 1173 1134 1200 natus
1150 1178 1240 1201 sum.

1074 1220 1125 1253 23.
1148 1222 1236 1254 Nam
1251 1221 1344 1264 quod
1353 1224 1388 1254 Ie
1401 1226 1467 1255 etc.
1491 1219 1706 1254 Dilemmate

1028 1271 1219 1306 admodum
1237 1272 1382 1307 molesto
1404 1272 1533 1318 premit
1557 1271 1705 1308 Hercu-

1029 1323 1109 1357 lem.
1126 1325 1212 1358 Nam
1223 1323 1373 1358 alterum
1385 1323 1498 1358 multo
1507 1324 1626 1358 minus
1636 1335 1708 1357 no-

1026 1377 1241 1419 cet—Quod
1255 1380 1310 1418 le‚·
1327 1374 1500 1410 secundus
1514 1375 1705 1419 Palatinus,

1026 1439 1089 1470 quo
1110 1429 1172 1462 te?
1192 1439 1274 1460 cum
1295 1433 1378 1461 nota
1395 1426 1676 1472 interrogationis
1695 1441 1704 1468 ς

1027 1477 1158 1523 Regius
1179 1478 1210 1512 A
1223 1503 1232 1521 ,
1254 1489 1342 1522 quo5
1368 1478 1498 1524 Regius
1522 1479 1553 1513 Β
1565 1504 1575 1522 ,
1592 1481 1682 1524 quod
1694 1491 1705 1512 .·

1025 1528 1092 1564 hoc
1101 1529 1318 1575 praestantius
1329 1529 1477 1564 videtur.
1488 1531 1556 1564 Ed.
1564 1531 1706 1565 —Jac-

1025 1587 1081 1615 las
1093 1608 1101 1622 ,
1119 1581 1202 1616 dicis
1214 1608 1224 1625 ‚
1244 1582 1370 1616 fateris.
1380 1599 1424 1608 ·-·
1434 1584 1558 1616 Falsus
1568 1608 1577 1622 ‚
1591 1581 1703 1617 fictus.

1025 1634 1142 1668 Etiam
1155 1660 1164 1677 ‚
1187 1634 1226 1678 1,
1248 1634 1458 1680 754,salsus
1473 1637 1623 1678 genitor,
1640 1634 1703 1670 sed

1025 1684 1081 1719 ΙΙΙ
1094 1710 1104 1728 ,
1125 1685 1188 1719 558
1204 1711 1214 1728 ,
1242 1685 1432 1730 elegantius
1447 1687 1624 1719 adsumtus
1633 1698 1704 1728 pa—

1023 1742 1081 1771 ter.
1106 1755 1150 1763 ·--
1177 1740 1308 1773 Crimen
1337 1738 1461 1783 passim
1478 1738 1632 1773 absolute
1658 1738 1702 1772 de

1024 1788 1204 1824 adulterio.
1232 1789 1284 1824 Ut
1301 1789 1470 1825 Hercules
1486 1790 1613 1825 sentiat
1629 1790 1700 1824 vim

1024 1853 1169 1875 omnem
1183 1841 1379 1886 opprobrii,
1398 1841 1598 1877 clarioribus
1612 1855 1700 1877 ver-

1023 1894 1074 1928 bis
1085 1894 1211 1939 repetit
1222 1921 1231 1938 ,
1247 1895 1374 1928 Matris
1383 1896 1546 1929 adulterio
1553 1902 1618 1930 etc.
1630 1893 1701 1929 ma-

1023 1956 1112 1982 trem
1125 1948 1206 1982 sacis
1219 1947 1412 1982 adulteram
1423 1974 1432 1991 ,
1450 1955 1489 1983 ut
1500 1948 1627 1982 Jovem
1640 1961 1700 1993 pa—

1022 2006 1113 2033 trem
1130 1999 1266 2034 habeas.
1286 1999 1518 2045 Caposerreus
1538 2002 1698 2035 πιανῶ...

1015 2053 1106 2094 petis
1121 2062 1183 2095 per
1207 2050 1520 2096 interrogationem
1538 2051 1698 2084 efferen-

1020 2100 1106 2134 dum
1123 2102 1398 2145 censen—Elige
1409 2127 1417 2141 ‚
1444 2108 1566 2136 utrum
1573 2102 1697 2146 fictum

1020 2159 1155 2197 patrem
1175 2165 1250 2186 esse
1262 2153 1378 2187 Jovem
1394 2155 1494 2186 malis
1505 2179 1513 2193 ,
1541 2159 1605 2187 etc.
1625 2152 1698 2187 Pro

1006 2204 1128 2247 fictum
1142 2203 1166 2237 J
1169 2203 1318 2237 unianus
1337 2203 1465 2248 repetit
1473 2202 1618 2247 salsum.
1643 2203 1696 2237 lta

1019 2263 1054 2290 et
1071 2255 1180 2289 nostri
1198 2255 1309 2300 Regii.
1327 2274 1371 2281 —-
1386 2257 1562 2297 Dedecus,
1588 2254 1695 2289 adul-

1019 2307 1169 2350 terium,
1189 2313 1228 2341 ut
1244 2307 1279 2341 11
1292 2333 1302 2350 ,
1321 2308 1395 2353 473.

1061 2374 1112 2406 27.
1123 2362 1327 2396 Iamdudum
1339 2387 1347 2401 ,
1359 2360 1537 2394 continuo.
1552 2359 1620 2393 Vix
1633 2372 1694 2394 ex·-

1017 2422 1168 2459 spectare
1186 2421 1300 2459 potest
1316 2413 1426 2447 finem
1449 2412 1625 2446 orationis.
1650 2429 1694 2439 —-

1023 2467 1126 2500 Torva
1152 2467 1165 2509 (
1179 2465 1273 2510 quod
1299 2466 1388 2499 bene
1417 2464 1548 2498 habent
1579 2465 1690 2499 nostri

1018 2517 1163 2562 Regin:
1183 2516 1360 2551 Leidensis
1373 2541 1382 2559 ,
1403 2521 1491 2550 torto
1504 2542 1514 2557 ‚
1542 2523 1581 2550 ut
1593 2542 1603 2558 ,
1629 2515 1664 2550 Π
1680 2541 1691 2560 ,

1020 2570 1078 2614 787
1091 2595 1100 2612 ,
1129 2571 1292 2613 oblzssqumn
1319 2571 1445 2607 lumen,
1476 2567 1570 2612 quod
1590 2569 1691 2602 Bur—

1016 2633 1166 2656 mannus
1183 2628 1359 2666 comparat
1376 2633 1384 2654 :
1402 2627 1436 2655 at
1459 2621 1505 2655 ibi
1528 2621 1571 2655 de
1593 2621 1684 2655 invi-

1017 2672 1072 2706 dia
1086 2698 1095 2716 ,
1113 2686 1208 2707 nunc
1224 2673 1266 2706 de
1279 2672 1329 2706 ira
1342 2685 1458 2707 sermo
1470 2680 1530 2708 est.
1540 2672 1690 2707 —Bene

1016 2724 1243 2768 nonsartiter‚·
1259 2724 1357 2759 sortis
1376 2724 1471 2761 enim
1491 2724 1598 2760 animi
1614 2731 1664 2759 est
1677 2749 1687 2767 ,
