1820 3106
399 216 1089 278 METAM'OVRPHOSEON
1126 232 1254 276 ΜΒ.
1290 233 1385 277 xl.

1513 236 1602 295 259

179 326 383 395 Alipedis
407 325 460 376 de
480 325 617 392 stirpe
640 324 752 382 Dei,
778 336 951 373 versuta
973 343 1195 392 propago,

179 406 388 455 Nascitur
408 402 682 470 Autolycus,
704 402 872 451 furtum
897 402 1157 465 ingeniosus
1179 402 1234 452 ad
1260 423 1413 462 omne,

182 482 276 547 Qui
297 483 436 531 facere
457 480 661 530 adsuerat
675 519 687 538 ‚
711 481 864 548 patriae
884 500 979 529 non
1002 481 1192 545 degener
1214 481 1345 540 artis,

182 559 382 609 Candida
402 558 456 608 de
477 559 618 623 nigris
634 597 646 619 ‚
670 570 715 608 et
739 559 792 608 de
816 559 1109 608 candentibus
1132 571 1238 609 atra.

1541 575 1605 610 315

180 637 387 688 Nascitur
408 656 431 685 e
453 636 651 695 Phoebo,
677 655 866 703 namque
890 649 958 686 est
978 637 1103 686 enixa
1125 637 1360 701 gemellos,

179 714 383 764 Carmine
403 714 542 764 vocali
564 715 730 774 clarus,
756 715 1011 783 citharaque
1036 715 1328 765 Philammon.

179 793 303 858 Quid
326 793 549 861 peperisse
572 794 709 852 duos,
736 805 781 842 et
803 789 887 843 Di's
907 793 1126 860 placuisse
1149 794 1329 844 duobus
1343 833 1355 854 ‚

176 870 237 919 Et
254 870 359 920 forti
383 872 583 935 genitore
600 910 612 931 ‚
632 884 677 921 et
695 871 984 939 progenitore
1005 873 1199 921 Tonanti

177 949 286 998 Esse
311 960 450 998 satam
473 949 688 1018 prodest?
710 969 767 998 an
795 949 926 999 obest
947 969 1127 1017 quoque
1152 949 1292 1014 gloria
1315 949 1497 1000 multis?
1542 967 1609 1000 320

177 1077 378 1112 Mercurius
397 1076 610 1112 velocissima
627 1084 680 1112 est
697 1077 860 1111 omnium

175 1130 407 1176 planetarum.
417 1132 535 1164 Ed.—
544 1131 650 1173 Stz‘rps
663 1131 734 1164 Dei
740 1157 748 1171 ‚
762 1129 860 1165 Deus

176 1191 348 1230 quatenus
361 1190 436 1218 erat
450 1185 571 1226 stirps,
597 1188 714 1227 pater,
725 1196 859 1226 propa-

172 1240 281 1283 ginis.
302 1236 374 1271 filii.
383 1236 587 1280 Utrumque
601 1235 808 1270 vocabulum
817 1236 860 1271 ab

176 1291 358 1326 arboribus
374 1289 591 1325 translatum.
613 1289 669 1325 De
691 1290 861 1338 Autolyco

176 1343 299 1379 confer
308 1342 444 1389 Hygini
455 1341 609 1377 fabulam
619 1355 681 1377 201
697 1369 707 1386 ,
717 1350 752 1378 et
763 1343 861 1378 Phe-

176 1395 294 1444 recyd.
309 1395 343 1430 d.
357 1395 378 1429 l.
392 1395 446 1430 De
459 1395 610 1441 coniuge
623 1395 699 1440 ejus
710 1395 788 1430 vide
798 1409 860 1431 su-

175 1461 239 1494 pra
246 1448 338 1484 VIII
349 1474 359 1492 ,
374 1449 449 1495 738.
461 1448 494 1483 Is
507 1454 643 1493 poterat
655 1450 805 1482 candida
818 1450 859 1484 de

173 1505 294 1547 nigris,
308 1509 344 1537 et
353 1504 396 1536 de
406 1503 626 1536 candentibus
636 1501 832 1545 atmfacere
842 1514 854 1544 ,·

172 1561 286 1590 artem
297 1554 394 1590 enim
407 1560 585 1599 acceperat
601 1567 620 1588 a
635 1561 733 1600 patre
747 1561 783 1589 et
795 1566 859 1590 ‘co-

169 1605 283 1642 lorem
305 1613 342 1642 et
357 1605 509 1641 formam
530 1618 651 1640 rerum
674 1613 857 1653 raptarum

169 1658 331 1700 mutandi
353 1685 363 1703 ,
391 1672 438 1694 ne
463 1659 855 1705 deprehenderetur'in

165 1713 263 1748 furto
285 1712 527 1759 rapacissimus
553 1712 757 1759 Autolycus.
781 1712 856 1748 Se-

165 1764 325 1800 cundum
343 1765 589 1813 Pherecydem
608 1773 744 1811 poterat
762 1765 854 1800 furta

166 1820 303 1856 ἄλλοωῦν
325 1824 368 1859 εἷς
391 1821 407 1854 ὅ
425 1822 512 1856 θέλθι
537 1829 678 1870 μορφὶς,
706 1819 741 1854 id
759 1820 855 1865 quod

164 1870 267 1906 latius
280 1871 426 1916 explicat
441 1872 606 1919 Hyginus
621 1885 629 1907 z
650 1886 666 1901 «
682 1872 735 1907 Ut
747 1871 854 1917 quid-

168 1938 187 1954 »
203 1923 288 1970 quid
299 1925 521 1970 surripuisset
533 1952 542 1968 ‚
553 1925 590 1959 in
605 1938 854 1971 quamcunque

169 1989 187 2005 ι»
205 1974 360 2020 effigiem
383 1975 509 2019 vellet,
535 1984 852 2021 transmutaretur,

169 2042 187 2057 »
205 2040 247 2062 ex
261 2027 339 2062 albo
353 2027 388 2062 in
402 2028 545 2074 nigrum
556 2055 566 2073 ,
581 2030 636 2064 vel
648 2043 689 2064 ex
701 2030 804 2076 nigro
816 2030 854 2065 in

170 2094 188 2109 »ι
206 2079 324 2114 album
340 2106 349 2123 ,
373 2080 410 2114 in
431 2088 623 2116 cornutum
646 2095 688 2117 ex
703 2082 829 2117 mutilo
842 2109 851 2126 ‚

170 2146 188 2162 υ
204 2131 240 2166 in
261 2132 428 2167 mutilum
455 2146 496 2168 ex
519 2141 680 2169 cornuto.
698 2149 716 2165 ι»
739 2135 781 2170 ln
801 2135 853 2170 his

168 2184 300 2219 artibus
321 2196 394 2219 non
413 2187 556 2230 degener
572 2195 648 2222 erat
666 2186 784 2232 patris.
796 2187 852 2222 De

165 2235 348 2272 fraudibus
377 2245 412 2273 et
439 2237 540 2272 furtis
570 2238 740 2274 Mercurii
767 2242 858 2274 Jam·

167 2289 251 2325 Exc.
275 2290 332 2326 III
356 2290 398 2325 ad
417 2291 632 2335 Horatium,
662 2293 719 2327 lib.
741 2293 757 2328 I
781 2293 852 2329 Od.

163 2343 212 2378 ita
230 2342 364 2388 judicat
378 2356 387 2378 z
403 2358 421 2374 «
445 2344 631 2390 Quoniam
651 2346 770 2380 omnia
786 2373 795 2390 ,
814 2346 851 2380 in

165 2409 184 2426 υ
201 2396 329 2442 quibus
356 2397 490 2443 ingenii
511 2397 651 2433 solertia
672 2399 850 2443 cernitur,

166 2461 184 2476 »
202 2447 386 2483 Mercurio
406 2449 633 2493 tribuuntur,
654 2449 737 2484 hinc
753 2450 852 2485 Deus

166 2515 184 2530 »
200 2506 253 2535 est
271 2501 386 2536 omnis
405 2504 480 2535 doli
493 2515 531 2549 ac
541 2502 685 2546 fraudis
696 2529 704 2543 ‚
725 2502 761 2536 in
784 2516 852 2548 qua

165 2567 184 2582 »
201 2551 367 2587 callidum
385 2566 534 2589 acumen
552 2562 603 2589 est
616 2581 625 2598 ‚
644 2567 712 2599 qua
729 2555 846 2600 impo-

166 2619 184 2634 »τ
202 2604 300 2639 nitur
318 2612 355 2640 et
377 2605 536 2641 illuditur
559 2607 655 2650 aliis,
681 2607 734 2641 vel
759 2620 852 2652 pru-—

166 2670 185 2687 »
199 2656 320 2692 dentia
336 2657 427 2692 civili
442 2671 481 2694 ac
497 2659 617 2693 bellica
635 2659 849 2704 postulante,

167 2723 185 2740 u
203 2710 257 2744 vel
271 2711 378 2745 animi
392 2718 530 2746 tantum
543 2711 740 2747 oblectandi
752 2712 853 2747 inno-

166 2775 184 2794 »
200 2762 380 2808 centisque
398 2764 465 2808 joci
480 2764 628 2808 edendi,
648 2771 708 2800 aut
719 2765 852 2810 ingenii

926 1092 944 1108 »
962 1077 1172 1113 ostendendi
1187 1090 1288 1112 causa
1306 1091 1322 1112 :⁴
1334 1090 1405 1123 quo
1423 1076 1610 1115 reserenda

926 1146 944 1162 n
962 1145 992 1166 e.
1010 1145 1040 1178 g.
1053 1131 1145 1166 furta
1162 1132 1295 1176 jocosa,
1315 1131 1513 1177 praestigiae,
1529 1131 1611 1166 illu-

927 1200 945 1215 »
961 1184 1076 1219 siones
1101 1197 1269 1219 sensuum
1292 1191 1358 1219 etc.
1386 1184 1495 1229 Quod
1522 1185 1611 1219 uni·

928 1253 946 1268 »
963 1251 1102 1273 versum
1115 1251 1226 1283 quum
1235 1237 1347 1273 Graeci
1358 1243 1468 1280 κλοπὴν
1477 1264 1486 1282 ,
1497 1238 1614 1272 Latini

927 1304 945 1321 »ι
952 1289 1084 1334 furtum
1098 1289 1234 1334 dicant,
1254 1291 1396 1336 ipseque
1410 1290 1610 1325 Mercurius

926 1355 944 1372 >¹
962 1341 1044 1377 inde
1056 1347 1185 1393 ληϊστὴρ
1197 1368 1206 1386 ,
1225 1347 1358 1389 φιλητῶν
1377 1343 1510 1392 ὅρχαμὲς
1521 1340 1609 1386 ‚fian

926 1409 944 1424 »
951 1393 1092 1438 furibus
1107 1401 1208 1439 aptus
1224 1401 1288 1429 etc.
1306 1393 1444 1435 audiat;
1467 1393 1614 1428 fuerunt

926 1460 944 1476 »ι
961 1447 1021 1492 qui
1032 1445 1168 1492 decepti
1178 1446 1430 1481 vocabulorum
1440 1445 1613 1493 (quorum

925 1514 943 1530 »
961 1513 1114 1546 graecum
1136 1507 1171 1535 et
1193 1500 1345 1535 latinum
1369 1512 1471 1534 usum
1490 1499 1611 1534 nesci-

925 1567 943 1582 »
960 1559 1042 1590 rent
1053 1553 1219 1598 >speciali
1233 1559 1269 1587 et
1286 1553 1415 1588 notiori
1428 1551 1612 1598 significa-

924 1620 942 1636 »
960 1605 1054 1640 tione
1075 1632 1084 1650 ,
1113 1618 1197 1640 eum
1220 1604 1341 1640 surum
1369 1613 1405 1640 et
1431 1605 1611 1640 latronum

922 1673 941 1689 »
959 1660 1076 1702 (malo
1089 1656 1218 1704 sensu)
1233 1659 1354 1694 Deum
1366 1659 1534 1694 facerent.
1547 1674 1565 1690 »

968 1714 988 1747 3
995 1726 1007 1746 1
1015 1727 1031 1759 7
1037 1740 1044 1746 .
1056 1714 1212 1748 Carmine
1220 1717 1350 1752 vocali,
1365 1713 1613 1748 cantu.—-Ph1'-

919 1768 1076 1803 lammam.
1090 1765 1323 1801 Constantius
1341 1765 1511 1800 Fanensis
1526 1764 1614 1799 scri-

920 1817 1077 1852 bendum
1087 1824 1207 1853 censet
1219 1820 1418 1858 Phila-mon,
1441 1824 1480 1851 ut
1491 1817 1536 1852 sit
1546 1829 1611 1851 no—

921 1882 1005 1904 men
1022 1870 1064 1905 ab
1082 1877 1156 1905 arte
1173 1869 1320 1905 ductum
1335 1896 1344 1913 ‚
1363 1883 1383 1904 a
1400 1875 1482 1916 φίλως
1493 1895 1502 1913 ,
1521 1869 1611 1904 ami-

919 1935 998 1962 cus,
1017 1929 1053 1957 et
1070 1927 1141 1966 οἴμῃ
1158 1948 1167 1964 ,
1186 1929 1319 1956 cantus.
1330 1940 1374 1948 —
1386 1920 1608 1968 Opinionem

923 1973 1081 2009 constan
1087 1974 1123 2008 tii
1131 1974 1218 2009 Fan.
1227 1973 1345 2009 firmat
1354 1981 1476 2009 noster
1485 1973 1608 2008 Codex

921 2027 1053 2073 Regius
1069 2028 1100 2062 A
1113 2053 1123 2071 ,
1137 2028 1196 2073 qui
1212 2027 1319 2066 habet
1330 2054 1339 2071 ,
1357 2027 1447 2062 male
1464 2034 1583 2062 tamen
1597 2054 1607 2071 ,

919 2081 1112 2122 Pbt'lemon‚·
1131 2078 1254 2114 Codex
1271 2080 1301 2114 B
1313 2106 1322 2123 ,
1341 2082 1608 2115 Philammon.—

919 2133 952 2168 Is
974 2133 1068 2168 inter
1090 2132 1351 2179 antiquissimos
1371 2133 1519 2168 musicos
1540 2146 1606 2167 re-

917 2185 1031 2220 fertur
1041 2186 1149 2220 etiam
1161 2199 1180 2220 a
1194 2185 1383 2220 Plutarcho
1393 2185 1436 2220 de
1449 2185 1584 2220 Musica
1596 2212 1606 2229 ,

919 2253 952 2284 p.
973 2240 1066 2274 1132.
1099 2239 1238 2275 Choros
1266 2240 1446 2286 virginum
1474 2240 1608 2285 primus

918 2292 1106 2327 instituisse
1126 2293 1277 2328 traditur
1292 2307 1310 2328 a
1322 2293 1539 2340 Pherecyde.
1562 2312 1606 2319 --

919 2344 1033 2386 Mnsae
1050 2358 1132 2380 eum
1157 2346 1309 2380 canendi
1328 2347 1521 2382 certamine
1539 2359 1606 2381 su·-

918 2405 1081 2444 peratum
1092 2406 1212 2444 postea
1221 2399 1328 2434 oculis
1341 2399 1605 2445 privarunt.Ed.

963 2451 1038 2485 318.
1062 2452 1110 2484 Et
1133 2453 1214 2485 Dis.
1241 2452 1344 2486 Unus
1370 2451 1508 2486 Heinsii
1528 2453 1613 2496 quid

917 2504 997 2538 Dis.
1025 2504 1103 2539 Hac
1126 2504 1263 2549 generis
1282 2530 1291 2546 ,
1322 2504 1518 2538 amantium
1537 2530 1547 2547 ,
1573 2510 1608 2538 et

918 2557 1024 2602 prolis
1049 2557 1157 2602 gloria
1180 2557 1268 2591 elata
1291 2555 1430 2591 Chione
1449 2556 1550 2602 perit.
1564 2574 1609 2582 -

923 2610 1075 2642 Tonanti
1096 2621 1160 2653 pro
1183 2615 1321 2642 tonante
1348 2610 1360 2652 (
1381 2608 1475 2653 quod
1500 2607 1605 2644 habet

918 2668 1039 2697 noster
1058 2660 1188 2706 Regius
1205 2661 1260 2703 B)
1281 2673 1299 2694 e
1318 2661 1520 2696 melioribus
1542 2673 1606 2695 re-

917 2714 1010 2758 cepit
1041 2713 1209 2748 Heinsius
1238 2713 1298 2759 qui
1329 2721 1364 2748 et
1394 2715 1494 2749 malit
1524 2721 1607 2749 sata

913 2767 1064 2808 prodest.
