1820 3106
372 267 1064 317 METAMORPHOSEON
1096 269 1223 312 LIB.
1265 270 1324 312 X.

1480 272 1559 330 187

146 387 169 407 n
199 364 409 430 Quasque
432 362 591 412 creavit
605 399 618 418 ‚
640 361 723 409 init
744 360 935 428 pecudes
951 398 963 419 ‚
983 378 1112 427 caper
1135 381 1144 409 :
1169 361 1379 427 ipsaque,
1404 362 1527 426 cujus

145 463 170 484 »
196 440 368 490 Semine
391 452 603 506 concepta
625 451 717 497 est,
739 458 791 487 ex
813 438 890 487 illo
915 439 1112 505 concipit
1132 437 1233 486 ales.

147 541 171 562 »
195 517 383 576 Felices,
409 517 572 584 quibus
596 517 680 566 ista
703 515 862 566 licent!
887 517 1080 566 humana
1103 515 1315 579 malignas

147 618 171 639 »
199 596 322 647 Cura.
337 595 459 644 dedit
481 593 624 657 leges,
651 606 696 643 et
720 594 841 662 quod
866 596 1033 642 Natura
1055 593 1267 652 remittit,

1499 607 1564 642 330

146 695 171 716 n
196 671 351 734 Invida
370 673 470 738 jura
489 685 653 737 negant
673 693 682 721 :
704 685 855 736 gentes
878 684 1022 720 tamen
1046 691 1141 721 esse
1162 672 1388 729 feruntur,

145 773 170 795 »
198 752 250 799 In
272 750 437 818 quibus
461 756 506 800 'et
527 763 633 800 nato
658 751 880 815 genetrix,
906 763 951 800 et
971 762 1073 799 nata
1096 750 1267 818 parenti

144 850 168 872 κ
193 828 435 892 Jungitur‚
461 841 505 878 et
525 829 667 896 pietas
689 829 910 893 geminato
935 829 1090 878 crescit
1110 848 1270 877 amore.

145 930 168 951 >›
195 909 273 956 Me
294 909 496 963 miseram
511 946 523 966 ‚
551 908 674 975 quod
694 927 785 956 non
808 907 929 957 nasci
955 906 1065 955 mihi
1084 906 1273 969 contigit
1293 905 1384 954 illic
1399 943 1412 964 ‚

145 1009 169 1030 »
195 988 479 1054 Fortunaque
504 986 591 1035 loci
615 985 778 1034 laedor!
805 985 911 1052 quid
936 986 984 1033 in
1008 985 1093 1033 ista
1113 984 1350 1033 revolvor?

1502 996 1569 1032 335

145 1087 168 1107 »
193 1065 305 1132 Spes
328 1065 597 1123 interdictae,
624 1064 833 1114 discedite
854 1083 863 1111 :
888 1063 1051 1126 dignus
1076 1063 1211 1112 amari

145 1164 169 1185 ι)
195 1142 302 1201 Ille,
329 1143 404 1191 sed
427 1154 478 1191 ut
497 1154 647 1209 pater,
674 1154 770 1191 est:
796 1161 900 1205 ergo
923 1142 960 1190 si
980 1140 1070 1190 filia
1091 1141 1242 1204 magni

148 1242 171 1263 »ι
199 1221 304 1268 Non
330 1239 467 1270 essem
492 1220 686 1286 Cinyrae,
711 1220 882 1287 Cinyrae
905 1220 1197 1268 concumbere
1223 1237 1434 1286 possem&

147 1331 265 1366 The'crs
279 1331 400 1367 bcrab!
416 1332 521 1367 Hanc
536 1331 725 1378 germanici
737 1345 821 1366 car-

142 1382 249 1418 minis
269 1383 343 1418 vim
361 1384 411 1420 sic
433 1383 647 1430 interpretor
663 1397 671 1419 ι
689 1398 706 1414 «
726 1384 822 1430 Ergo

142 1433 207 1469 sub
215 1433 484 1480 ingravescentis
499 1434 650 1470 libidinis
663 1434 820 1481 pondere

143 1485 280 1532 dejecta
294 1499 336 1522 ex
352 1486 515 1522 humanae
530 1486 741 1523 conditionis
756 1487 822 1522 sas-

144 1535 228 1585 tigio
241 1538 278 1573 in
295 1538 487 1574 bestiarum
507 1538 668 1574 infimam
688 1546 821 1575 sortem

143 1587 253 1624 cadis!
268 1604 286 1619 υ
300 1592 367 1626 Ed.
377 1590 492 1626 —Sed
501 1598 583 1626 nota
592 1591 628 1625 in
638 1604 702 1636 sqq
711 1591 823 1626 varie-

143 1647 252 1679 tatem
267 1642 433 1678 orationis
443 1669 453 1687 ,
466 1656 535 1688 qua
547 1643 754 1678 concubitus
765 1656 823 1677 ex-

142 1692 307 1739 primitur
327 1707 336 1730 :
354 1697 449 1730 nullo
466 1698 596 1730 delectu
610 1722 619 1737 ,
643 1695 720 1730 sine
747 1695 823 1730 dis-

144 1745 304 1795 crimine.

187 1801 261 1837 328.
276 1801 416 1836 Senias.
428 1801 512 1836 Sixii
524 1800 820 1846 Codex,germ1·r1e‚

143 1858 183 1887 ut
190 1851 315 1895 libJX,
326 1853 546 1900 asa—Regii
556 1853 681 1898 nostri,
690 1858 824 1889 semine.

186 1906 262 1952 329.
273 1907 435 1940 Humana
444 1919 525 1941 cura
536 1933 545 1947 ,
563 1919 628 1952 pro
642 1906 804 1942 homines
813 1934 823 1951 ,

145 1957 206 2003 qui
219 1970 340 1992 curam
353 1964 480 2003 gerunt
496 1971 615 1993 rerum
626 1985 636 2003 ‚
655 1966 694 1994 ut
713 1960 748 2004 1,
761 1961 803 2004 48
814 1986 824 2004 ,

146 2021 228 2044 cura
240 2010 320 2045 Dei.
329 2027 374 2036 -
383 2011 561 2055 Malignas
570 2037 580 2055 ,
591 2011 736 2055 invidas,
748 2024 825 2057 quae

146 2059 307 2096 invident
322 2061 525 2098 bominibus
542 2062 722 2098 Venerem
738 2077 826 2100 con-

146 2115 513 2150 cessam—Remitten-
521 2141 530 2155 ‚
545 2115 737 2152 concedere
749 2143 759 2161 ,
771 2131 826 2152 ve-

147 2164 244 2200 niam
260 2164 353 2201 dare.
368 2185 413 2192 -
431 2167 556 2202 Gentes
574 2175 646 2202 tam
667 2169 826 2205 efferatas

147 2224 183 2253 et
199 2218 372 2253 immanes
381 2231 538 2264 unquam
548 2220 650 2255 fuisse
661 2221 825 2256 credibile

147 2284 222 2307 non
234 2278 296 2307 est.
307 2272 492 2318 Ingeniose
504 2280 622 2308 tamen
636 2274 734 2311 inum
747 2287 828 2310 mo·-

147 2336 225 2358 rem
246 2323 473 2358 commendat
488 2350 498 2366 ,
521 2327 636 2368 pietas
659 2329 827 2370 geminato

144 2380 267 2412 cresci!
278 2390 400 2412 amore.
412 2396 455 2403 —-—
470 2377 642 2413 Potuisset
653 2378 774 2422 etiam,
788 2387 828 2414 ut

145 2443 250 2476 supra
268 2431 388 2478 Byblis
400 2457 410 2474 ,
426 2430 586 2465 Deorum
605 2433 828 2469 auctoritates

147 2495 438 2533 commemorare.
446 2483 589 2529 Jupiter
600 2484 696 2518 enim
707 2492 742 2520 et
751 2498 829 2519 ma·-

149 2534 194 2568 tri
209 2540 371 2580 stuprum
388 2536 518 2570 inferre
542 2536 652 2570 voluit
668 2562 677 2579 ,
697 2543 731 2572 et
747 2550 829 2574 cum

147 2585 216 2620 filia
227 2587 413 2622 concubuit
425 2602 432 2629 ;
449 2588 510 2622 sed
522 2596 615 2623 recte
629 2588 701 2623 illas
713 2589 830 2626 omisit

149 2639 278 2674 Noster
294 2638 329 2672 in
350 2638 481 2684 flagitio
495 2666 504 2683 ‚
522 2641 621 2685 cujus
637 2641 829 2677 foeditatem

149 2690 248 2725 omni
264 2690 372 2724 modo
389 2700 575 2727 aversatur.
595 2712 638 2718 -
654 2693 830 2738 Equidem

147 2749 263 2787 gentes
276 2750 347 2778 tam
361 2744 520 2779 efferatas
534 2772 543 2788 ,
558 2752 596 2780 ut
606 2745 653 2779 ait
664 2759 692 2780 c.
703 2759 734 2779 v.
751 2748 830 2782 Gie-

151 2798 203 2840 rtssr
212 2822 222 2838 ,
254 2808 409 2842 unquam
428 2798 592 2846 exstitisse
609 2810 684 2833 non
701 2797 831 2834 crede-

886 1344 963 1366 rem
979 1358 988 1374 ,
1005 1330 1071 1365 nisi
1090 1329 1306 1376 Trogloditae
1321 1355 1331 1373 ,
1357 1328 1545 1373 AEthiopes
1557 1355 1567 1372 ‚

886 1385 1074 1419 brutorum
1094 1395 1196 1418 more
1213 1384 1370 1417 viventes
1388 1408 1396 1425 ‚
1419 1382 1569 1428 promis-

887 1449 951 1472 cua
974 1436 1137 1482 conjugia
1158 1436 1254 1470 inter
1278 1449 1313 1470 se
1339 1434 1539 1470 habuissent
1559 1449 1568 1476 ;

888 1487 953 1523 nisi
969 1488 1038 1533 ipse
1057 1488 1164 1522 Attila
1177 1514 1186 1530 ,
1205 1487 1261 1522 ille
1282 1488 1502 1525 Hunnorum
1519 1494 1569 1534 ty-

888 1553 1033 1583 rannus,
1041 1553 1140 1576 suam
1152 1539 1260 1574 filiam
1269 1539 1332 1574 sibi
1343 1539 1570 1574 matrimonio

887 1593 1055 1638 junxisset
1077 1595 1170 1628 inter
1190 1593 1432 1639 plaudentium
1450 1606 1569 1639 popu—

888 1646 1005 1681 lorum
1021 1646 1145 1692 gaudia
1163 1653 1198 1680 et
1215 1645 1490 1682 acclamationes.
1502 1647 1569 1680 Ed.

933 1699 1009 1734 335.
1020 1701 1167 1734 Fortuna
1183 1701 1255 1734 loci
1266 1700 1377 1740 loedor,
1389 1699 1568 1734 fortunam

888 1748 1002 1785 habeo
1014 1751 1195 1786 adversam
1209 1777 1218 1793 ,
1238 1750 1330 1796 quod
1348 1757 1429 1785 nata
1441 1763 1520 1785 sum
1532 1751 1568 1784 in

889 1804 930 1839 iis
943 1804 1039 1847 locis,
1053 1804 1112 1839 ubi
1125 1811 1196 1839 tam
1208 1804 1368 1848 malignae
1379 1803 1480 1849 leges.
1493 1805 1572 1837 For-

889 1863 971 1892 tuna
984 1857 1171 1891 Iocietiam
1187 1857 1281 1891 inter
1295 1857 1390 1891 Deas
1405 1856 1533 1898 relata;
1553 1857 1570 1891 Ι

892 1909 982 1944 Fast.
1003 1922 1079 1957 209.
1108 1909 1158 1943 Ea
1176 1922 1273 1944 casus
1289 1909 1446 1944 locorum
1464 1923 1571 1955 rege—

891 1962 947 1996 bat
962 1988 971 2005 ‚
987 1962 1088 2006 eique
1104 1962 1172 1995 sata
1182 1974 1243 1996 sua
1254 1987 1264 2004 ‚
1284 1973 1436 2006 quorum
1453 1973 1571 1995 causas

892 2025 964 2048 non
983 2013 1223 2058 intelligebant
1235 2038 1244 2055 ,
1262 2012 1424 2048 homines
1442 2012 1573 2048 adscri-

890 2065 1020 2099 bebant
1034 2079 1042 2106 ;
1058 2078 1162 2110 supra
1179 2064 1232 2100 lv
1243 2091 1252 2108 ‚
1274 2065 1358 2106 565;
1382 2065 1545 2103 Lucanus
1560 2091 1570 2108 ,

893 2117 966 2161 IV,
984 2117 1060 2152 66ι.
1078 2117 1135 2152 Ad
1153 2130 1230 2152 eam
1252 2117 1359 2163 igitur
1375 2118 1483 2154 etiam
1499 2131 1572 2153 na-

892 2169 1063 2205 tivitatem
1079 2183 1179 2207 suam
1194 2171 1301 2205 refert
1319 2170 1478 2218 Myrrha.
1495 2173 1573 2206 Le-

891 2225 983 2258 ditur
993 2225 1143 2258 Fortuna
1160 2223 1188 2258 is
1201 2249 1210 2266 ‚
1230 2222 1291 2267 qui
1302 2223 1483 2257 fortunam
1501 2222 1572 2256 ha—

891 2275 951 2313 bet
970 2288 1167 2310 novercam.
1187 2275 1241 2312 IV
1258 2288 1299 2309 ex
1318 2276 1422 2310 Pont.
1439 2286 1478 2309 VI
1492 2301 1501 2318 ‚
1517 2275 1571 2321 39.

936 2328 1012 2362 335.
1027 2329 1161 2372 Dignus
1176 2331 1296 2362 amari.
1309 2327 1386 2365 Art.
1404 2327 1520 2361 Amat.
1534 2326 1550 2360 I
1562 2352 1572 2369 ,

894 2382 957 2416 285
969 2407 978 2424 ,
996 2382 1138 2427 Myrrha
1139 2387 1270 2424 patrem
1282 2408 1289 2420 ,
1306 2382 1440 2414 sednon
1452 2381 1573 2425 utfilt'a

893 2434 1003 2473 debet,
1021 2436 1158 2467 amavit.
1172 2431 1288 2467 Ed.--
1298 2432 1423 2475 Magni
1432 2433 1575 2477 Cinyrae.

894 2485 1092 2520 Ditissimus
1109 2493 1145 2519 et
1162 2485 1421 2530 potentissimus
1438 2484 1503 2518 suit
1517 2482 1575 2518 Ci-

894 2551 1009 2586 nyras.
1036 2539 1067 2572 A
1084 2537 1193 2572 Suida
1218 2538 1254 2571 in
1271 2543 1386 2587 Κίνυρα
1399 2563 1408 2579 ,
1432 2543 1575 2571 vocatur

895 2593 1070 2632 ζάπλουτος.
1088 2589 1170 2624 Fuit
1185 2589 1290 2624 etiam
1308 2589 1467 2635 proverb.
1478 2591 1575 2625 Κινύ-

893 2659 944 2692 ρου
972 2645 1186 2692 πλουσιώτερος
1207 2641 1298 2688 apud
1324 2641 1545 2687 Apostolium
1563 2668 1573 2686 ,

899 2694 1003 2751 Cent5
1016 2695 1117 2738 XIX,
1128 2696 1190 2738 403
1205 2694 1346 2730 Pindar.
1362 2695 1575 2737 Nem.vm,

897 2758 959 2789 20,
977 2756 1079 2790 Οσπερ
1101 2752 1153 2782 καὶ
1177 2748 1308 2796 Κινύραν
1335 2749 1347 2780 'c‘
1366 2762 1430 2795 pto-e·
1458 2748 1577 2791 πλούτῳ

898 2804 1002 2843 ποντίᾳ
1019 2802 1047 2833 ’έν
1062 2815 1130 2835 ποτε
1143 2801 1265 2848 Κύπρῳ.
1278 2798 1452 2845 Tyrtaeus,
1469 2810 1575 2833 carm-
