1820 3106
224 259 306 304 156

601 262 653 306 Ρ.
691 261 924 307 OVIDII
956 261 1259 308 NASONIS

216 353 413 401 Humani
437 354 607 416 generis
632 355 888 418 longissima
910 376 1045 419 regna
1068 356 1238 405 tenetis.
1593 369 1638 406 35

185 427 195 433 ⁷
216 433 322 481 Haec
344 452 522 499 quoque
537 470 549 492 ,
577 453 713 500 quum
735 433 879 498 justos
903 447 1073 484 matura
1095 434 1315 501 peregerit
1338 453 1476 485 annos
1491 472 1503 494 ,

214 509 338 557 Juris
363 509 447 558 erit
471 511 604 558 vestri
624 531 635 558 :
655 529 738 577 pro
760 531 939 560 munere
964 511 1189 578 poscimus
1212 529 1353 558 usum.

216 586 357 649 Quod
378 586 415 634 si
439 586 527 635 fata
548 600 711 649 negant
734 588 904 636 veniam
928 607 1012 654 pro
1037 588 1223 652 conjuge
1238 581 1444 645 ‚'certum
1468 598 1536 636 est

154 712 161 714 .
214 662 346 712 Nolle
370 664 512 712 redire
535 664 646 712 mihi
665 684 676 713 ε
695 664 785 713 leto
809 665 995 729 gaudete
1019 665 1221 713 duorum.
1249 687 1271 708 »

216 739 341 788 Talia
363 740 605 808 dicentem,
631 761 879 809 nervosque
903 743 958 790 ad
981 743 1114 791 verba
1136 754 1382 790 moventem
1397 780 1409 801 ,
1596 754 1641 800 4⁰

216 819 474 881 Exsangues
496 818 660 866 flebant
681 819 834 868 animae
854 839 864 867 ε
884 838 965 868 nec
988 819 1200 868 Tantalus
1218 819 1382 867 undam

221 896 424 961 Captavit
445 896 670 958 refugam3
697 897 957 963 stupuitque
983 896 1152 945 Ixionis
1178 896 1300 944 orbis
1322 915 1331 942 ε

218 972 311 1021 Nec
335 991 534 1039 carpsere
556 973 679 1037 jecur
701 973 929 1033 volucres3

219 1107 260 1142 Il.
272 1106 320 1150 O,
338 1107 398 1142 251
412 1134 421 1151 ,
436 1107 516 1152 δῶμ’
527 1112 645 1150 Αῒδκος
659 1108 844 1150 Horatius,
859 1109 876 1143 I
887 1134 896 1152 ,

219 1158 291 1193 Od.
308 1170 347 1192 1v
359 1185 368 1203 ,
386 1172 429 1193 20
441 1186 450 1203 ,
468 1162 586 1195 domus
609 1163 710 1195 exilis
728 1162 899 1196 Plutonia.

219 1213 488 1256 -Longis-st'ma.
506 1213 610 1247 Unus
622 1213 828 1248 Basileensis
845 1217 900 1248 la-

217 1266 361 1298 tissima.
372 1264 525 1310 —Regii
542 1266 652 1299 nostri
669 1267 877 1309 longisszma.

262 1314 514 1355 35.Just1·aam·‚
527 1315 606 1349 satis
616 1315 739 1361 longus
749 1316 826 1351 vitae
835 1323 900 1350 ter-

221 1365 349 1401 minus.
360 1366 434 1401 Cic.
445 1366 488 1400 ad
499 1366 571 1402 Att.
584 1367 632 1411 V,
644 1381 661 1400 2
672 1393 681 1410 ‚
690 1368 790 1410 justa
798 1394 806 1410 ,
820 1367 900 1403 satis

219 1417 322 1463 longa
334 1444 343 1462 ,
360 1421 501 1462 itinera;
519 1419 642 1453 Amor.
656 1419 691 1453 11
706 1445 715 1462 ,
731 1430 795 1454 nv
807 1445 817 1462 ,
839 1421 877 1462 14
888 1445 897 1463 ,

210 1470 313 1515 justa
315 1474 475 1516 pondera,
485 1479 643 1507 maturus
651 1473 900 1518 partus.—Ho-

218 1523 358 1557 minum
385 1524 550 1569 opinione
571 1525 691 1570 injusti
714 1531 796 1560 sunt
817 1525 900 1559 anni

218 1587 343 1610 eorum
359 1576 418 1621 qui
430 1577 528 1612 citius
540 1576 583 1611 de
596 1577 664 1611 vita
677 1577 877 1624 demigrant
888 1604 897 1621 ,

219 1628 454 1674 dicunturque
490 1637 570 1664 ante
591 1630 687 1664 diem
714 1631 788 1676 rapi
802 1657 812 1674 ,
839 1643 900 1665 seu

219 1681 343 1715 emori.
355 1683 616 1717 Ed.——Matura.
635 1682 726 1717 Rod.
742 1682 808 1728 legi
827 1682 902 1717 vult

218 1739 340 1767 natura
352 1760 360 1774 ,
387 1734 561 1779 vertitque
575 1760 584 1777 ,
602 1737 691 1769 nach
713 1737 902 1769 erreichtem

219 1787 430 1819 natdrlichen
441 1787 542 1820 Ziele.
554 1786 661 1820 Putat
672 1812 680 1829 ,
700 1785 766 1821 hoc
776 1786 902 1820 melius

220 1837 351 1882 opponi
368 1837 446 1872 neci
461 1838 633 1874 violentae.
647 1838 797 1884 Vulgata
810 1839 901 1873 bene

221 1901 256 1922 se
264 1888 382 1923 habet:
393 1896 533 1931 matura,
546 1890 616 1925 scil.
624 1890 736 1933 annis,
747 1897 806 1924 aut
814 1901 900 1932 aevo,

221 1941 316 1986 quod
324 1942 438 1977 interd
444 1955 505 1976 um
514 1942 663 1976 additur.
674 1941 810 1977 Contra
819 1943 904 1977 Pro-

220 1994 370 2039 pertius,
384 1996 450 2037 IV,
468 2005 506 2028 XI
519 2021 528 2038 ,
548 2008 600 2040 17,
614 1999 810 2035 immatura,
826 2007 902 2039 quae

221 2046 372 2080 moritur
382 2046 419 2079 in
429 2045 516 2080 flore
528 2046 635 2080 aetatis
647 2060 654 2088 ;
667 2046 838 2089 Tibullus,
851 2046 901 2090 ΙΙ,

220 2108 260 2132 Vl
272 2124 281 2141 ,
301 2111 343 2145 29
354 2123 363 2140 ,
381 2101 559 2132 immatura
575 2110 659 2133 ossa.
681 2098 814 2133 Passim
828 2111 903 2132 ma-

221 2156 297 2184 tura
312 2156 411 2190 aelas,
436 2153 563 2183 maturi
574 2153 684 2191 anni5
701 2149 779 2183 vide
789 2150 904 2184 Bent-

220 2203 329 2238 leium
339 2203 382 2238 ad
399 2203 589 2238 Horatium
601 2230 610 2247 ,
624 2203 667 2238 A.
682 2206 752 2248 ¹57·
765 2204 903 2237 Matura

221 2258 317 2301 loqui
340 2254 383 2290 de
414 2268 497 2290 sene
525 2255 617 2300 apud
644 2254 880 2289 Claudianum
891 2282 900 2296 ,

220 2306 331 2342 Laud.
352 2306 459 2342 Stilic.
481 2307 539 2350 II,
562 2307 774 2354 169.-Jur1's
785 2310 896 2348 vestri,

220 2359 257 2394 in
281 2366 393 2394 vestra
417 2365 586 2404 potestate
603 2385 612 2403 ,
640 2365 679 2394 ut
701 2358 793 2392 insra
814 2372 901 2393 vers.

224 2412 311 2455 725;
333 2409 407 2444 Cic.
429 2409 520 2444 Phil.
540 2410 614 2453 IV,
633 2411 675 2453 4,
699 2412 760 2443 sub
775 2410 855 2454 jure
871 2416 906 2443 et

220 2465 358 2507 imperio
373 2464 533 2496 consulis.

266 2515 319 2549 38.
341 2516 441 2558 Quod
462 2517 498 2547 si
506 2514 591 2558 sata
611 2519 740 2558 negant.
760 2512 902 2558 Despe-

223 2566 331 2600 rantis
351 2566 459 2600 animi
477 2565 662 2600 declaratio
675 2592 684 2609 ,
706 2578 775 2610 qua
797 2578 902 2600 com-

225 2616 331 2651 mode
355 2617 466 2651 finem
489 2618 569 2652 sacit
591 2617 730 2652 dicendi
751 2630 758 2651 :
783 2623 905 2661 negant

224 2673 372 2710 wmbm,
389 2682 462 2703 non
479 2670 678 2704 concedunt
694 2670 786 2715 quod
800 2673 880 2716 peto
894 2685 901 2713 ;

224 2733 302 2755 non
326 2720 524 2755 concedunt
545 2721 632 2755 mihi
654 2722 789 2766 copiam
810 2734 903 2755 con-—

228 2774 329 2820 jugis.
346 2773 491 2819 Cicero,
511 2773 575 2810 Or.
592 2775 631 2820 1,
650 2789 705 2819 21,
722 2777 800 2810 date
809 2777 904 2809 nobis

955 974 1167 1040 urnisque
1189 985 1398 1023 vacarunt

963 1112 1052 1144 banc
1066 1112 1214 1150 veniam,
1233 1108 1376 1143 annuite
1392 1107 1550 1153 precibus
1560 1120 1644 1144 nos-

964 1162 1025 1196 tris
1037 1188 1046 1205 ,
1066 1169 1105 1196 ut
1124 1168 1218 1196 recte
1235 1160 1379 1206 explicat
1401 1159 1538 1195 Harles.
1563 1160 1644 1206 Hy-

965 1213 1066 1259 ginus
1083 1239 1091 1257 ,
1110 1213 1176 1247 fab.
1202 1214 1243 1256 45
1256 1238 1265 1256 ,
1291 1213 1447 1246 Pandion
1468 1213 1568 1246 Tereo
1582 1223 1643 1246 ve-

963 1268 1054 1300 niam
1072 1267 1181 1307 dedit,
1201 1265 1308 1299 filiam
1321 1291 1329 1307 ,
1354 1277 1460 1310 quam
1481 1261 1642 1309 petebat,

965 1320 1131 1354 comitem
1158 1318 1276 1361 dedit,
1304 1318 1363 1352 ubi
1384 1317 1453 1351 vid.
1479 1317 1644 1351 Munke-

965 1385 1034 1406 rus.
1051 1371 1167 1405 Etiam
1182 1372 1323 1415 gaudete
1342 1369 1556 1414 desperantis
1573 1375 1643 1411 est,

966 1430 1001 1457 et
1027 1423 1118 1457 bene
1144 1422 1187 1457 de
1213 1422 1407 1456 immitibus
1431 1420 1509 1457 Diis
1534 1433 1644 1455 usur-

965 1482 1087 1520 patum
1104 1501 1114 1517 ,
1139 1474 1199 1520 qui
1222 1486 1346 1508 omnes
1366 1472 1527 1508 homines
1548 1471 1590 1507 ad
1609 1484 1645 1506 se

965 1526 1116 1572 rapiunt.

1010 1579 1063 1622 4ο.
1080 1579 1182 1612 Talia
1192 1579 1363 1611 dicentem.
1374 1577 1456 1611 Non
1471 1575 1545 1610 sine
1557 1575 1646 1609 sruc-

966 1637 1005 1665 tu
1021 1630 1087 1664 suit
1103 1630 1176 1664 haec
1194 1629 1268 1664 talis
1288 1629 1410 1664 oratio.
1431 1628 1472 1663 Id
1491 1626 1645 1672 jucunde

966 1680 1173 1717 describitur
1181 1694 1221 1715 ex
1231 1680 1425 1715 imitatione
1436 1678 1573 1724 Virgilii
1581 1678 1613 1713 d.
1624 1678 1645 1713 l.

967 1742 1002 1769 et
1016 1734 1139 1768 Horat.
1153 1733 1189 1767 ΙΙ
1202 1759 1211 1774 ,
1231 1732 1302 1767 Od.
1320 1743 1390 1765 xl11
1405 1758 1414 1774 ,
1435 1732 1566 1774 21-40,
1585 1729 1646 1763 ubi

968 1786 1103 1820 Alcaeus
1125 1792 1160 1819 et
1184 1783 1302 1829 Sapho
1325 1783 1484 1818 similiter
1501 1788 1647 1816 movent

965 1839 1105 1873 inferos.
1132 1836 1237 1871 Cons.
1252 1843 1293 1888 xqt
1317 1836 1474 1878 Seneca,
1503 1834 1536 1868 d.
1560 1834 1582 1868 l.
1610 1840 1646 1868 et

969 1889 1182 1925 Claudianus
1196 1914 1205 1932 ,
1228 1888 1271 1922 R.
1290 1888 1330 1922 P.
1349 1887 1384 1922 ΙΙ
1400 1913 1409 1931 ,
1431 1887 1496 1921 330
1514 1898 1589 1931 sqq.
1603 1903 1648 1911 --

967 1941 1144 1985 Besugam.
1156 1938 1349 1973 ·Leidensis
1359 1937 1561 1982 profugam5
1585 1949 1648 1971 se·-

966 1992 1101 2026 cundus
1126 1990 1304 2026 Palatinus
1319 1992 1481 2033 refluanq
1508 1988 1646 2022 Thuan.

964 2058 1093 2079 amnem
1110 2042 1324 2087 refugum.—-
1335 2042 1436 2087 Regii
1454 2040 1562 2075 nostri
1582 2053 1647 2073 un—

965 2099 1044 2131 dam
1054 2093 1648 2140 refugam.-BesugumstumenTan-

966 2150 1024 2184 tali
1038 2147 1183 2183 Heroid.
1197 2147 1323 2182 XVIII
1337 2173 1346 2190 ,
1367 2147 1448 2188 1823
1468 2145 1580 2190 refugi
1591 2148 1646 2178 la—

964 2206 1048 2236 tices
1064 2200 1247 2236 Claudian.
1262 2201 1317 2243 ll,
1335 2200 1369 2234 in
1386 2199 1508 2234 Rufin.
1526 2202 1647 2246 509.—

970 2256 1087 2295 Orbis,
1111 2261 1205 2294 rota,
1225 2260 1265 2288 ut
1282 2254 1333 2288 IX
1346 2279 1355 2296 ,
1379 2253 1462 2294 123;
1480 2251 1647 2297 Virgilius

965 2309 1096 2341 Ixionii
1110 2314 1185 2341 rota
1203 2309 1357 2342 constitit
1372 2308 1470 2339 orbis.
1491 2303 1559 2338 Sed
1580 2303 1647 2337 hoe

965 2358 1042 2393 loco
1063 2361 1209 2402 stupuit,
1237 2356 1331 2402 quod
1350 2356 1391 2390 ab
1411 2354 1645 2390 animantibus

966 2410 1171 2444 translatum
1199 2416 1250 2444 est
1268 2435 1277 2452 ,
1304 2415 1343 2442 ut
1369 2406 1459 2452 apud
1485 2406 1645 2450 Propert.

967 2462 1033 2504 IV,
1051 2472 1089 2495 X1
1104 2487 1113 2504 ,
1131 2461 1173 2494 23
1185 2486 1194 2504 ,
1213 2465 1348 2498 taceant
1357 2460 1487 2492 Ixionis
1496 2458 1646 2490 orbes.—

969 2515 1126 2557 carpsere
1132 2513 1251 2557 jecur,
1274 2518 1312 2544 ut
1330 2510 1397 2552 IV,
1412 2523 1473 2554 ²¹7
1487 2534 1496 2552 ,
1514 2520 1646 2551 carpere

959 2569 1099 2610 pabula.
1130 2563 1334 2600 Secundum
1365 2562 1539 2596 Senecam
1562 2559 1595 2594 d.
1622 2560 1644 2594 l.

966 2618 1054 2652 adeo
1070 2619 1208 2652 increvit
1229 2617 1262 2649 T
1258 2617 1324 2662 ityc'
1328 2614 1438 2657 jecur.
1455 2631 1499 2638 --
1523 2613 1644 2647 Vaca-

965 2677 1059 2710 runt,
1079 2681 1178 2702 more
1195 2666 1398 2711 aquantium
1418 2663 1620 2698 ancillarum
1633 2688 1642 2705 ,

967 2733 1043 2766 quae
1058 2747 1068 2764 ,
1087 2720 1172 2754 dum
1190 2718 1372 2763 quiescunt
1390 2723 1450 2751 aut
1464 2715 1619 2761 garriunt
1635 2740 1645 2756 ,

966 2773 1148 2818 deponunt
1166 2771 1299 2806 interea
1317 2781 1422 2804 urnas
1435 2794 1445 2813 ,
1468 2765 1645 2813 quemad-
