1820 3106
290 253 376 296 382

669 255 721 297 P.
761 254 990 299 OVIDII
1028 255 1326 302 NASONIS

290 343 489 403 Molliet‚
513 357 590 394 aut
613 345 757 413 aliqua
781 348 995 414 producet
1015 348 1200 398 callidus
1226 363 1329 400 arte.

292 420 408 469 Ante
432 432 548 468 retro
576 421 736 471 Simois
760 423 889 482 fluet,
914 435 956 472 et
980 424 1071 473 sine
1095 425 1327 475 frondibus
1352 426 1428 475 Ide

289 496 460 555 Stabit,
483 510 527 545 et
550 497 759 546 auxilium
783 501 1008 565 promittet
1031 502 1195 550 Achaia
1218 503 1384 568 Trojae,

1639 517 1704 552 325

290 573 434 636 Quam
448 612 459 632 ‚
482 587 675 623 cessante
699 594 795 623 meo
819 595 902 642 pro
922 578 1077 626 vestris
1101 590 1277 644 pectore
1298 579 1430 627 rebus
1449 616 1461 637 ‚

286 651 433 715 Ajacis
456 651 606 699 stolidi
624 653 789 702 Danais
809 652 1001 701 sollertia
1026 656 1184 720 prosit.

287 728 358 776 Sis
381 727 481 776 licet
504 729 688 778 infestus
714 730 864 789 sociis,
888 731 1068 797 regique
1092 768 1104 789 ‚
1126 730 1321 797 mihique
1336 768 1347 790 ‚

288 805 411 852 Dure
432 804 698 863 Philoctete;
723 806 825 855 licet
848 825 1065 856 exsecrere
1081 846 1092 866 ,
1114 819 1346 875 meumque

286 882 511 930 Devoveas
535 882 628 930 sine
650 882 733 931 fine
757 896 889 950 caput
905 921 916 942 ,
942 883 1180 951 cupiasque
1205 882 1371 932 dolenti

1635 899 1701 932 330

286 961 364 1008 Me
389 959 473 1007 tibi
495 959 608 1007 forte
633 959 749 1017 dari,
774 972 1065 1027 nostrumque
1086 961 1261 1010 haurire
1282 979 1478 1009 cruorem
1495 997 1507 1017 ‚

285 1038 434 1102 thue
456 1035 522 1083 tui
540 1036 667 1094 mihi,
690 1035 751 1085 sic
772 1036 848 1084 fiat
874 1035 956 1084 tibi
980 1038 1107 1104 copia
1133 1039 1274 1086 nostri
1295 1057 1305 1096 ;

283 1142 350 1185 604
363 1155 433 1187 sqq.
449 1159 492 1168 ·-
505 1145 670 1177 producet
687 1156 705 1177 e
721 1142 860 1178 latebris
875 1143 962 1178 suis:

283 1196 428 1228 callidus
450 1196 564 1238 aliqua
587 1201 679 1235 urle,
702 1194 824 1229 callido
848 1195 961 1240 aliquo

284 1246 436 1281 consilio.
456 1246 573 1291 Vulgo
588 1249 767 1290 perducet5
795 1247 961 1282 Heinsius

283 1300 508 1334 scribendum
534 1307 652 1335 censet
678 1313 685 1334 :
703 1303 866 1345 producet
889 1304 961 1336 alia

280 1357 352 1386 arte
360 1363 374 1393 ,⁹
389 1351 468 1396 quia
480 1358 515 1386 et
528 1351 702 1396 eloquium
718 1365 772 1387 ars
784 1354 959 1388 est.—Re—

281 1404 327 1450 gii
345 1404 477 1438 codices
494 1405 596 1438 ambo
611 1407 769 1448 perducet
785 1418 795 1439 :
814 1405 958 1440 varietas

280 1470 321 1491 ex
346 1456 429 1490 vitio
449 1457 625 1502 scripturae
656 1457 817 1492 breviatae
845 1458 958 1502 potuit

281 1508 365 1542 oriri
378 1522 385 1549 ;
401 1520 552 1552 namque
567 1508 604 1541 in
614 1521 679 1551 per
691 1515 726 1542 et
735 1522 800 1552 pro
817 1509 890 1543 leve
906 1515 957 1543 est

284 1558 481 1593 discrimen.
495 1560 560 1593 Ed.

323 1610 398 1652 324.
411 1609 501 1643 Ante
514 1615 598 1643 retro
612 1610 733 1642 Simois
746 1616 810 1644 etc.
830 1609 954 1654 Quum

283 1659 410 1705 aliquid
437 1660 515 1694 sieri
542 1673 639 1705 posse
665 1668 776 1706 poetae
799 1668 927 1707 negant
943 1686 953 1704 ‚

279 1725 460 1748 recursum
479 1712 551 1747 sere
573 1712 761 1747 fluviorum
785 1715 830 1757 (e
846 1727 955 1759 graeco

279 1767 440 1812 proverb.
452 1768 513 1801 ἄνω
524 1772 664 1810 ποταμῶν
672 1792 682 1808 ,
690 1766 846 1810 Euripid.
857 1766 955 1800 Med.

279 1820 344 1862 410
366 1816 382 1863 )
409 1823 511 1863 atque
536 1817 600 1851 alia
628 1824 762 1852 naturae
782 1817 954 1851 contraria

277 1875 557 1904 commemorant
575 1881 583 1903 ι
605 1870 726 1903 confer
750 1868 861 1912 XIV,
886 1869 952 1910 38;

279 1920 425 1955 Heroid.
446 1921 501 1964 V,
528 1934 591 1967 29;
615 1920 753 1954 ITrist.
784 1930 854 1953 ΠΗ
880 1919 955 1954 init.

280 1974 469 2008 Horatium
480 1999 488 2015 ,
502 1973 537 2015 I,
550 1971 622 2007 Od.
638 1983 721 2005 xx1x
733 1998 742 2014 ‚
765 1985 777 2005 1
788 1986 800 2005 1
818 1985 826 2012 ;
845 1970 955 2005 Clau-

278 2026 441 2067 dianum,
458 2024 585 2059 XVIII
599 2050 607 2066 ,
623 2024 686 2059 352
699 2036 770 2068 sqq.
787 2023 954 2068 Exempla

273 2085 394 2111 >autem
432 2076 505 2111 haec
541 2082 660 2110 nostra
694 2075 952 2109 accommodata

276 2135 358 2162 sunt
370 2139 526 2172 personae
541 2126 727 2171 loquentis,
745 2126 877 2168 etloco,
893 2125 951 2160 ubi

277 2180 350 2215 haec
357 2178 741 2225 gerebantur.—Simois
750 2190 856 2222 prope
865 2177 896 2211 T
899 2189 951 2211 ro-

276 2233 348 2277 jam
364 2243 445 2265 cum
466 2229 681 2265 Scamandro
704 2241 807 2273 aquas
828 2229 952 2262 misce-

278 2283 357 2322 bat;
378 2282 417 2316 Il.
434 2289 459 2316 E
472 2307 481 2323 ,
507 2282 580 2325 774.
595 2299 639 2305 —
658 2279 744 2313 Mox
760 2280 925 2324 quaeritur
940 2305 949 2323 ,

277 2340 398 2367 utrum
417 2335 490 2366 sine
499 2331 699 2375 frondibus,
723 2343 767 2364 an
782 2342 863 2365 cum
881 2342 951 2363 uno

277 2384 346 2418 MS
365 2383 500 2417 Heinsii
512 2381 746 2426 sinesontibus
764 2381 951 2427 legendum

276 2435 329 2468 sit.
345 2436 406 2468 Ide
424 2441 567 2467 vocatur
584 2436 720 2467 humida
740 2433 796 2467 lib.
812 2433 844 2466 X
858 2459 867 2476 ,
888 2446 923 2477 71
940 2447 949 2474 ;

268 2488 424 2531 fontibus
449 2489 658 2521 celebem'ma
682 2486 718 2520 ΙΙ
739 2512 748 2530 ,
776 2487 839 2520 218
857 2511 866 2529 ‚
892 2486 951 2519 ubi

278 2540 356 2574 vide
369 2547 440 2574 not.
453 2546 489 2574 et
498 2542 652 2574 umbrosa
667 2540 740 2583 XI,
760 2539 831 2584 762.
842 2538 951 2573 Pine-

280 2592 321 2626 tis
337 2591 495 2636 inprimis
519 2590 737 2632 abundabat3
763 2589 925 2636 Virgilius
939 2617 949 2635 ‚

279 2643 418 2677 AEneid.
434 2643 485 2677 IX
496 2668 505 2686 ,
520 2643 561 2676 80
573 2655 634 2687 sqq
647 2642 761 2684 Junde
778 2655 881 2676 naves
900 2643 952 2675 fa-

277 2695 400 2728 bricari
415 2695 570 2729 solebant
587 2709 594 2729 :
614 2696 737 2730 Horat.
752 2696 769 2729 1
781 2721 790 2738 ‚
809 2694 879 2730 Od.
896 2706 950 2729 xv.

280 2746 395 2780 Etiam
407 2747 460 2781 lv
470 2746 560 2782 Fast.
574 2748 655 2792 249,
674 2747 796 2781 eadem
806 2746 951 2781 varietas

1026 1152 1078 1180 est
1090 1171 1099 1188 ,
1117 1146 1175 1179 ubi
1189 1158 1252 1191 pro
1265 1136 1587 1189 atna’nanisontibus
1597 1145 1679 1179 Iden
1688 1171 1697 1184 ‚

1026 1204 1177 1243 quatuor
1187 1197 1320 1233 codices
1326 1197 1517 1241 frondibus.
1531 1197 1611 1232 Hoc
1624 1196 1700 1231 loco

1025 1249 1171 1296 praefero
1190 1253 1263 1284 sine
1276 1249 1477 1293 frondibus,
1496 1248 1698 1284 auctoritate

1025 1301 1254 1347 plurimorum
1270 1300 1376 1335 MSS.
1389 1300 1614 1334 Burmannus
1631 1312 1700 1344 pu-

1025 1360 1094 1396 tat,
1112 1360 1154 1400 τῴ
1164 1355 1270 1393 stabit
1279 1352 1400 1386 melius
1413 1351 1600 1386 convenire
1602 1351 1698 1396 fron·
1727 1363 1733 1365 ⁴

1022 1407 1120 1439 dibus
1132 1415 1142 1435 -'
1158 1404 1218 1439 sed
1235 1404 1300 1438 hoc
1313 1403 1410 1438 nihili
1423 1411 1474 1438 est
1489 1416 1497 1438 :
1514 1416 1615 1438 mons
1625 1403 1697 1438 ele-

1023 1464 1145 1501 gauter
1167 1463 1256 1490 stare
1272 1455 1418 1499 dicitur,
1442 1468 1506 1500 pro
1529 1455 1694 1500 simplici,

1021 1520 1094 1541 esse
1106 1534 1114 1547 ,
1133 1507 1285 1551 adeoque
1299 1507 1364 1540 hoc
1375 1507 1519 1541 verbum
1534 1505 1695 1549 cumson—

1020 1561 1108 1592 tibus
1127 1571 1199 1591 non
1220 1557 1336 1592 minus
1356 1570 1460 1601 quam
1474 1557 1697 1600 cumsrondi-

1020 1611 1097 1649 bus,
1112 1607 1294 1650 convenit;
1307 1607 1487 1651 Horatius,
1501 1608 1517 1642 I
1529 1634 1538 1651 ,
1554 1607 1623 1642 Od.
1636 1618 1672 1641 1¹
1682 1633 1692 1650 ,

1024 1675 1036 1695 ι
1062 1673 1070 1694 :
1093 1663 1211 1699 Vides.
1241 1668 1279 1695 ut
1295 1662 1368 1693 alta
1392 1666 1459 1694 stet
1476 1663 1551 1695 nive
1572 1662 1694 1694 candi—-

1019 1712 1096 1746 dum
1111 1713 1425 1747 Semela—Pectus
1440 1723 1558 1746 rursus
1572 1717 1623 1746 est
1637 1710 1695 1745 in-

1023 1763 1175 1810 genium.

1062 1817 1136 1863 329.
1161 1818 1255 1850 Dure
1277 1816 1484 1857 Ponam-tm
1502 1813 1603 1849 multi
1625 1814 1693 1860 (et

1018 1874 1138 1902 noster
1146 1867 1232 1912 Reg.
1240 1866 1270 1900 B
1284 1892 1293 1910 ,
1305 1879 1368 1912 pro
1378 1866 1510 1901 diversa
1521 1865 1691 1911 lectione)

1018 1921 1099 1954 Jure
1123 1921 1327 1962 Philoctete;
1355 1925 1424 1952 tres
1449 1920 1528 1953 dire.
1551 1918 1663 1952 Dums
1680 1945 1688 1960 ‚

1018 1971 1143 2014 iratus,
1164 1969 1389 2005 inexorabilis.
1407 1969 1559 2014 Respicit
1573 1976 1691 2004 autem

1019 2022 1197 2068 Sophoclis
1209 2021 1361 2055 fabulam
1374 2047 1383 2064 ,
1405 2021 1464 2055 ubi
1483 2020 1692 2056 Philoctetes

1018 2074 1207 2109 durissimis
1220 2073 1331 2107 verbis
1344 2073 1532 2107 insectatur
1542 2073 1691 2119 reliquos

1019 2126 1122 2160 duces
1136 2151 1145 2169 ,
1170 2125 1334 2172 Ulyssem
1350 2123 1507 2169 inprimis
1534 2132 1569 2159 et
1589 2125 1690 2171 Aga-

1018 2189 1247 2212 memnonem
1268 2189 1275 2210 :
1295 2176 1416 2210 confer
1429 2189 1459 2211 v.
1479 2190 1507 2211 c.
1524 2190 1611 2211 vers.
1626 2177 1690 2220 314

1016 2232 1280 2276 seqq—Haurit
1292 2243 1436 2264 cruorem
1454 2231 1467 2273 (
1480 2229 1585 2263 etiarn
1599 2229 1688 2275 apud

1017 2282 1197 2317 historicos
1210 2309 1220 2325 ,
1237 2295 1267 2316 v.
1283 2295 1311 2316 c.
1331 2280 1431 2315 Curt.
1449 2282 1514 2324 IV,
1534 2292 1606 2322 nv,
1627 2281 1687 2326 17)

1015 2334 1042 2368 is
1054 2360 1063 2377 ‚
1083 2335 1140 2380 qui
1151 2335 1294 2369 vulnere
1305 2334 1436 2369 inflicto
1446 2334 1545 2377 facit,
1561 2340 1599 2367 ut
1608 2346 1689 2367 san-

1016 2387 1089 2432 guis
1108 2386 1266 2432 profluat.
1290 2405 1333 2413 ·—
1357 2387 1507 2420 Versum
1530 2397 1687 2429 sequen—

1016 2445 1088 2471 tem
1102 2464 1111 2481 ‚
1134 2439 1241 2482 thue
1251 2465 1259 2472 .
1269 2464 1277 2471 .
1291 2463 1298 2470 .
1309 2440 1415 2470 nostri
1429 2435 1566 2481 plurimi
1585 2442 1685 2480 post—

1015 2487 1321 2534 ponuntsequenti
1336 2513 1346 2531 ,
1366 2499 1455 2521 unus
1475 2486 1626 2530 omittit,
1647 2494 1682 2521 et

1017 2539 1181 2574 Heinsius
1198 2546 1272 2584 post
1283 2538 1465 2573 Muretum
1477 2545 1535 2572 aut
1550 2537 1684 2572 adulte-

1014 2590 1133 2623 rinum
1151 2597 1209 2624 aut
1228 2596 1319 2624 certe
1339 2589 1436 2623 valde
1460 2589 1682 2634 depravatum

1015 2640 1152 2685 judicat.
1181 2641 1217 2675 Si
1236 2639 1406 2685 genuinus
1424 2647 1475 2674 est
1490 2666 1499 2684 ,
1525 2638 1684 2685 postponi

1015 2701 1109 2728 certe
1122 2694 1223 2728 debet
1236 2693 1447 2738 sequenti.·—
1455 2694 1496 2727 ln
1513 2692 1683 2727 codicibus

1016 2746 1132 2792 Regiis
1146 2746 1181 2780 hi
1199 2746 1269 2780 duo
1287 2759 1402 2780 versus
1421 2747 1456 2780 in
1480 2745 1602 2779 eodem
1619 2757 1683 2778 or-
