1820 3106
346 209 1054 258 'METAMORPHOSEON
1085 214 1213 260 LIB.
1248 218 1338 262 XI.

1472 222 1558 264 225

137 305 254 370 Quae
271 302 391 354 foliis
412 314 600 370 praesuta
622 314 773 352 notam
797 304 891 366 sine
914 305 1092 356 vulnere
1112 307 1230 356 fecit.

138 382 334 433 Alterius
358 379 493 430 telum
515 379 629 447 lapis
652 393 745 439 est3
769 382 846 448 qui
871 383 1058 442 missus,
1085 385 1131 433 in
1154 386 1254 452 ipso
1290 413 1296 420 ι
1446 415 1448 417 >
1522 417 1561 439 20

137 461 252 510 Aere
274 469 489 508 concentu
513 457 654 506 victus
677 459 886 526 vocisque
910 460 1097 527 lyraeque
1122 473 1215 520 est3

137 539 205 588 Ac
226 536 361 587 veluti
382 535 570 604 supplex
591 556 676 603 pro
703 549 790 586 tam
811 538 1046 588 furialibus
1070 541 1188 589 ausis
1204 579 1217 599 ‚

137 617 254 665 Ante
277 614 413 682 pedes
431 615 568 680 jacuit
591 635 600 663 :
627 615 705 664 sed
727 616 843 664 enim
867 618 1095 666 temeraria
1117 631 1321 667 crescunt

135 692 285 752 Bella,
310 691 558 760 modusque
578 693 714 751 abiit,
738 694 978 762 insanaque
1002 708 1157 759 reg-nat
1181 698 1386 765 Erinnys.

137 771 396 838 Cunctaque
421 770 506 820 tela
526 771 674 821 forent
693 785 822 821 cantu
847 772 1020 821 mollita
1040 793 1049 831 ;
1076 775 1153 823 sed
1176 774 1331 838 ingens
1523 792 1562 826 15

135 847 338 908 Clamor,
363 860 407 898 et
428 849 582 898 inflato
604 850 895 917 Berecynthia
918 851 1027 900 tibia
1047 871 1187 901 cornu
1200 891 1212 911 ‚
1457 867 1460 870 ’

174 974 207 1008 9.
228 961 391 995 Praesuta.
415 960 484 995 Alii
502 968 702 1005 pra-sumta,
715 975 811 1007 prae-

131 1017 237 1054 tecta,
256 1015 456 1057 precinctu,
480 1013 641 1058 praesulta
653 1041 660 1053 ‚
674 1016 813 1060 prefixa

133 1071 198 1100 etc.
214 1082 258 1090 —
276 1064 379 1110 Regii
386 1065 503 1099 ‘nostri
515 1073 681 1109 pussula,
697 1067 812 1101 vincta

133 1123 194 1152 aut
206 1116 354 1151 omnino
364 1143 374 1161 ,
391 1123 451 1151 aut
464 1117 499 1151 in
512 1117 686 1152 anteriore
698 1125 812 1164 parte:

131 1166 258 1203 confer
271 1167 315 1203 ad
333 1168 351 1203 I
365 1194 375 1212 ,
391 1167 468 1216 599.
492 1167 660 1204 Similiter
668 1177 815 1213 proetex-

131 1226 207 1255 tum.
220 1220 371 1255 occurrit
385 1247 396 1264 ,
422 1227 462 1255 ut
480 1219 511 1252 V
528 1220 619 1256 Fast.
637 1221 699 1266 567
710 1247 720 1264 ,
737 1222 814 1256 Au-

130 1278 230 1316 gusto
235 1278 432 1316 protectum
446 1276 578 1307 nomine
587 1274 743 1317 templum
752 1299 760 1313 ‚
777 1271 813 1306 id

134 1329 187 1358 est
207 1323 424 1370 insignitum.
447 1322 519 1358 Sed
543 1323 675 1358 librarii
701 1336 812 1369 quum

134 1375 340 1421 ignorarent
357 1375 392 1410 h.
416 1389 449 1411 v.
468 1376 562 1419 yarie
578 1383 813 1422 corruperunt

134 1427 327 1473 genuinam
343 1428 542 1463 lectionem.
556 1445 602 1454 —
615 1430 724 1470 Nota,
734 1442 814 1464 ves—

133 1481 260 1528 tigium
270 1481 380 1530 thyrsi
386 1482 480 1518 missi
489 1481 527 1517 in
536 1494 596 1517 ore
609 1485 811 1526 remanens,

132 1533 234 1569 viBex
256 1532 451 1570 rubicunda
467 1540 528 1569 aut
550 1533 667 1569 livida.
695 1533 754 1569 Sic
774 1535 812 1570 11

133 1586 226 1632 Fast.
241 1585 307 1634 698
318 1612 328 1630 ,
345 1593 440 1631 terga
453 1593 572 1622 notata
583 1614 591 1628 ‚
613 1599 691 1632 quae
703 1586 813 1623 habe-

131 1635 218 1674 bant
227 1639 370 1685 vestigia
377 1639 575 1675 verberum.
587 1640 738 1675 Horatio
747 1667 757 1685 ,
775 1640 810 1684 Ι,

133 1688 205 1726 Od.
231 1689 326 1735 ⁴21111,
352 1704 389 1726 ια
406 1717 416 1735 ,
447 1697 530 1726 nota
552 1698 604 1726 est
628 1691 813 1737 vestigium

131 1741 247 1777 dentis
254 1742 412 1790 impressi
421 1743 618 1789 lividum-Q
624 1744 694 1778 uod
702 1757 812 1790 quum

130 1794 242 1830 teluui
256 1794 338 1830 facit
352 1822 361 1837 ,
389 1802 508 1830 cutem
525 1795 653 1831 dicitur
667 1799 814 1832 destrin-

127 1858 220 1891 gere,
238 1847 311 1882 XII
325 1873 335 1891 ,
351 1859 410 1882 iox
424 1862 433 1890 ς
449 1850 717 1889 conscribillane,
739 1847 814 1883 Ca-

131 1898 205 1934 luu.
223 1899 344 1943 XXV,
366 1912 430 1941 10;
461 1907 496 1934 et
519 1902 711 1949 e'xeypoiqctw,
730 1901 810 1936 Ho-

130 1963 219 1986 mer.
244 1950 284 1986 11.
302 1957 326 1985 Δ
339 1977 349 1995 ,
370 1952 441 1999 ¹39-

179 2015 193 2037 ι
202 2017 230 2037 ι.
245 2004 288 2036 In
299 2015 376 2038 aere
390 2011 551 2039 concentu
564 2010 628 2040 etc.
645 2003 753 2040 Ludit
763 2005 812 2040 in-

133 2054 277 2100 genium
291 2053 431 2098 Ovidii3
448 2055 533 2090 ferri
549 2063 667 2091 tamen
684 2056 739 2091 hic
754 2057 810 2092 lu-

131 2119 189 2142 sus
211 2113 326 2153 potest
346 2107 551 2143 auctoritate
568 2108 813 2156 Mythicorum

132 2158 385 2204 antiquiorum,
402 2160 460 2205 qui
470 2173 548 2195 saxa
561 2168 666 2196 cantu
676 2161 812 2209 Orphei

133 2212 278 2248 delinita
289 2213 395 2260 primi
411 2213 595 2249 finxerant.
610 2234 653 2262 -.
670 2217 806 2256 Vinus,

132 2271 173 2298 ut
189 2276 269 2299 mox
284 2267 432 2300 mollitus
444 2292 453 2306 ‚
474 2266 651 2312 mitigatus
663 2294 672 2310 ,
690 2275 730 2302 ut
743 2267 813 2302 de-

132 2317 269 2352 sisteret
289 2331 307 2352 a
330 2317 492 2352 volando.
516 2318 720 2365 Utrumque
743 2333 813 2355 au·-

131 2375 206 2404 tem
217 2370 424 2405 vocabulum
438 2372 480 2406 ab
492 2371 587 2407 iratis
593 2372 812 2418 translatum,

131 2422 214 2467 qui,
241 2435 350 2468 quum
373 2431 511 2470 ponunt
534 2424 600 2459 iras
617 2452 624 2465 ,
649 2424 814 2460 dicuntur

131 2476 272 2510 vinciet
281 2478 415 2511 molliri.
428 2476 529 2522 Lapis
540 2477 662 2511 missus
672 2477 714 2511 ab
728 2477 814 2512 irata

132 2528 280 2563 muliere
291 2535 327 2563 et
337 2529 482 2564 vulnera
494 2529 660 2564 minitans
672 2556 681 2573 ,
699 2537 734 2564 et
743 2531 814 2576 ipse

131 2581 241 2615 iratus
249 2579 455 2626 fingipotest
467 2594 485 2615 a
498 2582 618 2627 poetis.
630 2581 729 2616 Idem
741 2595 815 2626 sup-

125 2635 212 2677 plet
227 2645 299 2667 esse
316 2632 456 2667 videtur
474 2660 483 2677 ,
512 2634 591 2679 quia
610 2641 690 2669 ante
710 2634 815 2681 pedes

135 2684 283 2731 procidit
304 2684 375 2725 ritu
390 2686 595 2731 supplicum.
608 2705 652 2714 -·
664 2688 817 2724 Marc'ale'a

132 2751 221 2774 ausa
238 2738 345 2775 etiam
363 2738 416 2773 Vl
428 2765 439 2784 ,
457 2739 510 2782 84.

288 2805 381 2850 IV.

925 963 974 997 13.
989 963 1171 1004 Sedenim,
1192 971 1227 998 at
1239 977 1323 999 vero
1334 991 1343 1008 ,
1357 971 1397 999 ut
1411 965 1428 1000 I
1443 992 1453 1009 ‚
1470 965 1534 1001 530
1549 979 1558 1008 ;

878 1014 996 1058 XIII,
1028 1016 1099 1058 141.
1127 1016 1179 1050 Ita
1198 1016 1306 1050 etiam
1332 1017 1533 1052 Lactantius
1548 1043 1558 1060 ‚

878 1065 969 1111 Epit.
986 1066 1027 1112 67
1034 1086 1084 1100 .—-
1092 1068 1283 1102 Temeraria
1291 1076 1446 1103 crescunt
1454 1071 1553 1110 bella,

878 1117 997 1153 furiosi
1010 1118 1161 1164 impetus
1172 1127 1346 1165 augentur
1358 1135 1366 1161 ;
1385 1121 1457 1164 IX,
1472 1122 1535 1165 425
1547 1147 1557 1167 ,

878 1174 1001 1205 crescit
1013 1173 1147 1206 turbida
1157 1174 1459 1208 sedam—Modus
1466 1177 1562 1216 abiit,

878 1222 925 1256 illi
941 1222 1090 1268 impetus
1107 1224 1254 1258 modum
1272 1233 1502 1266 excesserunt.
1516 1245 1561 1253 --

879 1276 1016 1310 Insana.
1033 1274 1176 1310 Thuani
1191 1282 1226 1310 et
1239 1276 1411 1311 Gronovii
1423 1290 1559 1312 vesana.

881 1325 981 1371 Regii
995 1327 1105 1361 nostri
1121 1321 1431 1362 nnana—'Insana
1445 1335 1565 1373 regnat

878 1379 1037 1425 Erinnys.
1049 1378 1194 1414 Bacchae
1204 1378 1327 1414 furunt
1342 1379 1478 1415 insania
1495 1380 1563 1416 :sic

878 1429 895 1464 I
905 1454 915 1473 ,
931 1430 991 1473 ²4¹
1005 1456 1015 1472 ,
1025 1429 1109 1474 fera
1120 1438 1240 1474 regnat
1252 1433 1410 1479 Erinnys.

926 1481 976 1517 ιθ.
994 1483 1126 1527 Inflato·
1144 1481 1247 1518 Unus
1262 1484 1407 1529 afflato;
1426 1491 1563 1531 septem

877 1531 1035 1577 infracti».
1052 1552 1096 1560 —-
1115 1534 1217 1580 Regii
1243 1537 1352 1571 nostri
1373 1539 1499 1580 inflato.
1517 1557 1562 1563 —

876 1586 1000 1630 Inflato
1011 1587 1238 1634 Berecynthia
1251 1586 1315 1623 e'tc.
1332 1588 1475 1624 Safftius
1487 1593 1562 1623 v'er-

877 1638 919 1672 tit
937 1640 1024 1673 :das
1044 1632 1186 1674 Ge’loese
1193 1643 1255 1675 der
1262 1643 1416 1677 Hoerner
1423 1645 1497 1677 und
1507 1646 1567 1678 der

876 1692 1183 1739 Berecynlhdrchen
1199 1696 1314 1738 Hoele
1328 1722 1338 1735 ‚
1378 1696 1474 1741 quasi
1491 1695 1563 1730 duo

877 1743 1013 1779 diversa
1022 1744 1562 1792 iastrumentaintelligerentur.

877 1795 956 1831 Imo
973 1809 1083 1842 quum
1098 1805 1232 1834 caeterae
1247 1798 1338 1839 tibiae
1355 1807 1470 1834 essent
1481 1813 1561 1836 rec-

877 1854 943 1892 tae,
964 1849 1198 1897 Berecynthia
1228 1850 1375 1885 habebat
1406 1853 1558 1887 sormam

876 1901 1105 1944 curvam,scil.
1115 1914 1227 1936 cornu
1235 1902 1383 1937 habebat
1394 1903 1560 1939 adfixum.

878 1950 971 1986 Vide
997 1951 1104 1998 Vuip.
1129 1950 1172 1987 ad
1196 1952 1325 1988 Catuli.
1345 1954 1477 2000 LXII,
1507 1970 1560 1990 22.

876 2001 972 2036 Hinc
990 2002 1046 2037 ΙΙΙ
1055 2029 1065 2046 ,
1084 2003 1149 2046 530
1162 2030 1171 2047 ,
1187 2006 1274 2039 tt‘bt‘a
1288 2007 1420 2040 adunco
1431 2019 1556 2051 εον-ηας

878 2055 933 2089 IV
957 2056 1047 2091 Fast.
1076 2057 1134 2092 181
1152 2083 1161 2101 ‚
1188 2059 1312 2102 inflexo
1332 2060 1561 2107 Berecynthia

875 2108 960 2140 tibia
970 2113 1072 2142 cornu
1073 2110 1202 2153 stabt'l,·
1220 2109 1309 2144 Hor.
1323 2110 1352 2154 Ῑ,
1366 2109 1437 2145 Od.
1448 2122 1560 2156 xvnt,

880 2160 941 2204 13,
965 2163 1223 2208 Berecynthiam
1237 2176 1349 2197 cornu.
1379 2163 1434 2198 Ab
1460 2165 1561 2200 initio

875 2225 957 2248 usus
976 2215 1052 2260 ejus
1068 2221 1143 2249 erat
1167 2226 1238 2249 non
1260 2216 1325 2250 nisi
1346 2216 1383 2250 in
1410 2216 1561 2264 Cybeles

875 2267 1001 2311 sacris,
1027 2280 1103 2313 quae
1126 2268 1160 2302 in
1182 2270 1411 2316 Berecyntbo‚
1436 2278 1559 2306 moute

876 2318 1039 2366 Phrygiae
1054 2346 1063 2364 ,
1083 2320 1302 2366 potissimum
1327 2322 1561 2365 celebraban-

877 2377 953 2414 tur;
969 2372 1029 2407 sed
1043 2372 1171 2407 deinde
1189 2373 1295 2408 etiam
1312 2374 1348 2407 in
1361 2374 1488 2408 Bacchi
1500 2387 1562 2409 or-

877 2425 938 2470 giis
963 2432 1121 2471 recepta,
1153 2439 1229 2471 quae
1257 2440 1338 2461 cum
1368 2427 1432 2462 inis
1457 2428 1561 2464 sacris

876 2479 987 2513 multa
1003 2479 1177 2514 habebant
1189 2482 1401 2515 communia.
1422 2482 1508 2527 Ejus
1526 2491 1561 2518 et

877 2537 1128 2575 tympanorum
1145 2543 1233 2565 sono
1258 2532 1376 2566 audito
1396 2533 1431 2566 in
1452 2533 1560 2568 suro-

876 2595 954 2616 rem
966 2583 1158 2628 agebantur
1169 2583 1333 2626 Bacchae3
1349 2585 1487 2620 Lucret.
1501 2586 1537 2622 II
1550 2614 1560 2632 ,

877 2636 944 2670 520
960 2651 967 2678 ;
989 2637 1114 2672 Horat.
1134 2638 1210 2682 III,
1229 2637 1300 2674 Od.
1317 2650 1384 2683 xv,
1403 2652 1464 2682 10;
1483 2639 1558 2675 Cic.

878 2689 958 2723 Div.
982 2691 999 2725 1
1012 2716 1021 2734 ,
1042 2693 1084 2725 50
1101 2704 1108 2726 :
1128 2691 1356 2736 hincsuriosa
1371 2696 1476 2736 tz'bia,
1503 2695 1558 2730 IV

879 2742 970 2778 Fast.
986 2743 1047 2787 341
1066 2758 1074 2787 ;
1088 2757 1194 2781 sonus
1206 2746 1302 2780 enim
1312 2747 1387 2791 eius
1398 2754 1472 2782 erat
1483 2758 1561 2782 acer

1307 2815 1356 2856 15
