1820 3106
290 299 740 346 METAMORPH
757 299 988 348 OSEON
1020 302 1151 346 LIB.
1186 304 1351 348 XIII.

111 417 136 439 »
162 395 267 463 Ipsa
288 394 376 444 tuis
398 392 628 452 manibus,
654 391 843 443 silvestri
865 405 967 444 nata
991 395 1076 444 sub
1102 394 1285 456 umbra,

1449 304 1532 360 421

1473 412 1540 448 815

112 494 137 517 »
167 471 326 527 Mollia
347 472 472 537 fraga
493 471 633 536 leges3
656 472 755 540 ipsa
778 472 1048 522 autumnalia
1071 493 1205 523 corna
1224 493 1236 532 ;

111 573 136 595 »
165 551 399 618 Prunaque
415 588 428 611 ,
452 569 546 600 non
570 550 716 600 solum
738 551 868 616 nigro
892 551 1071 602 liventia
1093 573 1252 613 succo,

110 651 135 674 n
163 630 327 680 Verum
347 629 479 692 etiam
503 649 727 694 generosa,
753 650 980 699 novasque
1002 633 1220 683 imitantia
1241 653 1372 683 ceras.

111 728 137 751 »
165 709 256 757 Nec
280 707 364 756 tibi
386 721 623 768 castaneae,
647 728 717 758 me
739 710 947 777 conjuge,
972 729 1054 759 nec
1076 711 1160 760 tibi
1182 711 1369 762 deerunt

51 847 54 850 ,
110 806 136 830 »
161 786 356 836 Arborei
376 785 520 845 fetus;
543 786 689 835 omnis
715 786 798 835 tibi
819 789 978 838 serviet
999 789 1145 838 arbos.

1475 806 1542 840 820

109 884 135 906 »
162 863 261 912 Hoc
273 882 409 931 pecus
424 883 554 913 omne
567 883 714 914 meum
724 877 790 915 est
805 885 815 925 ;
831 865 982 915 multae
991 885 1169 934 quoque
1182 865 1371 916 vallibus
1381 880 1540 927 errant,

110 964 136 987 >1
164 942 334 992 Multas
357 943 465 993 silva
487 944 620 1009 tegit3
645 944 794 994 multae
820 945 1102 996 stabulantur
1125 946 1172 995 in
1198 946 1365 995 antris:

109 1041 135 1063 »
164 1020 283 1078 Nec,
308 1020 347 1068 si
370 1019 485 1070 forte
506 1039 663 1085 roges,
687 1023 856 1089 possim
880 1022 965 1071 tibi
991 1022 1135 1072 dicere
1151 1061 1163 1082 ,
1189 1035 1303 1090 quot
1326 1023 1427 1072 sint.

110 1095 376 1164 »Pauperis
400 1109 467 1147 est
483 1117 713 1149 numerare
737 1118 873 1167 pecus
891 1119 902 1149 ε
928 1099 983 1148 de
1005 1099 1215 1150 laudibus
1236 1099 1395 1149 harum

112 1197 136 1219 »
164 1175 241 1224 Nil
262 1176 374 1226 mihi
396 1177 633 1228 credideris
653 1197 663 1227 ε
684 1198 876 1247 praesens
900 1191 1032 1247 potes
1053 1179 1150 1246 ipsa
1174 1179 1346 1239 videre,

1479 1193 1545 1229 825

111 1277 136 1299 >›
162 1257 227 1304 Ut
249 1256 322 1305 vix
345 1257 592 1307 sustineant
616 1257 859 1307 distentum
883 1259 1090 1307 cruribus
1113 1259 1238 1307 uber.

114 1355 139 1377 »
169 1333 313 1395 Sunt,
338 1334 481 1384 fetura
505 1335 676 1395 minor,
705 1336 867 1404 tepidis
890 1337 937 1385 in
963 1337 1155 1387 ovilibus
1180 1338 1307 1401 agni3

113 1431 139 1454 »
166 1410 283 1459 Sunt
304 1430 504 1479 quoque,
528 1431 610 1480 par
632 1425 762 1473 aetas,
788 1412 885 1462 aliis
910 1414 957 1462 in
982 1413 1174 1463 ovilibus
1195 1414 1324 1463 haedi.

110 1525 288 1562 fertilitate
301 1538 310 1561 ε
322 1526 430 1562 etiam
440 1527 532 1573 apud
545 1527 789 1572 Theocritum,

110 1591 198 1614 vers.
222 1579 288 1624 46,
312 1592 422 1626 prope
449 1587 593 1615 antrum
620 1583 749 1626 ἄμπελος
770 1582 790 1616 ἆ

107 1635 331 1683 γλυκύκαρπος,
358 1640 461 1679 atque
484 1633 574 1669 adeo
591 1634 683 1680 apud
703 1635 791 1669 Ho-

109 1697 252 1720 merum
265 1711 276 1730 ,
298 1698 387 1722 vers.
404 1686 488 1730 358,
507 1693 601 1722 terra
619 1686 792 1735 Cyclopi-

109 1739 175 1773 bus
188 1738 258 1774 sert
279 1743 356 1775 οἶνον
375 1740 580 1786 ἕριστάᾳυλον.
597 1758 641 1765 -
655 1741 768 1784 Fraga
779 1752 790 1774 .·

107 1802 234 1835 coma,·
251 1790 330 1826 vide
343 1790 385 1826 ad
396 1792 413 1827 1
423 1817 433 1835 ,
449 1793 793 1834 104.——Autumnalia

107 1855 236 1887 cornae‚·
259 1844 423 1879 autumni
447 1852 606 1891 tempore
628 1853 790 1880 mature—

109 1895 252 1931 scentia.
283 1894 404 1931 Corna
432 1903 551 1931 autem
576 1904 658 1932 sunt
680 1897 793 1932 baccae

109 1940 316 1985 rubicu'ndae
329 1974 339 1992 ,
359 1949 396 1983 in
414 1948 534 1984 medio
545 1950 710 1985 nucleum
725 1949 793 1984 du-

110 2001 287 2037 rissimum
305 2001 495 2045 babentes;
516 2002 610 2038 unde
628 2003 795 2049 Virgilius

111 2058 270 2100 lapidosa
283 2068 386 2090 corna
401 2055 495 2091 dixit.
510 2057 577 2091 Ed.

156 2109 194 2143 81
203 2121 232 2153 7.
241 2109 396 2143 lna-ntea
404 2135 413 2150 ‚
427 2108 633 2154 nigricantia
643 2122 652 2151 ;
668 2109 794 2144 Horat.

114 2161 151 2197 II
165 2187 175 2205 ,
191 2159 263 2196 Od.
275 2172 320 2206 v,
336 2175 348 2196 ι
359 2175 370 2196 ι
390 2188 400 2207 ,
416 2164 538 2197 Ιίοίάω·
547 2175 706 2198 racemos.
722 2161 795 2197 Sed

113 2213 167 2249 his
180 2218 392 2259 generosiora
403 2242 411 2256 ‚
434 2215 672 2261 praestantiora
686 2242 696 2260 ,
717 2228 795 2261 quae

113 2267 230 2302 colore
255 2267 348 2302 flavo
376 2275 436 2302 aut
462 2267 666 2303 candicante
690 2282 796 2304 novas

113 2322 292 2355 imitantur
304 2332 416 2360 ceras,
433 2326 469 2354 et
478 2320 626 2365 Virgilio
634 2346 644 2364 ,
658 2320 730 2356 Ecl.
742 2332 772 2355 11
784 2347 794 2365 ,

114 2373 157 2408 53
168 2399 178 2417 ‚
195 2386 292 2409 cema
302 2386 414 2418 pruna
429 2373 616 2415 dicuntur-3
635 2373 770 2409 Plinius
784 2400 794 2418 ,

121 2425 207 2470 XV,
224 2426 282 2470 13,
301 2425 344 2460 de
361 2426 481 2472 prunis
492 2438 500 2460 z
512 2426 641 2460 suntet
649 2429 744 2470 nigra
753 2440 797 2462 ac

117 2479 311 2513 laudatiora
324 2481 438 2513 cerina
460 2484 559 2523 atque
573 2490 798 2522 purpurea.—

121 2528 179 2564 De
193 2531 342 2565 arbuteetr
354 2529 487 2575 fetibus
506 2530 584 2564 vide
602 2529 645 2564 ad
666 2530 703 2573 Ι,
726 2532 797 2574 104.

122 2581 196 2617 Sed
222 2595 288 2628 ego
312 2596 332 2617 e
358 2581 514 2628 pluribus
545 2582 642 2617 MSS
670 2585 805 2617 arborei

125 2634 244 2680 (quod
260 2634 363 2670 habet
378 2634 486 2670 codex
502 2642 621 2670 noster
637 2635 723 2682 Reg.
738 2635 796 2680 A)

119 2687 306 2731 revocavi,
335 2687 417 2733 quia
441 2687 678 2735 Polyphemus
704 2687 799 2723 deli-

115 2739 214 2775 cato!
222 2739 356 2775 fructus
373 2740 567 2786 promittit,
587 2753 670 2775 uvas
684 2767 693 2785 ,
715 2753 801 2787 pru-

118 2803 165 2825 na
182 2798 246 2827 etc.
269 2798 305 2826 et
321 2791 418 2828 addit
435 2818 444 2835 ,
461 2796 569 2827 omnis
591 2793 653 2828 tibi
675 2793 801 2828 serviet

122 2846 224 2879 arbos
243 2858 253 2879 :
278 2847 345 2880 tibi
359 2848 492 2889 scrm'et,
514 2845 577 2882 tibi
596 2845 730 2882 fructus
748 2846 803 2882 se·-

858 1536 936 1571 ret;
960 1529 1120 1565 similiter
1139 1533 1261 1565 servire
1281 1529 1372 1576 apud
1389 1529 1547 1564 Plinium

857 1583 895 1618 in
911 1584 1021 1629 Epist.
1036 1591 1071 1619 et
1086 1585 1123 1619 in
1141 1585 1270 1630 Paneg.

901 1639 976 1673 821.
992 1639 1129 1678 Multa,
1150 1638 1219 1673 scil.
1233 1650 1312 1672 oves
1327 1664 1336 1680 ‚
1357 1650 1375 1672 e
1394 1650 1441 1672 vs.
1460 1637 1518 1683 781
1536 1652 1543 1678 ς

859 1689 1068 1725 Theocritus
1082 1717 1091 1734 ,
1106 1704 1153 1725 vs.
1168 1691 1230 1734 34,
1245 1692 1323 1735 βοτὰ
1335 1694 1424 1733 χίλια
1434 1693 1544 1732 βόσκω·

859 1742 1028 1787 Virgilius
1040 1768 1050 1786 ,
1070 1755 1116 1776 vs.
1135 1756 1174 1776 21
1191 1768 1199 1783 ‚
1217 1743 1318 1775 Mille
1333 1754 1412 1775 mea·
1425 1742 1548 1775 St‘cult‘s·

858 1800 971 1830 errant
982 1799 1017 1829 in
1028 1798 1196 1830 montibus
1210 1808 1308 1840 agna·
1318 1807 1329 1828 .·
1344 1794 1404 1829 sed
1418 1795 1547 1830 Noster

857 1846 895 1881 in
927 1847 1052 1883 talibus
1079 1847 1245 1882 omnibus
1272 1846 1444 1893 copiosior
1473 1860 1545 1882 esse

860 1898 959 1934 solet.

904 1951 979 1987 826.
989 1952 1199 1992 Sustineant,
1213 1951 1305 1985 serre
1315 1951 1429 1996 possin
1435 1958 1457 1986 t.
1466 1952 1547 1988 Hoc

860 2003 1007 2038 verbum
1031 2016 1049 2037 e
1069 2003 1228 2048 quinque
1250 2002 1348 2038 MSS
1370 2009 1405 2037 et
1420 2003 1548 2038 editio—

860 2055 965 2090 nibus
991 2055 1170 2090 nonnullis
1194 2055 1324 2101 recepit
1350 2055 1518 2091 Heinsius
1535 2082 1545 2098 ,

861 2108 921 2154 qui
948 2114 1072 2143 monet
1097 2120 1194 2153 posse
1222 2108 1329 2143 etiam
1351 2112 1552 2153 circuagant

860 2161 926 2207 legi
943 2188 952 2205 ,
980 2174 1051 2207 quo
1066 2161 1173 2196 verbo
1191 2161 1362 2196 Horatius
1379 2175 1461 2197 usus
1478 2162 1522 2197 sit
1538 2177 1545 2205 ;

860 2215 933 2250 duo
956 2219 1176 2258 contine-anm
1203 2216 1307 2261 vulgo
1336 2219 1549 2250 cirrumeant.

860 2287 904 2295 ·-
914 2269 994 2304 Hoc
1005 2276 1224 2314 postremum
1236 2268 1342 2303 habet
1351 2268 1460 2303 codex
1474 2269 1548 2304 Re—

862 2321 937 2367 gius
952 2320 983 2356 B
998 2335 1006 2363 ;
1030 2320 1138 2356 codex
1156 2321 1188 2356 A
1207 2324 1386 2356 circueant.
1402 2339 1447 2347 —
1464 2323 1550 2356 Cru-

860 2376 972 2415 ribus,
993 2374 1088 2409 inter
1106 2387 1217 2408 crura.
1239 2393 1284 2399 —-
1309 2375 1431 2408 Fctum
1446 2400 1454 2414 ‚
1484 2373 1547 2418 ipsi

859 2425 960 2461 fetus.
974 2445 1019 2452 ·—-
1041 2427 1179 2471 Tepl'dz's
1192 2427 1282 2461 bene
1299 2439 1317 2460 e
1335 2434 1461 2460 natura
1477 2433 1549 2460 sta-

861 2478 1027 2513 bulorum
1043 2478 1367 2521 additum—Dixit,
1371 2485 1546 2522 paratas,

862 2544 935 2565 non
947 2558 955 2574 ‚
973 2532 1046 2577 pari
1058 2538 1158 2566 aetate
1169 2558 1179 2574 ‚
1199 2531 1279 2576 quia
1293 2538 1376 2565 atas
1387 2531 1492 2566 etiam
1504 2532 1547 2567 de

863 2584 1065 2619 hominibus
1084 2610 1094 2627 ,
1114 2584 1198 2618 hinc
1214 2584 1396 2630 pecoribus
1414 2611 1423 2629 ,
1447 2592 1551 2621 certae

864 2635 993 2679 aetatis,
1016 2635 1175 2681 inprimis
1192 2642 1323 2672 tenerae
1342 2636 1479 2672 dicitur.
1507 2657 1551 2663 -—-

864 2690 960 2724 Aliis
977 2692 1014 2723 in
1036 2691 1181 2724 ovilibus
1199 2701 1210 2732 ,·
1237 2689 1423 2736 diligenter
1455 2691 1551 2725 enim

864 2742 1060 2778 secundum
1091 2743 1317 2788 Homerum,
1349 2757 1436 2780 vers.
1460 2758 1526 2779 220
1543 2772 1553 2788 ,

866 2794 960 2829 varia
971 2807 1139 2841 pecorum
1152 2808 1299 2831 suorum
1315 2808 1444 2842 genera
1461 2809 1559 2841 sepa—

869 2847 992 2893 rabat,
1012 2847 1231 2895 seorsimque
1249 2848 1459 2885 includebat.
1477 2848 1559 2883 Ple—
