1820 3106
342 205 345 206 ⁷
397 207 1091 255 METAMORPHOSEON
1121 211 1246 255 LIB.
1281 213 1341 256 X.

1494 212 1573 256 183

163 301 410 360 AttollenS‚
429 302 596 369 pariter
613 321 713 350 cum
733 301 838 350 caelo
860 302 970 351 vidit
991 315 1218 352 amantem.

166 380 410 446 Conjugioj
425 378 553 446 quod
575 377 701 436 fecit,
723 378 846 428 adest
868 380 961 427 Dea
980 401 989 428 :
1013 381 1187 447 jamque
1213 381 1372 429 coactis

1513 397 1578 444 295

165 456 385 506 Cornibus
407 457 458 504 in.
474 455 654 523 plenum
677 456 828 506 novies
851 455 1081 506 lunaribus
1105 458 1256 507 orbem
1272 497 1284 517 ‚

162 533 244 584 Illa
264 534 449 602 Paphon
475 534 650 599 gennit,
678 534 730 584 de
753 554 842 602 quo
869 547 989 584 tenet
1010 535 1155 585 insula
1175 555 1353 585 nomen.

123 636 127 639 Δ
166 647 167 650 ¹
225 612 324 660 VII.
352 612 512 662 Editus
534 613 616 661 h'ac
634 611 708 661 ille
731 625 824 671 est,
850 613 926 680 qui
942 651 953 671 ‚
979 613 1015 661 si
1042 614 1136 662 sine
1161 613 1288 681 prole
1310 614 1491 674 fuisset»,

160 689 282 738 Inter
299 688 445 739 felices
470 691 654 757 Cinyras
676 691 894 759 potuisset
915 691 1083 740 haberi.

160 766 267 815 Dira
289 786 439 817 canam
460 780 603 817 :natae
621 768 779 836 procul
801 768 905 818 hinc
919 806 933 828 ,η
957 768 1113 837 procul
1137 781 1225 819 este
1248 771 1476 837 parentes!
1513 783 1580 817 300

156 899 382 944 stupefactam
394 899 566 945 virginem
582 899 780 935 induxisset.
789 919 833 925 -

159 949 273 984 Nemo
285 949 351 985 hoc
361 950 490 986 credet.
500 952 646 985 Ed.-A
648 954 674 986 d
682 953 809 986 Iumina
819 965 832 995 ,-

158 1014 250 1037 unus
264 1003 397 1039 Moreti
421 1011 456 1039 et
472 1017 562 1039 unus
579 1005 830 1047 Bononiensis,

157 1056 208 1089 ad
216 1057 346 1090 hiuma.
355 1057 420 1091 Ad
425 1059 553 1091 lumina
563 1084 571 1097 ,
592 1056 720 1092 scilicet
733 1057 831 1092 solis:

157 1119 240 1142 nam
257 1108 415 1154 sequitur
428 1121 502 1143 cum
517 1112 602 1144 coelo
615 1111 702 1144 vidit
711 1122 835 1143 aman-

157 1165 232 1196 tem.
257 1161 316 1196 Sic
339 1169 433 1197 recte
458 1163 686 1198 Burmannus
711 1170 833 1198 contra

161 1212 349 1248 Heinsium
362 1239 372 1258 ,
397 1215 456 1260 qui
473 1228 536 1261 per
555 1218 684 1250 lumina
704 1214 836 1249 inteni-

160 1265 260 1310 gebat
274 1266 507 1302 fenestras.--
522 1268 623 1313 Regii
636 1267 745 1302 nostri
759 1266 834 1300 Co-

159 1316 252 1353 dices
262 1342 273 1361 ,
282 1321 334 1353 ad
337 1321 481 1360 Iuntina,
493 1320 588 1366 quod
600 1332 665 1366 ego
674 1319 766 1354 ultro
778 1319 834 1354 in-

160 1370 832 1418 ωτρτεὶατράωιιίοςΡγςωΙὶοῃίε-Εᾶ.

167 1441 170 1447 .
203 1425 280 1471 295.
292 1424 590 1470 Aaertpqhiaitta
601 1438 681 1460 mox
692 1431 833 1459 uterum

159 1476 428 1512 fertvr-camna
440 1478 534 1513 tunae
544 1485 720 1522 coguntur,
743 1491 834 1513 cres·-

158 1528 468 1574 cunisinriptenum
491 1530 623 1565 orbem.
638 1549 684 1556 —
699 1532 834 1575 Paphos

159 1592 236 1621 nonj
243 1580 410 1616 nint-urbs
417 1581 526 1629 Cypri
535 1601 549 1628 ,·
559 1594 664 1627 quam
676 1582 834 1627 condidit

157 1632 214 1668 vel
221 1632 278 1670 hic
290 1634 448 1680 Paphus,
464 1634 725 1676 velsecundum
738 1637 834 1670 Pau-
870 1634 872 1636 ’

155 1685 488 1731 saniamAncadmp
509 1684 574 1732 607
588 1711 598 1728 ,
623 1685 831 1731 Agapenor‘,⁴

157 1744 268 1785 quim
276 1740 502 1783 'ollio-everso
510 1765 520 1783 ‚
533 1739 644 1776 classis
656 1740 767 1782 Arcad
773 1753 833 1774 um

157 1792 397 1838 ibiappulisuet
406 1804 419 1834 3-
426 1792 581 1838 vel-juxta
591 1790 752 1838 Apollod.
763 1792 817 1827 111
822 1816 846 1836 ,-„

159 1845 294 1888 ιῐνβ,
306 1843 476 1891 Cinyras,
493 1844 679 1891 Syriorum
692 1857 762 1878 rex.
781 1844 834 1878 lbi

159 1896 329 1942 templium
340 1895 490 1931 veneris
505 1895 832 1938 celebratissimum3

159 1948 270 1984 Tacit.
287 1948 379 1984 nist.
396 1949 455 1993 11,
472 1949 504 1983 3.

203 2001 377 2050 298—562:
395 2003 554 2048 Myrrha,
577 1999 721 2048 Cinyrae
739 2000 808 2036 filia
822 2027 832 2044 ,

157 2052 497 2103 eorpusiungitcum
509 2061 605 2100 patre
621 2053 739 2089 inscio.
752 2054 835 2089 Stu-

160 2119 227 2155 pro
236 2107 387 2144 nefando
399 2107 540 2153 cognito
553 2119 663 2152 quum
681 2114 779 2152 pater
790 2106 835 2140 fi-

161 2162 244 2197 liam
267 2167 557 2207 persequeretur,
585 2159 641 2194 illa
659 2160 696 2194 in
712 2159 833 2194 silvam

160 2214 247 2259 sugit
260 2237 270 2255 ,
296 2213 355 2247 ubi
376 2215 535 2257 mutatur
549 2213 586 2247 in
602 2212 765 2248 arborem
781 2212 834 2247 sui

159 2266 338 2301 nominis.⁴
352 2264 407 2300 Cf.
423 2264 555 2311 Hygin.
576 2265 643 2299 sab.
665 2266 729 2306 582
748 2265 834 2299 An-

160 2325 234 2353 ton.
249 2317 329 2352 Lib..
337 2329 410 2362 cap.
422 2317 466 2359 34
479 2330 488 2358 ;
503 2316 662 2361 Apollod.
675 2317 741 2356 111,
756 2329 832 2360 x1V‚

160 2372 201 2413 43
215 2369 359 2404 Tzetzes
366 2369 406 2404 iu
420 2368 591 2416 Lycophr.
601 2381 635 2415 p.
643 2369 688 2404 60
699 2383 707 2410 ;
718 2369 834 2405 schol.

161 2421 400 2456 Theocrst-ad
414 2421 466 2456 ld.
484 2422 502 2456 1-
518 2447 526 2463 ,
558 2433 617 2467 ¹⁰7
635 2435 644 2462 ;
669 2421 767 2457 Serv.
791 2421 834 2457 ad

160 2473 282 2520 virgil.
300 2473 372 2509 Ect.
390 2473 424 2508 X
437 2499 446 2516 ,
471 2474 510 2507 18
524 2499 533 2515 ‚
551 2480 585 2507 et
604 2472 685 2508 AEn.
703 2474 751 2518 V,
768 2488 808 2520 72
823 2487 833 2516 ;

161 2524 320 2571 Ful'gent.
347 2525 499 2573 Mythol.
517 2526 599 2569 111,
628 2526 659 2560 8.

203 2576 320 2612 Dubia
331 2578 449 2612 omnia
458 2584 540 2613 sunt
550 2584 584 2612 et
594 2578 725 2612 incerta
735 2603 744 2620 ,
757 2590 835 2623 quae

161 2629 309 2664 Veteres
327 2636 364 2664 et
378 2629 421 2664 de
438 2630 639 2676 parentibus
657 2635 693 2664 et
711 2628 754 2664 de
771 2643 833 2676 pa·-

161 2681 225 2715 tria
241 2680 387 2729 Cinyrae
403 2682 548 2716 tradunt
567 2695 574 2716 :
593 2681 661 2715 vid.
679 2682 838 2716 Munke—

161 2746 218 2768 rus
228 2732 270 2768 ad
282 2734 415 2769 Anton.
427 2734 573 2770 Liberal.
584 2734 616 2769 d.
629 2735 651 2770 l.
664 2741 699 2770 et
710 2734 837 2769 Meur-

897 901 966 935 sius
982 899 1024 934 de
1039 899 1174 947 Cypro,
1187 900 1236 943 II,
1248 913 1280 948 9.
1289 899 1441 935 Thiante
1451 906 1576 934 natum

898 965 980 987 eum
1005 952 1191 997 perhibent
1216 952 1343 994 multi;
1367 952 1519 987 Sandoci
1535 952 1579 986 fi-

898 1004 984 1038 lium
1009 1004 1089 1039 facit
1113 1004 1273 1050 Apollod.
1302 1005 1425 1049 Neque
1452 1017 1491 1039 ex
1511 1004 1579 1039 hoc

899 1057 975 1092 loco
995 1057 1124 1102 aliquid
1139 1057 1278 1092 definiri
1291 1064 1415 1103 potest.
1425 1075 1469 1083 ·—
1479 1057 1576 1092 MSS

900 1121 1036 1152 ornnes,
1049 1110 1172 1146 Editus
1181 1114 1215 1143 et
1222 1111 1280 1142 ille
1290 1115 1350 1150 est,
1365 1108 1458 1154 quod
1469 1108 1580 1144 Cons-

900 1168 985 1196 tant.
999 1162 1085 1196 Fan.
1098 1162 1246 1196 mutavit
1257 1162 1292 1196 in
1309 1164 1430 1196 Editus
1444 1164 1510 1196 hac
1521 1165 1580 1196 ille

898 1221 967 1254 est,
991 1220 1030 1248 ut
1045 1221 1168 1249 statuae
1181 1214 1343 1249 animatae
1366 1221 1400 1257 et
1418 1215 1578 1261 Pygma—

900 1266 1000 1301 lionis
1010 1266 1100 1301 filius
1110 1267 1212 1302 fuisse
1224 1266 1367 1302 dicatur.
1381 1258 1452 1302 ged
1468 1267 1579 1302 Hein-

899 1319 967 1353 sius
988 1319 1163 1363 malebat,
1187 1320 1312 1353 Editus
1340 1321 1404 1354 hoc
1431 1320 1581 1363 (scilicet

899 1373 1020 1418 Papho
1033 1372 1049 1419 )
1066 1377 1125 1408 ille
1134 1379 1195 1408 est.
1213 1373 1260 1408 Et
1276 1375 1492 1419 Paphifilius
1507 1386 1578 1407 vo—

897 1433 996 1461 catur
1017 1427 1059 1461 ab
1075 1427 1222 1474 Hygino
1237 1453 1247 1470 ,
1272 1426 1339 1460 sab.
1358 1428 1420 1470 242
1439 1434 1474 1461 et
1493 1440 1578 1471 27o;

899 1479 1124 1526 Assyriorum
1136 1491 1257 1525 regem
1266 1491 1348 1513 eum
1361 1479 1492 1513 faciunt
1504 1480 1582 1526 Hy-

899 1530 998 1576 ginus
1010 1557 1018 1569 ,
1035 1531 1102 1565 sab.
1116 1532 1158 1566 58
1169 1537 1204 1564 et
1217 1531 1278 1574 242
1296 1544 1304 1571 3
1323 1529 1556 1575 Apollodorus
1567 1556 1576 1573 ,

898 1581 931 1616 d.
948 1582 968 1615 l.
985 1581 1158 1629 Cyprium
1170 1595 1254 1616 eum
1269 1595 1389 1628 regem
1401 1583 1503 1617 fuisse
1517 1582 1580 1626 (sic

898 1634 1005 1668 etiam
1025 1635 1204 1670 Homerus
1219 1661 1230 1679 ,
1247 1634 1343 1671 Iliad.
1360 1642 1387 1670 A
1402 1661 1411 1678 ‚
1433 1648 1470 1668 21
1489 1661 1498 1678 ,
1519 1635 1577 1669 ubi

900 1686 1207 1732 Agamemnonem
1219 1687 1359 1722 thorace
1369 1687 1506 1730 donat),
1519 1687 1578 1732 qui

899 1738 1043 1783 ditatam
1076 1739 1336 1775 meretriculam
1355 1765 1364 1782 ,
1398 1741 1579 1774 Venerem

899 1793 1043 1827 nomine
1058 1819 1067 1836 ,
1085 1793 1178 1828 inter
1194 1792 1290 1827 Deos
1306 1792 1486 1835 retulerit,
1499 1793 1580 1826 Ve—

899 1845 1045 1888 nerique
1067 1834 1207 1892 Ci'pffiae
1225 1857 1349 1879 arcana
1365 1857 1460 1879 sacra
1478 1844 1580 1879 insti-

900 1897 1006 1932 tuerit
1023 1924 1032 1940 ,
1054 1898 1178 1943 quibus
1196 1898 1334 1932 multos
1362 1898 1550 1932 initIaverit
1569 1924 1579 1940 ,

899 1950 1043 1985 tradunt
1071 1950 1238 1986 Clemens
1264 1951 1579 1986 Alexandr.·Pro·-

899 2011 1002 2049 trept.
1013 2017 1046 2049 p.
1061 2007 1079 2039 5
1094 2017 1102 2046 3
1121 2004 1256 2039 Arnob.
1273 2004 1406 2039 advers.
1419 2003 1553 2038 Gentes
1569 2030 1578 2047 ‚

900 2056 957 2091 lib.
976 2057 1049 2100 IV,
1066 2071 1098 2103 p.
1127 2058 1208 2102 143,
1238 2065 1274 2093 et
1290 2058 1348 2093 lib.
1364 2059 1417 2101 V,
1440 2072 1472 2104 p·-
1494 2058 1580 2105 169;

900 2108 1072 2144 Firmicus
1085 2135 1094 2153 ,
1115 2106 1162 2144 de
1179 2109 1309 2145 Errore
1326 2110 1461 2155 profan.
1482 2109 1579 2155 relig.

893 2173 932 2207 [p.
949 2161 1001 2205 34.
1027 2160 1099 2196 Sed
1112 2162 1139 2196 si
1158 2161 1306 2208 Cinyras
1324 2169 1482 2207 tempore
1499 2162 1581 2196 belli

901 2215 1049 2260 Troiani
1066 2215 1168 2259 vixit,
1196 2222 1235 2250 ut
1253 2216 1406 2250 Homeri
1427 2216 1582 2250 auctori-

901 2274 970 2302 tate
988 2275 1124 2303 constat
1136 2294 1145 2311 ,
1164 2280 1237 2302 non
1249 2268 1339 2303 bene
1358 2268 1506 2314 Orpheo
1521 2268 1581 2302 di-

900 2319 1048 2355 cendam
1062 2319 1152 2355 hanc
1163 2320 1314 2354 fabulam
1330 2321 1460 2355 Noster
1473 2320 1581 2354 dedit.

944 2372 1021 2406 300.
1038 2373 1127 2406 Dira
1141 2385 1274 2406 canam.
1291 2372 1492 2406 Exardescit
1505 2372 1583 2405 ani-

900 2437 978 2458 mus
989 2423 1126 2469 Orphei
1136 2424 1316 2458 atrocitate
1329 2424 1392 2464 rei;
1404 2423 1485 2458 hinc
1495 2436 1582 2469 prae·

900 2475 1008 2510 mittit
1023 2474 1265 2520 praefationem
1277 2474 1321 2509 de
1338 2474 1493 2509 nefando
1509 2475 1581 2510 ssa·-

901 2527 984 2573 gitio
996 2554 1005 2570 ,
1031 2526 1123 2572 quod
1150 2534 1353 2562 narraturus
1377 2534 1438 2562 est.
1470 2529 1580 2570 Dira,

901 2591 1059 2613 amorem
1076 2591 1095 2612 a
1114 2579 1190 2613 Diis
1212 2578 1307 2614 iratis
1326 2579 1542 2623 immissum,
1562 2593 1582 2615 a

899 2630 997 2664 furiis
1012 2630 1183 2674 injectum
1195 2645 1203 2672 ;
1221 2632 1344 2666 confer
1354 2643 1494 2667 versum
1506 2632 1582 2666 313.

901 2702 944 2709 —
970 2686 1096 2719 Procul
1110 2686 1190 2719 hinc
1204 2710 1214 2726 ‚
1243 2691 1307 2720 etc.
1335 2698 1375 2720 ex
1391 2693 1478 2720 noto
1496 2685 1554 2719 illo
1571 2711 1583 2728 ‚

902 2739 970 2776 ἕκᾶς
983 2763 993 2781 ,
1023 2740 1088 2778 ἔκᾶς
1108 2740 1171 2775 ἔστ-ἰ
1187 2742 1329 2785 βέὅηλοι,
1355 2738 1579 2785 (χιιοᾪῐοῖῐωὶ
