1820 3106
341 284 1028 342 METAMORPHOSEON
1066 285 1196 328 LIB.
1232 287 1323 329 lx.

1467 287 1549 347 139

128 379 360 448 Implesset
381 379 590 442 monstri3
619 379 656 429 si
680 398 773 427 non
794 378 1000 428 miracula
1021 398 1162 446 nuper

129 459 286 527 Iphide
306 469 474 508 mutata
496 458 625 507 Crete
648 457 864 524 propiora
886 456 1072 505 tulisset.

130 536 332 585 Proxima
358 535 578 584 Gnosiaco
598 554 701 584 nam
725 534 948 602 quondam
974 534 1165 583 Phaestia
1185 553 1321 596 regno

130 613 372 678 Progenuit
395 612 524 663 tellus
538 651 550 672 ‚
575 614 733 677 ignoto
755 612 933 661 nomine
956 612 1146 674 Ligdum
1160 650 1171 670 ‚

130 693 325 755 Ingenua
347 691 401 740 de
423 690 553 758 plebe
577 691 719 739 virum
738 710 748 738 ε
767 709 846 738 nec
870 707 1028 738 census
1052 690 1097 736 in
1120 689 1198 738 illo
1296 748 1300 752 .
1486 703 1552 748 671»

129 768 370 818 Nobilitate
394 788 474 818 sua
496 769 661 834 major3
687 767 765 817 sed
784 768 873 815 vita
894 766 1091 834 fidesque

128 845 357 914 Inculpata
380 847 466 896 fuit
487 868 498 896 :
525 846 710 910 gravidae
735 846 811 913 qui
836 845 1039 910 conjugis
1063 864 1190 894 aures

125 925 324 973 Vocibus
345 925 416 974 his
439 925 600 983 movit,
624 944 759 991 quum
779 924 867 989 jam
890 943 1031 991 prope
1053 934 1207 990 partus
1232 921 1405 970 adesset
1424 941 1434 969 :

131 1023 155 1044 «
183 1002 296 1066 Quae
319 1022 499 1052 voveam
523 1003 613 1054 duo
639 1014 769 1060 sunt,
790 1001 972 1050 minimo
997 1014 1048 1050 ut
1070 1000 1257 1049 relevere
1283 999 1465 1056 labore;

131 1101 155 1122 »
182 1080 334 1146 thue
353 1099 515 1129 marem
537 1080 682 1147 parias
701 1100 711 1129 ε
731 1080 962 1128 onerosior
983 1079 1119 1128 altera
1141 1098 1238 1127 sors
1264 1090 1357 1136 est3
1487 1091 1552 1136 675

132 1178 155 1199 »
182 1158 243 1205 Et
264 1157 378 1206 vires
401 1157 580 1207 fortuna
600 1169 731 1220 negat
750 1178 759 1205 :
781 1157 901 1224 quod
923 1156 1182 1215 abominor,
1206 1174 1312 1218 ergo

129 1291 208 1327 vide
233 1291 277 1327 ad
298 1293 372 1328 VII
386 1319 396 1338 ,
417 1294 549 1337 48ι.-
564 1294 750 1328 Monstrum
772 1299 807 1327 et

128 1348 325 1382 miraculum
335 1373 344 1387 ,
366 1347 466 1382 mirae
481 1360 670 1393 corporum
686 1354 805 1382 trans—-

128 1397 356 1434 formationes
367 1425 377 1443 ,
394 1406 433 1434 ut
447 1399 503 1444 tl,
521 1399 808 1446 367.—Tultlrse!.

131 1448 223 1484 Plin.
238 1450 331 1486 VIII
343 1476 354 1494 ,
367 1450 432 1497 Ep.
443 1462 490 1486 xx
501 1477 512 1495 ,
525 1465 543 1485 2
554 1477 565 1496 ,
579 1451 622 1486 de
634 1451 808 1486 miraculis

129 1508 265 1536 natura
274 1527 286 1546 ,
303 1515 374 1547 quae
387 1505 424 1538 si
432 1506 566 1539 tulisset
574 1504 721 1538 Achata.

172 1553 248 1590 668.
271 1555 441 1596 mastos,
467 1557 480 1600 (
498 1555 589 1591 Plin.
611 1556 665 1591 lv
679 1582 688 1599 ,
710 1570 736 1591 s.
754 1568 807 1590 πο.

128 1605 312 1650 Paestum)
319 1606 401 1643 urbs
408 1614 444 1642 et
451 1607 547 1654 regio
554 1608 674 1643 insulae
680 1608 808 1644 Cretae.

127 1654 200 1691 Sed
210 1658 348 1693 Gnosus
355 1659 468 1694 multo
478 1659 648 1694 celebrior
657 1659 807 1695 Phaesto.

127 1711 310 1755 —L13vdus
325 1711 417 1758 apud
443 1712 616 1747 Antonin.
637 1712 809 1758 Lamprus

127 1769 272 1798 vocatur
282 1790 292 1807 ,
307 1771 343 1799 et
353 1777 439 1799 uxor
451 1791 460 1809 ,
475 1777 553 1812 quae
566 1766 695 1801 Nostro
711 1767 810 1800 Tele-

127 1817 229 1850 thusa
241 1822 292 1852 est
302 1843 313 1860 ,
326 1815 483 1853 Galatea.
499 1818 627 1852 Monet
642 1818 809 1853 Heinsius

129 1879 227 1913 posse
236 1875 272 1903 et
278 1869 430 1915 Lygdum
437 1869 538 1905 scribi
550 1885 558 1913 ;
570 1883 653 1904 nam
664 1877 699 1905 et
709 1875 757 1916 λίγ
762 1875 810 1910 δὀς

131 1926 167 1954 et
178 1922 286 1965 λῦγδσς
296 1933 406 1966 graeca
415 1934 498 1957 esse.
509 1921 610 1956 Idem
620 1922 718 1957 malit
727 1936 810 1957 cum

129 1971 246 2018 paucis
257 1971 354 2008 MSS
365 1976 514 2018 ignotum
525 2001 533 2014 ,
551 1974 626 2010 sine
637 1988 749 2010 causa.
765 1976 808 2010 In

130 2037 264 2070 argum.
279 2023 451 2060 Lactantii
462 2052 472 2070 ,
490 2025 558 2061 Ed.
575 2025 702 2061 Colon.
717 2029 810 2074 Lyc-

130 2082 204 2118 tus,
222 2083 262 2113 ut
277 2083 314 2112 et
330 2076 409 2113 Ald.
429 2076 464 2112 h.
481 2077 503 2112 l.
519 2079 639 2124 Huius
655 2080 809 2115 nominis

132 2127 215 2163 urbs
230 2128 268 2164 in
284 2127 551 2177 Creta—Regii
565 2131 697 2176 nostri,
711 2135 810 2177 tigno-

130 2186 200 2214 tum
216 2180 369 2224 Lt'gdum.
383 2200 428 2207 —
442 2183 559 2226 Ignoto
575 2187 706 2220 nomine
715 2212 722 2226 ‚
742 2198 810 2220 nec

132 2230 265 2266 clarum
281 2231 384 2266 rebus
397 2233 498 2277 gestis
508 2259 518 2277 ,
536 2247 604 2269 nec
616 2228 723 2271 nobili
740 2249 809 2282 ge—

132 2297 218 2319 nere
233 2291 367 2320 natum.
380 2285 543 2332 Utroque
561 2288 667 2322 modo
683 2286 810 2324 dicitur

131 2349 267 2378 nomen,
289 2343 324 2371 et
335 2336 378 2371 de
391 2337 483 2372 sama
495 2338 585 2372 etde
598 2341 733 2385 generis
745 2354 810 2376 no-

130 2389 273 2425 bilitate.
285 2388 470 2435 Virgilius,
487 2389 709 2436 AEneid.1x,
724 2393 808 2437 343,

129 2443 276 2477 Multam
290 2446 365 2478 sinc
377 2446 508 2478 nomine
519 2446 658 2488 plebem.
673 2446 811 2489 Ignotus

131 2502 251 2531 autem
267 2495 396 2542 ,passim
415 2508 480 2542 pro
504 2495 647 2540 ignobili
668 2504 703 2531 et
723 2498 811 2532 obs—

131 2550 413 2590 cum—Census,
427 2547 554 2582 divitiae
568 2574 578 2591 ‚
597 2555 635 2582 ut
648 2548 703 2584 III
714 2575 724 2592 ,
737 2550 811 2584 588.

131 2601 218 2635 —In
230 2602 291 2635 illo
302 2627 311 2642 ‚
329 2600 660 2635 illius.—-Nobil1·tate
669 2628 678 2642 ,
696 2602 811 2645 jocose

133 2651 277 2687 dictum.
300 2651 396 2687 Male
419 2652 525 2698 igitur
546 2660 668 2688 auctor
686 2653 812 2700 Argu—

133 2703 245 2738 menti
263 2717 456 2748 generosum
475 2705 507 2739 ei
528 2708 661 2750 stirpem
682 2706 811 2741 tribuit.

135 2757 215 2791 Hac
239 2757 314 2802 ejus
337 2758 518 2792 notatione
543 2766 662 2793 autem
687 2766 722 2794 et
747 2760 813 2794 viri

136 2809 316 2846 decretum
337 2811 526 2847 illustratur
543 2819 578 2848 et
595 2812 759 2848 auxilium
780 2813 813 2848 ei

871 1290 991 1339 lptum.
1025 1291 1067 1326 In
1099 1293 1172 1325 vita
1196 1284 1384 1324 hominuin
1397 1291 1493 1334 fides
1516 1288 1553 1323 in

873 1343 995 1389 primis
1024 1350 1225 1389 spectatur,
1254 1341 1527 1376 fundamentum
1544 1368 1554 1385 ‚

874 1402 952 1438 aut,
969 1394 1164 1429 secundum
1178 1395 1305 1429 Horat.
1317 1395 1334 1429 Ι
1345 1420 1354 1438 ,
1370 1393 1440 1429 Od.
1452 1404 1553 1437 xxw,

871 1447 893 1481 6
906 1473 916 1490 ,
935 1459 1036 1481 soror
1053 1447 1204 1492 justitiae.

915 1499 989 1545 673.
1018 1500 1164 1534 Vocibus
1180 1501 1236 1533 his
1254 1502 1364 1534 movit.
1384 1497 1556 1533 Probita—

871 1556 944 1584 tem
969 1550 1033 1584 viri
1058 1551 1182 1596 probat
1203 1550 1310 1585 etiam
1336 1563 1406 1595 seq.
1433 1549 1555 1583 oratio.

872 1602 927 1637 De
952 1603 1062 1637 salute
1091 1602 1250 1649 conjugis
1281 1609 1333 1638 est
1362 1602 1527 1637 sollicitus
1543 1627 1552 1643 ‚

870 1654 1000 1690 invitus
1031 1654 1177 1689 mandat
1199 1681 1209 1699 ‚
1244 1654 1341 1690 addit
1371 1655 1553 1702 lacrymas.

871 1707 986 1742 Movet
999 1720 1096 1742 aures
1112 1709 1252 1741 alterius
1266 1713 1302 1741 et
1318 1707 1346 1741 is
1358 1733 1367 1749 ‚
1393 1706 1452 1751 qui
1473 1718 1555 1740 eum

872 1760 1060 1806 alloquitur
1073 1787 1083 1805 ,
1111 1768 1146 1796 et
1169 1774 1224 1795 res
1237 1787 1247 1804 ,
1274 1773 1351 1806 quae
1368 1766 1554 1794 narratur:

873 1813 940 1857 IV,
953 1827 991 1859 27
1001 1828 1027 1848 ι.
1039 1814 1120 1848 Hoc
1131 1814 1239 1859 magis
1249 1813 1439 1859 poeticum,
1449 1824 1557 1858 quam

874 1864 966 1910 quod
981 1865 1130 1900 Heinsio
1141 1865 1317 1900 arridebat
1332 1867 1474 1905 monuit,
1491 1877 1556 1910 pro

873 1930 943 1962 quo
966 1917 1056 1952 bene
1079 1931 1097 1953 e
1122 1918 1276 1963 quinque
1304 1917 1402 1952 MSS
1425 1918 1558 1963 recepit

873 1975 992 2004 tamen
1018 1972 1130 2004 movit.
1150 1987 1194 1996 ·—
1210 1968 1312 2014 Regii
1338 1968 1448 2003 nostri
1471 1968 1558 2003 dant

872 2026 1008 2057 monuit.
1014 2041 1059 2048 ·-·
1065 2024 1102 2057 V
1095 2036 1186 2058 overe
1194 2049 1204 2064 ‚
1223 2022 1367 2068 precari.
1373 2041 1419 2047 —
1425 2024 1558 2056 Labore

872 2075 1025 2120 praetulit
1033 2074 1128 2110 idem
1138 2074 1306 2110 Heinsius
1314 2087 1354 2109 ex
1364 2074 1538 2109 Urbinate
1547 2099 1557 2116 ‚

872 2127 988 2172 primo
1005 2127 1138 2162 Ersurt.
1157 2134 1193 2162 et
1211 2133 1362 2172 quatuor
1379 2126 1452 2161 aliis
1464 2152 1473 2170 ,
1493 2138 1558 2171 pro

872 2181 986 2214 dolore
1002 2178 1124 2227 (quod
1138 2179 1238 2214 estin
1250 2179 1378 2214 nostris
1391 2176 1557 2224 Regiis),

873 2231 954 2277 quia
970 2231 1067 2266 labor
1085 2238 1136 2267 est
1153 2243 1416 2277 puerperarum.
1430 2231 1558 2265 -Al-

871 2291 943 2318 tera
956 2297 1040 2319 sors.
1061 2284 1205 2320 Safftius
1221 2283 1327 2318 vertit
1340 2310 1349 2327 ,
1369 2288 1424 2318 ein
1439 2285 1562 2317 andrer

873 2336 962 2371 Fall.
980 2336 1078 2380 lmo,
1095 2349 1195 2371 sexus
1209 2335 1401 2370 femininus
1414 2333 1558 2378 intellig.

875 2386 934 2422 Sic
947 2400 1021 2422 sors
1037 2388 1166 2431 etiam,
1185 2388 1262 2431 111,
1282 2389 1369 2434 329;
1389 2387 1463 2429 VI,
1483 2386 1558 2420 580.

876 2440 928 2475 Ea
946 2454 1019 2476 sors
1037 2449 1088 2476 est
1106 2444 1292 2481 onerosior,
1322 2440 1401 2485 quia
1422 2446 1558 2485 patrem

875 2506 950 2527 non
968 2493 1133 2538 adjuvare
1152 2500 1266 2539 potest
1287 2493 1322 2526 in
1342 2492 1436 2527 victu
1456 2504 1559 2537 quae-

875 2545 1045 2580 rendo.—
1052 2547 1148 2580 Vires
1160 2545 1227 2580 dici
1245 2558 1309 2591 pro
1324 2545 1536 2591 patrimonio
1548 2572 1557 2588 ‚

876 2596 999 2643 opibus
1011 2623 1020 2640 ,
1039 2596 1167 2632 docent
1183 2597 1383 2632 Gronovius
1395 2624 1404 2641 ,
1424 2597 1560 2632 Obser-

877 2656 958 2684 vatt.
979 2649 1044 2692 1V,
1065 2662 1107 2696 29
1119 2675 1128 2693 ,
1149 2657 1184 2684 et
1196 2650 1423 2684 Burmannus
1434 2649 1476 2684 ad
1490 2649 1524 2684 h.
1538 2651 1559 2684 l.

879 2702 950 2738 Sed
963 2701 1149 2738 duodecim
1163 2704 1259 2739 MSS
1275 2704 1424 2748 habent,
1437 2712 1559 2739 natura

877 2762 994 2799 negat,
1015 2755 1108 2801 quod
1123 2756 1245 2802 probat
1259 2757 1435 2792 Heinsius.
1455 2756 1562 2791 Con-

880 2805 966 2842 ditio
982 2814 1118 2856 naturae
1133 2807 1311 2844 muliebris
1327 2816 1431 2856 negat
1448 2809 1538 2843 vires
1549 2833 1558 2851 ,
