1820 3106
353 236 1047 287 METAMORPHOSEON
1081 239 1212 283 LIB.
1254 240 1401 285 XIV.

159 338 294 387 Parte
319 336 479 386 datur:
503 334 588 384 sert
611 351 709 382 eece
731 333 880 382 avidas
901 334 948 382 in
971 334 1104 401 pinea
1122 334 1304 382 Turnus

1510 240 1593 302 471

1534 350 1601 383 530

159 413 703 479 Textafacestjguesque
727 412 916 470 timent,
941 411 1108 478 quibus
1127 411 1248 460 unda
1273 411 1485 479 pepercit.

158 494 346 559 Jamque
369 490 512 558 picem
534 502 583 539 et
603 508 747 548 ceras,
772 488 1070 556 alimentaque
1090 501 1241 538 caetera
1264 488 1449 538 flammae

159 569 384 621 Mulciber
407 569 592 626 urebat,
617 586 786 635 perque
809 567 948 616 altum
970 569 1026 616 ad
1049 569 1230 618 carbasa
1250 568 1417 618 malum

94 673 99 677 ·
157 647 280 705 Ibat,
307 658 352 695 et
372 646 565 695 incurvae
586 646 821 694 fumabant
840 657 1031 695 transtra
1058 642 1239 704 carinae;

157 727 312 790 Quum
332 744 504 774 memor
526 725 608 774 has
631 724 767 791 pinus
789 724 906 772 ldaeo
928 723 1090 772 vertice
1115 741 1246 772 caesas

1532 737 1598 773 535

155 805 319 854 Sancta
342 805 489 853 Deum
515 804 738 868 genetrix,
765 801 1008 852 tinnitibus
1031 821 1129 851 aera
1153 801 1275 869 pulsi

154 881 299 939 AEris‚
327 893 373 931 et
391 881 533 930 inflati
555 880 795 948 complevit
817 899 1044 929 murmure
1067 879 1176 928 buxi
1198 899 1208 927 :

155 960 330 1027 Perque
352 959 469 1009 leves
493 959 675 1008 domitis
699 960 872 1008 invecta
895 958 1104 1007 leonibus
1126 977 1280 1017 auras,

159 1061 182 1082 «
207 1039 340 1089 Irrita
361 1039 573 1103 sacrilega
593 1040 729 1105 jactas
753 1038 956 1087 incendia
980 1036 1159 1095 dextra,

158 1138 182 1159 »
207 1117 359 1166 Turne
375 1155 388 1176 ,
414 1117 502 1175 ait;
528 1116 714 1184 eripiam
729 1154 740 1175 ‚
764 1135 847 1165 nee
871 1135 942 1165 me
964 1115 1162 1183 patiente
1185 1112 1403 1163 cremabit

1537 1127 1604 1173 540

157 1215 182 1235 »
210 1194 337 1257 Ignis
359 1194 470 1243 edax
489 1212 723 1243 nemorum
747 1205 896 1260 partes
922 1204 966 1241 et
988 1192 1186 1241 membra
1207 1209 1427 1240 meorum.
1451 1213 1474 1234 υ

153 1272 361 1323 Intonuit
378 1273 557 1322 dicente
580 1274 675 1322 Dea
694 1294 705 1322 ε
729 1272 1033 1339 tonitrumque
1055 1271 1195 1320 secuti

159 1403 270 1449 (quod
289 1404 326 1439 in
345 1404 463 1450 Regiis
477 1402 612 1450 codic.)
627 1406 716 1438 bella
735 1402 848 1447 insau-

155 1466 230 1501 s!a‚·
243 1458 387 1504 quidam
403 1459 530 1503 infesta
540 1469 551 1500 ‚⁸
564 1470 656 1491 unus
667 1459 845 1491 exhausta.

201 1511 276 1546 530.
294 1512 373 1546 Fert
378 1510 485 1555 faces
497 1513 621 1544 an'das
631 1537 640 1551 ,
658 1510 740 1554 quia
756 1509 846 1555 ignis

156 1562 278 1598 avidus
290 1589 300 1606 ,
319 1561 583 1597 edam—Texta
595 1589 603 1603 ‚
624 1574 730 1596 naves
743 1575 750 1602 ς
764 1560 843 1594 vide

155 1616 200 1652 ad
216 1616 293 1660 XI,
311 1617 376 1660 514
395 1630 404 1651 ι
428 1623 510 1653 ante
533 1616 627 1650 Dan.
653 1616 847 1650 Heinsium
864 1608 867 1611 ⁴

155 1668 327 1704 edebatur
342 1669 458 1704 Tecta.
470 1687 514 1695 ·-
526 1668 629 1714 Regii
646 1663 724 1703 coff.
740 1667 845 1702 ambo

155 1721 243 1759 dant
254 1728 346 1757 tecta
355 1748 364 1762 ,
385 1721 448 1757 sed
460 1721 552 1756 bene
563 1728 660 1756 texta
668 1720 771 1756 scribi
783 1733 844 1755 vo-

154 1773 299 1810 luerunt
312 1772 544 1810 Constantius
553 1773 642 1808 Fan.
658 1772 845 1816 Ciofanus,

155 1835 192 1862 et
202 1826 274 1862 duo
284 1825 434 1862 Heinsii.
450 1827 517 1861 Ed.
529 1845 575 1852 —
586 1827 687 1870 Ignes
704 1829 824 1860 tt'nzent
832 1844 849 1869 ‚1

156 1878 230 1923 jam
245 1877 444 1913 verendum
460 1885 536 1913 erat
547 1904 556 1921 ,
581 1890 627 1912 ne
645 1877 726 1923 igne
742 1877 846 1923 peri-

156 1937 249 1966 rent.
267 1931 362 1966 Nota
377 1931 495 1966 iusum
510 1930 548 1965 in
566 1933 661 1975 ignes
677 1937 713 1965 et
727 1932 841 1972 unda,

158 1991 264 2030 atque
278 1983 404 2020 confer
418 1984 503 2019 AEn.
522 1984 593 2027 lx,
613 1998 650 2030 71
670 1996 744 2030 sqq.

203 2039 279 2073 532.
294 2039 409 2073 picem
423 2044 459 2072 et
474 2049 592 2081 ceras‚·
610 2036 689 2071 vide
708 2036 752 2071 ad
769 2037 844 2080 XI,
868 2051 873 2063 ⁵

159 2091 234 2134 524
250 2108 295 2125 —-.
306 2091 360 2128 lm
373 2102 463 2136 saepe
480 2089 524 2125 de
542 2089 646 2125 celeri
672 2097 709 2125 et
730 2089 845 2124 vehe-

159 2143 272 2181 menti
293 2151 418 2188 motu,
435 2142 504 2178 -ubi
528 2142 666 2188 gravius
694 2143 847 2177 verbum

158 2202 344 2242 exspectes.
358 2215 403 2222 —
415 2196 488 2231 Pro
501 2195 689 2240 fumabant
701 2195 844 2230 Thuan.

145 2250 386 2294 flammabant.
401 2247 497 2284 Hinc
511 2248 680 2285 Heinsius
702 2248 846 2293 conjicit

156 2304 375 2342 ῆαιιιιηαύαί,
397 2308 478 2347 aut,
496 2301 578 2347 quia
598 2300 665 2337 hoc
679 2301 845 2336 insolen-

162 2355 252 2399 tius,
268 2357 457 2396 lambebat,
483 2361 725 2400 etpraeterea,
748 2357 846 2399 tigna

164 2411 305 2451 carme,
327 2408 408 2454 quia
425 2407 530 2442 multi
544 2407 676 2442 habent
687 2433 697 2451 ,
714 2411 847 2452 ignee—-

141 2500 144 2502 ,
165 2461 270 2508 Regii
284 2462 423 2498 cedices
438 2463 543 2497 ambo
558 2461 646 2496 nihii
662 2468 812 2496 mutant.

207 2515 285 2551 535.
304 2517 413 2559 Quum
428 2528 553 2551 memor
564 2517 631 2549 has
646 2521 710 2548 etc.
727 2513 848 2560 Digna

167 2579 224 2603 res
231 2567 476 2616 visaVirgilio,
492 2568 535 2603 ad
547 2580 654 2614 quam
665 2579 756 2601 nova
764 2567 846 2602 Mu-

158 2633 278 2656 sarum
294 2621 515 2657 invocatione
530 2621 696 2656 transiret
707 2647 716 2664 ,
733 2633 780 2655 vs.
794 2634 852 2666 77,

157 2693 203 2702 -
216 2675 282 2709 Ida
292 2699 302 2715 ‚
317 2686 420 2709 mons
436 2687 533 2710 sacer
554 2673 717 2721 Phrygiae
733 2672 820 2709 Deae
833 2699 845 2717 ‚

158 2726 176 2773 (
193 2727 272 2762 vide
294 2739 343 2762 vs.
359 2729 421 2770 541
436 2725 453 2772 )
469 2726 618 2762 materia
634 2725 846 2762 abundabat.

158 2782 258 2816 Jdaea·
278 2793 383 2818 naves
410 2780 517 2818 etiam
539 2779 633 2828 apud
657 2780 784 2816 Horat.
804 2780 822 2816 1
835 2805 845 2824 ,

917 1388 1081 1445 Odsxv,
1109 1415 1136 1436 1.
1162 1401 1284 1436 Mater
1309 1400 1429 1435 Deum
1454 1401 1601 1437 AEneae'

909 1455 1145 1501 quum‘classe
1161 1453 1359 1500 indigeret,
1380 1454 1522 1499 pineam
1535 1454 1600 1489 sil-

896 1509 1076 1558 ‘vam38ibi
1095 1520 1235 1544 sacram
1263 1507 1410 1543 dederat
1428 1534 1438 1552 ,
1469 1508 1601 1544 Jovem

908 1570 1047 1610 precata
1062 1590 1071 1607 ,
1093 1577 1139 1598 ne
1155 1576 1261 1597 naves
1278 1561 1362 1597 inde
1380 1562 1481 1598 factoe
1492 1570 1601 1598 vento

909 1616 980 1651 ulio
996 1617 1236 1650 vincerentur.
1256 1615 1401 1660 Jupiter
1420 1615 1600 1660 promise-

909 1675 985 1712 rat,
1010 1681 1046 1702 se
1064 1667 1137 1703 ilias
1151 1694 1160 1711 ‚
1186 1667 1248 1702 ubi
1269 1667 1381 1702 finem
1404 1674 1599 1712 portusque

910 1722 1088 1756 Ausonios
1117 1720 1302 1756 tenuerint
1324 1746 1334 1763 ,
1371 1720 1409 1755 iu
1451 1719 1601 1765 aequoris

910 1775 1004 1810 Deus
1026 1788 1099 1809 esse
1121 1781 1356 1809 mutaturum.
1383 1773 1444 1808 Sic
1469 1772 1600 1818 Virgi-

908 1827 974 1863 lius
988 1853 997 1871 ,
1025 1827 1085 1872 qui
1110 1827 1304 1861 adventum
1329 1826 1417 1861 Deae
1444 1826 1603 1860 breviter

910 1879 1073 1915 describit
1087 1893 1095 1915 :
1111 1894 1129 1910 «
1143 1879 1268 1925 ingens
1282 1878 1389 1913 Visus
1402 1878 1444 1913 ab
1459 1879 1600 1913 Aurora

910 1949 928 1965 »
946 1933 1069 1969 caelum
1082 1941 1320 1969 transcurrere
1334 1933 1490 1976 nimbus,
1502 1933 1600 1967 Idaei-

910 2001 929 2018 »
948 2001 1016 2033 que
1032 1987 1131 2022 chori
1144 1998 1154 2021 z
1168 1994 1246 2022 tum
1262 1999 1328 2021 vox
1341 1985 1521 2021 horrenda
1532 1999 1597 2032 per

910 2054 928 2071 »
947 2053 1047 2076 auras
1064 2039 1222 2083 Excidit,
1243 2046 1279 2074 et
1294 2039 1432 2074 Troum
1448 2039 1598 2073 Rutulo-

910 2107 928 2123 »
946 2105 1100 2138 rumque
1120 2093 1260 2138 agmina
1283 2092 1447 2138 complet.
1464 2106 1482 2123 »
1508 2093 1596 2127 Haec

908 2146 1011 2182 latius
1029 2146 1158 2181 Noster
1171 2144 1526 2180 tractavit.—Pulsum
1538 2157 1596 2184 oes,

909 2199 1069 2247 cymbala
1080 2226 1089 2242 ,
1105 2211 1183 2244 quae
1195 2197 1291 2232 inter
1307 2210 1342 2232 se
1354 2210 1520 2232 concussa
1532 2199 1597 2231 lin-

907 2256 1015 2287 m'tum
1031 2252 1162 2287 dabant
1177 2258 1319 2286 acutum
1332 2263 1341 2292 ;
1357 2249 1437 2285 vide
1455 2250 1498 2285 ad
1519 2250 1595 2294 111,

910 2306 975 2340 532
988 2331 998 2349 ,
1021 2305 1081 2340 ubi
1094 2318 1164 2338 oera
1177 2316 1242 2338 aere
1254 2306 1398 2348 repulsa.
1415 2320 1461 2330 --
1474 2305 1596 2339 Buaeus

909 2364 1032 2393 contra
1042 2371 1068 2392 s.
1082 2356 1165 2392 tibia
1175 2355 1330 2403 Phrygia
1341 2356 1499 2400 incurva,
1513 2370 1598 2391 mur-

909 2423 984 2445 mur
995 2410 1120 2453 dabat,
1137 2409 1173 2444 id
1189 2416 1239 2444 est
1255 2420 1383 2444 sonum
1399 2422 1597 2455 gravem.—

903 2464 1097 2508 complevit
1103 2462 1149 2497 ita
1160 2475 1239 2497 aera
1253 2475 1318 2508 ope
1332 2461 1596 2509 Corybantum,

911 2516 973 2561 qui
992 2515 1153 2550 comitari
1174 2515 1289 2549 Deam
1313 2514 1406 2549 illam
1427 2514 1598 2551 solebant.

911 2568 1070 2613 Strepitu
1081 2575 1200 2602 autem
1214 2574 1467 2614 tympanorum
1478 2593 1488 2610 ,
1503 2581 1600 2616 cym-

911 2620 1073 2655 balorum
1097 2627 1133 2654 et
1159 2619 1325 2654 tibiarum
1348 2619 1514 2656 declarari
1538 2634 1599 2656 so-

910 2673 1004 2708 lebat
1024 2673 1130 2707 etiam
1148 2672 1184 2707 in
1201 2673 1304 2707 sacris
1327 2672 1498 2709 adventus
1520 2674 1597 2722 Cy-

911 2725 1017 2760 beles.
1031 2744 1075 2751 -
1090 2723 1148 2761 De
1165 2727 1318 2762 leonibus
1343 2724 1495 2774 Cybeles
1518 2726 1597 2762 vide

912 2777 957 2813 ad
973 2778 1007 2814 X
1020 2804 1031 2823 ‚
1055 2779 1130 2825 704.
