1820 3106
332 250 1020 308 METAMORPHOSEON
1055 255 1184 298 LIB.
1226 256 1383 301 VIII.

153 344 433 412 Conditaque
452 345 500 393 in
519 343 687 411 liquida
711 364 845 395 corna
868 345 1138 395 autumnalia
1159 347 1261 397 faece
1277 387 1289 407 ‚

1517 259 1573 318 57

1513 365 1579 398 665

151 422 426 489 Intnbaque‚
453 433 497 470 et
516 422 665 479 radix,
692 434 738 471 et
760 421 886 471 lactis
908 443 1049 472 massa
1075 426 1213 474 coacti
1229 464 1240 484 ‚

154 501 338 567 Ovaque
352 538 364 558 ‚
389 519 483 548 non
506 500 595 548 acri
617 499 771 549 leviter
792 512 963 549 versata
984 500 1129 549 favilla
1148 522 1158 560 ;

155 577 320 626 Omnia
340 577 555 626 fictilibus
575 598 586 626 ε
606 590 712 644 post
732 578 823 627 haec
844 578 1020 627 caelatus
1039 579 1190 628 eadem

153 654 336 703 Sistitur
356 654 510 720 argilla
532 668 696 715 crater3
722 656 1023 724 fabricataque
1045 656 1146 720 fago

150 738 345 797 Pocula,
373 759 459 806 qua
482 758 585 788 cava
607 751 736 799 sunt,
759 739 1026 789 flaventibus
1049 740 1160 789 illita
1182 741 1306 790 ceris.

1515 757 1583 803 670

153 820 292 870 Parva
311 840 438 870 mora
458 833 548 881 est;
575 821 816 889 epulasque
841 822 928 871 foci
948 822 1105 872 misere
1128 822 1316 872 calentes
1332 814 1350 871 ε’

150 904 244 952 Nec
265 902 410 967 longae
431 923 587 954 rursus
607 904 859 954 reseruntur
879 905 981 955 vina
1003 917 1211 964 senectae3

151 1037 254 1082 felici,
267 1038 352 1074 AEn.
363 1039 434 1083 ΙΙΙ,
445 1039 523 1087 649,
537 1043 722 1075 numerata
732 1066 741 1084 ,
753 1052 833 1075 con-

152 1089 219 1124 diri
230 1098 349 1126 tamen
362 1091 520 1126 solebant
533 1091 703 1127 olivarum
714 1092 834 1127 instar.

194 1145 270 1179 666.
293 1147 449 1180 lntubum
464 1146 634 1190 sativum,
651 1146 721 1180 sive
741 1145 832 1180 hor-

153 1203 253 1232 tense
266 1225 276 1242 ,
307 1197 413 1232 Linn.
442 1197 648 1233 Cichorium
673 1198 833 1232 Endivia.

152 1266 196 1274 —
207 1248 337 1284 Gallice
353 1251 502 1290 Eadm,
522 1249 617 1295 quod
634 1250 750 1285 forsan
770 1250 834 1284 de-

155 1300 301 1335 ductum
321 1302 427 1336 suerit
446 1303 488 1337 ab
503 1303 617 1337 Intiba
634 1302 728 1348 quod
748 1302 835 1337 dant

157 1354 258 1401 Regii
274 1356 386 1390 nostri
403 1354 564 1391 Codices.
577 1357 643 1391 Ed.
662 1355 750 1391 Inde
773 1356 834 1390 di·-

155 1420 296 1442 versum
315 1408 480 1443 intubum
500 1409 687 1443 erraticum
709 1407 835 1442 amaris

156 1459 280 1503 fibris¹,
313 1459 416 1495 Linn.
436 1459 643 1496 cichorium
661 1460 810 1495 Intubus
823 1487 833 1504 ,

158 1511 356 1558 germanice
382 1513 599 1557 Wegwarte-
607 1514 744 1553 Radix,
770 1526 834 1547 ra—

92 1607 95 1614 ,
155 1563 292 1610 pharus.
305 1565 431 1599 —Lac
437 1571 606 1605 coactum,
622 1577 696 1599 uno
706 1565 814 1600 verbo
824 1591 834 1608 ‚

154 1619 330 1662 coagulum
347 1644 355 1659 ,
383 1617 478 1663 quod
503 1617 631 1662 legitur
654 1618 745 1652 Fast.
767 1617 833 1661 IV,

156 1670 243 1715 5433
260 1671 383 1706 conser
396 1670 488 1705 iufra
504 1670 578 1705 XII
591 1697 601 1714 ‚
620 1670 694 1714 436.
704 1689 749 1696 -
762 1671 836 1704 Ova

155 1723 248 1770 apud
259 1724 441 1758 Romanos
451 1723 524 1758 sere
536 1736 676 1769 semper
689 1723 726 1757 in
736 1723 836 1769 prin-

153 1776 245 1822 cipio
259 1787 378 1812 coenoe.
565 1807 569 1813 .

196 1827 273 1862 668.
296 1829 385 1863 Post
403 1829 474 1862 hec
498 1829 637 1862 coelatus
661 1834 725 1862 etc.
751 1828 836 1863 Post

155 1878 302 1914 missum
316 1879 471 1925 primum
487 1880 600 1925 prima
615 1879 696 1913 vina
713 1886 837 1914 contra

155 1932 258 1978 prisci
269 1933 330 1967 aevi
344 1945 482 1968 morem
493 1939 685 1979 ponuntur.
698 1931 768 1967 Sed
781 1931 837 1967 hic

156 1991 193 2020 et
210 1984 254 2019 de
278 1985 427 2020 lectione
451 1991 487 2020 et
511 1984 555 2019 de
576 1998 680 2020 sensu
701 1984 838 2019 labora-

158 2050 248 2072 mus.
260 2036 360 2073 Olim
371 2037 550 2084 legebatur
559 2045 568 2081 3
577 2040 715 2072 caelatus
725 2039 838 2071 eodem

158 2090 298 2125 St’stae’tur
313 2096 450 2135 argento
467 2096 584 2125 crater.
601 2088 673 2125 Sed
689 2089 838 2124 Heinsio

160 2141 360 2187 displicebat
378 2149 415 2176 et
435 2150 621 2188 argenteus
644 2148 680 2177 et
700 2141 838 2177 caelatus

159 2201 274 2231 crater
296 2194 334 2229 in
355 2195 442 2230 vasis
460 2195 687 2231 Philemonis.
711 2196 838 2240 Quum

160 2247 267 2295 igitur
282 2247 320 2281 in
336 2260 409 2282 uno
424 2248 583 2283 Palatino
599 2256 688 2284 esset
699 2275 709 2293 ‚
726 2251 839 2285 eodem

160 2302 290 2344 arge'llo,
313 2300 351 2334 in
368 2299 487 2334 multis
505 2299 576 2334 aliis
595 2300 703 2336 MSS.
720 2308 839 2336 autem

160 2363 226 2399 pro
240 2352 529 2398 interpretatione
548 2351 758 2398 adscriptum
777 2367 839 2389 es·-

159 2412 213 2441 set
236 2407 279 2439 de
299 2408 441 2450 argilla,
470 2404 537 2439 hoc
556 2405 687 2450 recepit
702 2406 738 2440 in
753 2419 842 2441 con-

160 2463 295 2492 textum
305 2483 315 2501 ‚
334 2465 369 2492 et
384 2469 448 2503 pro
465 2459 602 2491 celatus
618 2457 841 2492 scribendum

161 2516 301 2553 censet,
318 2512 445 2544 illatus.
466 2509 635 2554 Rigaltius
657 2516 778 2543 contra
798 2508 841 2543 ad

163 2561 371 2596 Tertullian.
388 2561 431 2596 de
448 2561 580 2596 Cultib.
595 2561 715 2596 semin.
732 2561 788 2596 lib.
802 2561 839 2601 Ι,

162 2627 236 2660 cap.
255 2628 273 2648 2
287 2639 297 2657 ,
321 2620 440 2649 tuetur
457 2614 637 2660 antiquam
655 2613 842 2648 lectionem

164 2673 331 2712 putatque
349 2662 464 2711 jo'cose
478 2666 545 2701 hoc
558 2666 690 2701 dictum
701 2679 773 2700 esse
786 2691 796 2709 ,
808 2672 844 2700 et

164 2732 183 2754 e
208 2719 444 2765 superioribus
466 2720 563 2755 facile
590 2719 843 2765 explicandum.

165 2772 298 2818 Fruges
309 2784 432 2807 omnes
449 2771 715 2818 adponebantur
731 2772 845 2818 infic-

897 1042 1015 1074 tt'libus
1036 1040 1134 1075 vasis.
1162 1039 1290 1074 Crater
1309 1041 1422 1074 eodem
1445 1046 1582 1084 argento

898 1095 1038 1127 caelatus
1057 1106 1141 1139 ergo
1167 1094 1259 1127 foret
1277 1119 1287 1136 ,
1311 1093 1410 1127 nullo
1435 1100 1582 1138 argento

899 1145 1037 1180 caelatus
1048 1171 1057 1188 ,
1076 1158 1174 1190 aeque
1186 1157 1260 1179 non
1273 1151 1458 1190 argenteus
1469 1152 1504 1179 et
1515 1156 1583 1179 cae—

898 1199 987 1234 latus
1004 1212 1043 1234 ac
1058 1200 1211 1245 reliqua,
1230 1211 1307 1244 quae
1325 1188 1583 1244 praecesserant.

901 1252 944 1286 In
971 1254 1093 1286 celata
1116 1254 1240 1296 argilla
1266 1252 1394 1286 frustra
1419 1250 1583 1286 haeretur.

900 1303 1045 1338 Etenim
1055 1303 1176 1338 latiore
1189 1316 1293 1338 sensu
1305 1305 1424 1337 caelare
1435 1302 1583 1336 omnino

899 1356 1137 1391 instrumento
1154 1355 1268 1390 fabrili
1290 1354 1446 1390 incidere
1459 1381 1469 1398 ,
1490 1355 1583 1389 scal-

900 1421 983 1454 pere
1002 1434 1011 1452 ,
1037 1407 1173 1442 radere.
1196 1407 1386 1454 Virgilius,
1410 1407 1482 1442 Ecl.
1505 1408 1583 1450 111,

899 1460 956 1505 37,
968 1459 1062 1505 ligne
1068 1473 1127 1494 um
1138 1459 1304 1504 poculum
1323 1466 1423 1496 vocat
1433 1461 1585 1493 celatum

899 1525 998 1556 opus,
1017 1513 1054 1547 in
1067 1525 1137 1558 quo
1151 1513 1230 1547 vitis
1241 1520 1336 1547 tomo
1347 1511 1583 1547 effecta—De

899 1567 1014 1599 eadem
1036 1567 1160 1609 argilla
1180 1564 1277 1599 idem
1298 1564 1393 1610 quod
1414 1564 1584 1610 Rigaltius

900 1626 1026 1664 putant
1041 1618 1163 1663 multi,
1181 1631 1288 1664 quare
1298 1620 1411 1653 eodem
1426 1625 1563 1663 argento
1574 1646 1583 1659 ‚

899 1671 1015 1715 jocose
1026 1671 1158 1706 dictum
1169 1672 1584 1716 anteponuntAEd-Fa-

900 1723 1334 1768 bricataquefagopoculm
1348 1723 1472 1768 Vix-gil.
1490 1722 1583 1757 dicto

899 1775 976 1810 loco
987 1802 996 1819 ,
1008 1779 1135 1821 pocula
1142 1777 1272 1821 fagina
1280 1788 1292 1819 ,·
1313 1777 1404 1811 Fast.
1415 1775 1447 1810 d.
1458 1775 1479 1809 l.
1492 1775 1585 1821 apud

901 1829 1037 1876 Hyriea
1049 1857 1056 1869 ‚
1076 1831 1178 1864 Terra
1192 1832 1312 1864 rubens
1322 1835 1444 1868 crater,
1458 1830 1584 1873 pocula

890 1881 1001 1926 sagus
1011 1888 1115 1916 erant.
1130 1881 1302 1925 Tibullus,
1314 1882 1350 1926 1,
1363 1893 1375 1915 1
1387 1908 1395 1924 ‚
1408 1881 1450 1916 38
1462 1894 1470 1915 ι
1481 1882 1585 1915 Dona

902 1947 963 1968 nec
976 1938 1095 1978 epatis
1104 1938 1249 1979 spernite
1247 1937 1428 1980 fictilibus.
1445 1936 1585 1969 Fictilia

900 1990 1058 2031 antiquus
1078 1990 1222 2030 primum
1245 1988 1317 2021 sibi
1327 1986 1421 2030 fecit
1443 1990 1586 2031 agrestis

901 2042 1032 2075 Pocula
1040 2067 1050 2081 ‚
1069 2039 1228 2084 desacili
1239 2043 1487 2085 composuitque
1501 2042 1583 2076 luto.

902 2091 1004 2127 Idem
1022 2092 1039 2126 Ι
1051 2118 1060 2135 ,
1079 2103 1101 2126 Χ
1112 2118 1121 2135 ,
1141 2093 1161 2126 8
1174 2092 1216 2127 de
1232 2105 1339 2127 aureo
1355 2092 1472 2127 seculo
1484 2118 1493 2136 ,
1512 2094 1584 2126 Fa-

898 2147 999 2188 ginus
1015 2146 1180 2179 adstabat
1194 2147 1349 2191 scyphus.
1358 2164 1402 2171 —
1414 2147 1490 2188 Qua
1500 2157 1586 2179 cava

902 2202 982 2231 sunt
997 2204 1061 2231 etc.
1079 2196 1258 2232 Theocrit.
1277 2197 1294 2231 I
1307 2223 1316 2240 ,
1336 2211 1375 2243 ²7
1388 2223 1397 2240 ,
1416 2201 1492 2242 βαθὺ
1506 2213 1584 2232 κισ-

904 2252 1006 2284 σύέισν
1021 2252 1216 2294 nahmi-2020
1228 2250 1299 2285 ἄδεῖ
1307 2256 1389 2299 καρῷ
1400 2275 1409 2293 ,
1428 2250 1583 2295 prosun—

902 2301 989 2336 dum
1000 2301 1165 2347 poculum
1179 2301 1270 2336 dulci
1286 2314 1365 2336 cera
1381 2302 1562 2336 collutum.

948 2354 988 2399 67
998 2367 1009 2387 1
1017 2379 1024 2386 .
1034 2355 1245 2388 Panamara
1254 2360 1317 2397 est‚·
1326 2361 1390 2388 etc.
1401 2352 1586 2387 Secundus

903 2405 1251 2445 missus.—-Caleates,
1267 2417 1395 2450 nempe
1409 2412 1506 2450 terga
1517 2404 1586 2439 suis

903 2470 984 2491 cum
994 2457 1101 2501 olere,
1111 2457 1154 2492 de
1168 2469 1237 2502 quo
1244 2470 1318 2502 sup.
1326 2456 1498 2501 646.Vina
1508 2465 1586 2503 post

905 2511 1061 2556 primum
1087 2511 1231 2544 missum
1260 2510 1413 2556 apposita
1442 2517 1477 2545 et
1503 2523 1585 2545 mox

904 2570 1041 2597 remota
1057 2575 1153 2596 nunc
1169 2574 1283 2596 rursus
1299 2562 1500 2607 reseruntur,
1522 2576 1585 2598 se—

905 2614 1020 2649 cunda
1036 2614 1109 2648 vice
1128 2621 1363 2659 apponuntur.
1388 2614 1501 2649 Erant
1521 2628 1584 2649 au-

906 2674 979 2701 tem
995 2680 1059 2700 non
1075 2669 1181 2711 longa·
1194 2673 1341 2702 senectae.
1359 2666 1494 2701 Contra
1505 2668 1587 2714 Hy-

906 2720 999 2754 rieus
1010 2746 1019 2763 ,
1043 2719 1079 2753 in
1103 2719 1185 2754 cibis
1211 2720 1348 2765 parcior
1364 2747 1373 2763 ,
1406 2722 1487 2763 Quae
1502 2732 1588 2764 puer

906 2775 1071 2819 quondam
1096 2777 1216 2819 primis
1246 2774 1433 2819 dtsfuderat
1457 2777 1558 2808 annis
1571 2800 1580 2814 ,
