1820 3106
314 231 316 233 ’
348 225 1042 314 METAMoRPuosnoN
1074 250 1207 294 LIB.
1241 250 1303 293 x.

115 355 232 404 Dum
257 353 368 404 ferat
390 363 434 400 et
454 348 704 417 Myrrham!
731 345 849 400 tanti>
866 356 1093 393 novavnon
1115 342 1201 391 fisit
1223 341 1355 390 arbos
1373 341 1383 389 ἔ

1447 247 1527 291 185

1466 355 1531 389 310

114 433 216 499 Ipse
238 439 369 494 negat
389 424 592 476 nocuisse
617 425 701 473 tibi
720 420 1111 489 ³Sua2tela³Cupido
1126 457 1138 477 ‚

118 508 326 576 Myrrha3
350 505 553 572 facesque
575 523 678 553 suas
698 523 722 552 a
744 502 924 557 crimine
945 501 1138 549 vindicat
1157 499 1256 549 isto.

115 585 275 653 Stipite
297 596 340 633 te
361 583 514 651 Stygio
527 619 540 640 ,
566 579 839 647 tumidisque
863 579 1039 628 adflavit
1061 576 1298 634 Echidnis,

45 675 49 678 ’
115 664 155 713 Ε
178 651 321 711 tribus
344 679 433 710 una
455 677 583 708 soror
602 678 611 706 :
634 657 777 707 scelus
800 670 867 706 est
891 657 1038 706 odisse
1061 667 1288 723 parentem
1308 674 1319 702 τ

116 738 203 789 Hic
223 757 348 787 amor
367 749 436 786 est
458 736 563 785 odio
587 736 729 802 majus
753 734 896 784 scelus
918 754 928 783 :
953 734 1150 800 undique
1175 731 1277 781 lecti

1471 744 1535 779 315

114 817 178 866 Te
202 815 389 883 cupiunt
410 833 639 883 proceres;
659 825 842 881 totoque
867 813 1051 862 Oriente
1071 812 1278 877 juventus

113 942 292 978 Panthaia
308 940 415 975 etiam
431 939 590 975 Tibullus
602 965 612 984 ,
630 939 708 982 111,
732 949 763 972 11
778 964 788 982 ,

114 993 156 1027 23
168 1005 178 1035 ;
192 993 299 1027 Dives
312 992 449 1034 Arabs,
468 991 522 1027 lv
535 1018 545 1036 ,
562 1002 592 1025 11
605 1017 615 1035 ,
638 991 677 1025 18
694 1004 702 1033 ;
720 991 791 1024 Tu-

111 1045 223 1091 nfiris
232 1047 408 1080 Panchaia
412 1047 550 1090 pinguis
560 1046 684 1085 aremb,
699 1042 790 1088 apud

114 1097 302 1143 Virgilium
319 1123 328 1141 ,
347 1097 476 1143 Georg.
493 1097 530 1132 11
543 1122 552 1140 ‚
575 1096 646 1144 139.
667 1096 715 1130 Et
726 1095 791 1129 illae

114 1149 274 1185 Arabum
300 1149 427 1184 divitiae
457 1149 530 1193 (de
552 1149 676 1194 quibus
699 1147 791 1183 cons.

117 1201 349 1246 Claudianus,
364 1203 472 1248 Nupt.
485 1202 583 1237 Hon.
599 1215 642 1249 92
651 1200 741 1245 sqq)
755 1199 791 1233 in

114 1256 342 1300 proverbium
357 1255 528 1290 abierunt.
546 1255 638 1289 Tam
653 1255 690 1288 in
705 1253 793 1287 Ara-

115 1307 185 1350 bia,
197 1307 346 1352 quamin
359 1307 529 1341 Armenia
540 1313 575 1340 et
586 1305 708 1339 Media
717 1317 792 1339 nas-

116 1359 260 1394 cebatur
273 1371 448 1399 amomum,
463 1357 596 1393 fruticis
606 1355 742 1390 odorati
757 1362 793 1390 et

117 1425 202 1447 uvas
215 1412 360 1447 serentis
375 1422 486 1458 genus
500 1423 510 1452 ;
526 1409 661 1445 Plinius
673 1434 682 1452 ‚
700 1408 773 1442 XII
783 1433 793 1450 ,

121 1466 162 1499 ιδ
177 1477 187 1502 x
208 1464 268 1500 sed
288 1463 417 1499 deinde
441 1463 486 1497 de
512 1461 611 1497 omni
638 1466 794 1495 aromate

117 1515 402 1552 sincero‘dietum
423 1514 527 1550 docet
549 1511 734 1548 Salmasius
750 1509 794 1545 ad

118 1570 229 1605 Solia.
243 1582 276 1616 p.
293 1569 613 1612 284.—Ct'nnami1m
628 1577 702 1600 non
716 1563 795 1599 tulit

118 1621 248 1658 Arabia
260 1647 272 1666 ,
300 1620 362 1656 sed
387 1618 583 1656 secundum
610 1617 766 1653 Plinium
783 1642 793 1659 ,

117 1674 214 1718 XII,
243 1686 283 1722 ¹9
296 1700 306 1718 ,
336 1673 379 1708 ab
397 1672 621 1718 AEthiopibus
640 1669 758 1717 (sorte
776 1682 796 1703 a

118 1724 341 1772 Sinensibus)
353 1725 581 1772 importatum
593 1724 802 1759 ese-Costa·

117 1778 215 1814 radix
237 1785 274 1814 et
289 1778 372 1813 folia
396 1777 524 1813 eximio
550 1776 659 1811 odore
675 1802 685 1819 ‚
714 1775 798 1810 hinc

119 1831 217 1866 Indis
237 1831 275 1866 in
305 1831 459 1865 maximo
483 1829 607 1875 pretio.
635 1827 770 1863 Plinius
786 1853 796 1871 ,

119 1883 194 1918 XII
205 1909 214 1927 ,
235 1896 339 1918 ιι-
352 1883 445 1916 Tura
453 1881 534 1916 solis
548 1879 693 1922 Sabaeis,
707 1879 800 1913 Ara-

117 1936 186 1971 biae
200 1934 329 1980 populo
345 1959 356 1978 ,
373 1945 533 1979 concessa
545 1958 555 1976 ‚
583 1931 744 1967 sudantia
757 1943 798 1965 ex

120 1987 302 2023 arboribus
311 1986 436 2022 incisis.
447 1985 582 2021 Plinius
595 2011 605 2028 ,
622 1985 694 2020 XII
705 2011 713 2025 ,
736 1985 797 2028 143

121 2039 247 2086 Virgil.
262 2039 390 2084 Georg.
409 2039 447 2075 II
459 2065 469 2082 ,
500 2052 513 2072 1
523 2051 570 2085 ¹7·
595 2055 640 2063 -—
655 2038 771 2071 Mores
786 2062 796 2077 ‚

121 2092 267 2138 plantas,
278 2091 429 2126 frutices.
444 2090 515 2126 Sed
532 2089 652 2124 omnia
662 2089 718 2124 illa
734 2089 800 2124 bo-

122 2158 168 2180 na
179 2151 324 2191 superat
338 2144 423 2180 illud
439 2144 547 2179 nefas.
564 2144 647 2178 Non
665 2148 800 2188 poterat

121 2197 234 2233 acrius
244 2196 392 2236 aversari
403 2195 562 2242 Myrrhae
577 2195 745 2230 furorem.
756 2212 800 2221 —-

123 2250 167 2290 In
178 2249 307 2285 Arabia
318 2248 424 2294 igitur
431 2254 564 2282 mutata
575 2254 626 2282 est
637 2246 798 2294 Myrrha,

120 2308 160 2337 et
174 2302 256 2337 hinc
273 2301 379 2336 etiam
390 2300 480 2346 fugit
492 2312 579 2334 vers.
589 2301 663 2343 478.
676 2301 799 2345 Itaque

122 2367 190 2390 nec
214 2353 438 2401 Assyriorum
454 2378 463 2395 ,
493 2364 560 2386 nec
588 2350 802 2398 Cypriorum

122 2420 183 2442 rex
198 2417 270 2441 esse
293 2405 406 2451 potuit
430 2403 591 2452 Cinyras.
609 2402 803 2439 Glareanus

121 2459 316 2505 suspicatur
331 2485 342 2502 ,
376 2457 547 2506 Cinyram
566 2457 687 2502 Papho
701 2458 802 2492 fratri

126 2510 238 2558 Cypri
250 2510 402 2556 'imperio
410 2509 547 2544 cessisse
563 2509 600 2543 in
615 2508 781 2543 Arabiam
791 2535 801 2552 ,

122 2563 184 2597 ubi
202 2562 391 2609 Myrrham
407 2562 579 2607 genuerit.
606 2560 678 2596 Sed
693 2574 804 2606 quum

125 2614 339 2658 nesciamus,
363 2627 449 2659 quos
472 2620 629 2648 auctores
655 2611 804 2648 Ovidius

124 2672 264 2701 secutus
280 2665 343 2708 sit,
362 2665 447 2699 nihil
465 2664 521 2699 hic
536 2671 632 2699 certo
648 2663 714 2698 dici
731 2676 804 2709 po-

126 2723 204 2752 test.
235 2717 278 2752 In
298 2716 432 2751 Libano
447 2723 570 2751 monte
588 2729 666 2751 eam
684 2723 804 2751 natam

128 2780 214 2813 esse,
224 2774 345 2803 auctor
352 2774 404 2803 est
415 2767 619 2803 Antoninus
626 2766 803 2804 Liberalis.

901 939 977 973 311.
1003 940 1080 984 Ipse
1098 943 1198 983 negat
1210 938 1374 972 nocuisse.
1397 935 1536 981 Turpi-

855 992 1018 1028 tudinem
1033 992 1130 1027 istius
1146 991 1274 1026 amoris
1290 988 1443 1025 ostendit
1456 988 1536 1034 pri-

856 1058 958 1080 mum
969 1058 1010 1079 ex
1020 1045 1095 1090 ejus
1101 1044 1235 1090 origine
1249 1069 1259 1087 ,
1278 1050 1355 1077 tum
1365 1054 1429 1087 per
1437 1053 1537 1075 com-

857 1098 1075 1144 parationem
1085 1109 1166 1131 eum
1174 1095 1256 1130 odio
1267 1094 1432 1140 parentis,
1443 1093 1539 1127 deni-

858 1163 926 1195 que
935 1163 976 1184 ex
986 1149 1119 1183 insania
1129 1147 1272 1195 virginis
1281 1147 1319 1181 in
1330 1144 1537 1192 spernendis

858 1202 980 1247 procis.
992 1202 1073 1237 Non
1086 1200 1141 1234 ille
1153 1212 1254 1234 amor
1266 1199 1414 1244 injectus
1429 1210 1447 1231 a
1464 1195 1540 1231 Cu-

860 1254 977 1300 pidine
991 1279 1001 1297 ‚
1030 1253 1089 1288 sed
1117 1251 1160 1286 ad
1188 1251 1311 1287 Furias
1334 1248 1540 1284 resa-cadus

862 1306 936 1340 talis
949 1306 1047 1340 furor
1057 1318 1064 1339 :
1073 1305 1163 1339 bene
1177 1302 1393 1349 Cupidinem
1407 1301 1542 1336 inducit

862 1372 897 1393 se
920 1364 1140 1403 purgantem.
1174 1355 1279 1400 Apud
1297 1354 1482 1402 Hyginum
1505 1360 1542 1387 et

858 1410 1013 1444 Lactant.
1030 1409 1067 1443 in
1086 1409 1231 1454 Argum.
1245 1406 1370 1441 Venus
1380 1406 1540 1440 immittit

859 1461 1017 1509 Myrrhae
1034 1461 1146 1505 (sorte
1164 1459 1354 1495 Furiarum
1369 1459 1538 1494 ministe-

858 1514 925 1557 rio)
935 1515 1042 1549 istum
1051 1514 1222 1555 furorem,
1234 1511 1327 1557 quod
1340 1518 1454 1546 mater
1464 1511 1539 1555 ejus

859 1578 941 1600 ausa
961 1571 1050 1600 esset
1066 1578 1102 1599 se
1119 1564 1282 1609 praeferre
1302 1563 1386 1598 Deae
1403 1577 1411 1604 ς
1436 1575 1540 1597 eam-

859 1618 1012 1662 demque
1032 1617 1238 1663 opinionem
1260 1615 1368 1650 etiam
1387 1616 1514 1650 Noster
1530 1641 1538 1657 ,

859 1684 946 1706 vers.
960 1671 1025 1714 524
1036 1696 1046 1714 ‚
1058 1676 1195 1704 secutus
1206 1667 1540 1714 videtum—Myrrha

861 1725 904 1759 ab
928 1724 1000 1759 aliis
1019 1730 1163 1758 vocatur
1186 1723 1343 1768 Smyrna,
1366 1733 1466 1756 causa
1490 1728 1543 1755 est

861 1777 947 1821 haec,
961 1775 1042 1821 quia
1059 1775 1162 1810 arbor
1178 1775 1235 1809 illa
1248 1773 1379 1809 Graecis
1393 1780 1429 1808 et
1444 1776 1543 1823 μύῤῥα

863 1835 899 1863 et
921 1832 1038 1878 σμύρνα
1055 1827 1157 1862 dicta.
1177 1826 1247 1862 Sed
1265 1826 1380 1861 Latini
1400 1826 1543 1861 malue-

862 1888 947 1915 runt
962 1881 1102 1928 Myrrha
1117 1880 1264 1915 scribere
1279 1893 1287 1915 :
1306 1879 1374 1914 vid.
1387 1879 1544 1914 Munke-

863 1946 922 1968 rus
938 1933 981 1968 ad
999 1933 1134 1981 Hygini
1148 1933 1301 1967 fabulam
1319 1931 1543 1967 58.-Gravis

864 1987 1033 2033 oppositio
1043 1986 1081 2021 in
1096 1989 1174 2021 telis
1187 1988 1363 2031 Cupidinis·
1378 1991 1414 2020 et
1428 1987 1546 2029 stipite

863 2040 988 2086 Stygio.
1003 2039 1178 2074 Junianus
1196 2046 1231 2073 et
1251 2037 1461 2074 Bersmanni
1475 2036 1545 2071 MS

863 2092 969 2127 habet
979 2093 1097 2137 Stipite
1105 2094 1148 2126 de
1157 2092 1328 2139 Stygia—
1335 2092 1368 2124 T
1363 2091 1548 2134 umidisque

863 2146 1013 2189 adflavit.
1023 2143 1156 2190 Regius
1168 2149 1203 2178 et
1214 2144 1238 2178 J
1241 2143 1391 2178 unianus
1402 2143 1451 2186 (et
1464 2154 1549 2176 nos-

864 2203 920 2232 ter
930 2196 961 2231 A
973 2196 1118 2242 Regius)
1130 2198 1266 2231 tumidis
1275 2196 1350 2230 sine
1361 2207 1433 2240 que,
1443 2201 1482 2228 ut
1490 2194 1547 2237 sit,
1608 2200 1613 2209 ¹

860 2249 1009 2284 'tumidis
1033 2248 1076 2283 de
1103 2248 1218 2294 stipite
1237 2247 1405 2283 Echidnis
1421 2259 1428 2280 :
1446 2246 1549 2280 male.

872 2303 1025 2336 Tumid115
1036 2328 1043 2342 ‚
1070 2300 1197 2336 scilicet
1212 2313 1362 2334 veneno.
1374 2318 1418 2325 —
1426 2299 1549 2343 Adsta-

866 2356 914 2387 vit
928 2365 1000 2388 non
1016 2352 1082 2387 nisi
1098 2351 1141 2386 de
1158 2351 1325 2386 Echidnis
1340 2350 1406 2385 dici
1420 2356 1547 2395 potest,

866 2404 926 2440 sed
943 2417 1042 2439 more
1059 2411 1242 2450 poetarum
1266 2416 1378 2437 unum
1403 2402 1551 2436 verbum

868 2457 1003 2491 duobus
1011 2456 1213 2490 nominibus
1221 2455 1348 2490 Noster
1357 2466 1549 2490 accommo-

867 2509 971 2544 davit.
987 2508 1112 2553 Stipite
1131 2514 1167 2541 et
1183 2506 1313 2540 adflatu
1331 2505 1500 2540 Echidnae
1514 2513 1548 2540 te

869 2560 1064 2595 vulneravit
1076 2586 1085 2603 ,
1097 2571 1254 2593 amorem
1268 2566 1369 2592 tuum
1380 2557 1549 2592 excitavit.

869 2615 956 2647 —E
962 2615 1068 2647 tribus
1078 2625 1146 2645 una
1157 2624 1260 2646 soror.
1272 2610 1356 2645 Una
1370 2623 1411 2644 ex
1424 2610 1551 2653 Furiis,

870 2664 1077 2710 Tisiphone,
1089 2663 1223 2705 Alecto,
1235 2669 1295 2697 aut
1303 2663 1468 2708 Megaera.
1484 2664 1550 2696 Ed.

915 2716 991 2751 316.
1021 2717 1068 2750 Te
1091 2719 1231 2760 cupiunt
1246 2727 1408 2759 proceres.
1438 2714 1555 2748 Tanto

872 2767 990 2803 minus
1005 2766 1145 2803 veniam
1162 2766 1364 2802 merebatur
1375 2764 1525 2812 Myrrha
1540 2789 1550 2808 ,
