1820 3106
360 264 1072 311 METAMORPH-OSEON
1103 268 1232 311 LIB.
1264 269 1376 316 XV.

1493 270 1574 313 501

149 356 344 423 Prodiga
361 357 561 416 divitias,
585 356 880 425 alimentaque
906 360 1030 410 mitia
1048 351 1182 408 tellus
1214 348 1215 351 Ἰ

149 434 381 499 Sugga-it,
404 445 538 501 atque
559 433 714 501 epulas
739 435 833 485 sine
857 437 971 485 caede
995 448 1038 485 et
1062 437 1274 500 sanguine
1299 438 1481 505 praebet.

151 515 294 564 Carne
314 513 415 563 ferae
438 513 592 562 sedant
611 513 775 579 jejunia
793 534 803 573 ;
827 533 908 564 nec
930 528 1080 565 tamen>
1100 536 1280 566 omnes:

149 593 334 660 Quippe
359 611 530 659 equus,
557 603 602 641 et
624 593 838 659 pecudes,
863 606 1145 661 armentaque
1168 595 1363 659 gramine
1384 596 1548 645 vivunt.

145 670 210 719 At
226 670 399 737 *quibus
421 669 650 734 ingenium
673 682 739 719 est
760 671 1213 740 immansuetumque,
1236 673 1492 741 ferumque,
1535 688 1580 723 85

145 749 454 817 Armeniaeque
478 750 639 814 tigres,
667 751 954 819 iracundique
974 751 1152 810 leones,

147 827 351 895 Cumque
375 827 495 896 lupis
515 829 637 887 ursi,
665 828 856 896 dapibus
880 849 978 878 cum
1005 824 1220 894 sanguine
1243 830 1447 894 gaudent.

145 905 248 954 Heu
273 917 488 972 quantum
515 904 658 955 scelus
681 919 774 965 est,
797 907 844 955 in
865 907 1030 957 viscera
1050 910 1215 958 viscera
1236 910 1397 971 condi,

147 981 462 1050 Congestoque
486 982 661 1032 avidum
679 985 969 1051 pinguescere
987 1005 1174 1055 corpore
1198 1007 1359 1055 corpus
1372 1025 1386 1048 ,

143 1060 431 1130 Alteriusque
455 1063 720 1112 animantem
742 1065 976 1114 animantis
997 1067 1143 1128 vivere
1167 1066 1286 1116 leto!
1534 1091 1580 1127 90

147 1138 327 1189 Scilicet
351 1140 398 1189 in
417 1141 553 1191 tantis
576 1142 742 1210 opibus
757 1180 769 1201 ,
795 1163 904 1210 quas
930 1145 1098 1212 optima
1119 1157 1314 1194 matrum

144 1215 282 1265 Terra
303 1216 446 1283 parit,
470 1216 536 1266 nil
557 1229 599 1267 te
622 1217 709 1267 nisi
734 1218 876 1269 tristia
897 1221 1102 1271 mandere
1127 1241 1241 1271 saevo

145 1288 341 1341 Vulnera
367 1293 497 1356 dente
520 1293 668 1360 juvat,
693 1295 896 1362 ritusque
915 1297 1081 1346 referre
1108 1297 1391 1365 Cyclopum?

145 1371 262 1429 Nec,
285 1371 371 1420 nisi
394 1371 638 1439 perdideris
665 1371 800 1421 alium
816 1411 828 1432 ‚
852 1373 1025 1442 placare
1047 1375 1239 1435 voracis,

191 1479 245 1514 83.
264 1480 374 1514 Carne
377 1480 466 1525 sete
481 1487 545 1517 etc.
563 1481 652 1517 Esus
671 1481 831 1516 carnium

147 1531 276 1568 similes
285 1532 400 1568 reddit
410 1533 710 1578 hominesbestiis,
720 1535 830 1580 iisque

146 1583 415 1620 immanissimis.
425 1604 470 1613 —·
478 1588 651 1631 Ingenium
662 1614 670 1627 ‚
689 1593 833 1622 natura-

145 1634 187 1671 lis
200 1635 334 1672 indoles
345 1663 356 1681 ‚
373 1637 490 1674 bestiis
499 1664 510 1682 ,
528 1639 709 1674 arboribus
719 1665 728 1683 ,
743 1639 832 1685 agris

145 1689 324 1725 tribuitur.
347 1708 392 1718 ·—·
413 1692 584 1727 Armenia
603 1696 704 1737 tigres
725 1694 832 1728 etiam

145 1742 241 1778 VIII
252 1769 262 1788 ,
281 1757 339 1778 121
355 1770 366 1788 ,
381 1751 420 1780 et·
433 1746 569 1791 passim.
586 1746 752 1780 Armenia
769 1759 834 1780 au-

145 1801 221 1830 tem
237 1795 406 1841 adjective
420 1797 630 1842 capiendum
640 1823 654 1841 .,
668 1804 706 1832 ut
718 1798 834 1832 solent

146 1854 280 1896 poe3ae;
302 1848 464 1884 Tibullus
476 1875 487 1893 ,
513 1849 569 1885 ΙΙΙ
581 1875 592 1893 ,
619 1860 659 1883 Vl
674 1875 683 1892 ,
710 1851 748 1884 15
759 1858 772 1893 ‘,
798 1857 835 1885 et

147 1900 354 1946 Propertius
367 1927 377 1945 ,
405 1902 426 1937 1
436 1927 447 1945 ‚
471 1913 509 1936 1x
523 1928 534 1946 ,
565 1915 604 1950 ¹9
616 1928 626 1945 ‚
652 1903 834 1937 Armenias

147 1956 270 1998 tigrem
287 1954 369 1989 Am.
377 1955 438 1999 H,
451 1965 526 1999 xlv,
539 1955 581 1990 35
590 1981 601 2000 ,
616 1959 653 1990 in
660 1955 835 1990 Armeniis

147 2009 249 2050 tigres
264 2008 413 2042 latebrak.

193 2058 248 2094 88·
256 2060 334 2094 Heu
346 2065 503 2104 quantum
511 2061 621 2095 scelus
632 2066 696 2094 etc.
714 2058 835 2095 Scelus

151 2117 204 2146 est
214 2136 225 2154 ‚
235 2123 360 2156 corpus
371 2111 425 2147 sui
435 2111 576 2158 generis
582 2111 756 2146 alimentis
764 2124 835 2146 nu·-

152 2162 238 2198 trire
249 2186 260 2206 ‚
277 2162 442 2208 caedeque
458 2163 691 2197 animantium
705 2163 836 2199 vivere.

154 2213 334 2260 Repetitio
346 2215 536 2250 verborum
545 2218 676 2249 witcem
685 2217 816 2249 wls-cera
823 2241 833 2256 ‚

153 2278 286 2310 corpore
295 2278 415 2310 corpus
425 2292 434 2307 ,
456 2269 659 2300 animantem
675 2268 834 2301 animan.-

153 2322 199 2353 tis
209 2345 218 2360 ‚
241 2325 277 2354 et
289 2331 377 2354 vers.
396 2321 476 2364 175,
493 2321 658 2362 sanguine
673 2322 813 2363 sanguis
823 2344 833 2360 ,

153 2383 252 2406 nunc
266 2383 339 2406 non
353 2376 406 2407 est
417 2382 536 2405 merus
551 2370 644 2405 lusus
655 2395 665 2414 ,
683 2377 723 2405 ut
733 2377 838 2416 μυω-ν

153 2422 213 2458 bat
223 2421 444 2458 schirachius
456 2448 466 2465 ,
482 2420 544 2456 sed
555 2420 639 2457 facit
648 2447 657 2464 ‚
674 2428 712 2456 ut
725 2421 775 2456 vis
786 2428 838 2458 τοῦ

154 2477 214 2509 sui
220 2478 351 2519 geneal:
364 2473 491 2509 fortius
502 2473 682 2508 sentiatur.
700 2475 841 2509 Wscera-

156 2525 303 2561 omnino
322 2539 455 2562 carnes.
476 2524 618 2561 Servius
639 2539 648 2561 ε
671 2539 690 2556 «
711 2525 838 2571 Quid—

157 2591 177 2609 »
193 2577 278 2623 quid
302 2579 366 2614 sub
392 2579 488 2614 corio
513 2585 565 2613 est
584 2603 595 2622 ,
622 2578 750 2613 viscera
775 2577 838 2613 di—

157 2643 177 2661 »
197 2636 310 2672 cunt43.
326 2644 343 2660 »
365 2629 444 2665 vide
465 2630 509 2664 ad
527 2631 583 2665 VI
598 2656 608 2674 ,
630 2629 691 2665 651
706 2656 716 2671 ,
742 2636 778 2665 et
790 2629 838 2665 tle

158 2683 298 2717 condere
312 2680 356 2716 ad
369 2681 457 2726 5643
472 2682 546 2717 XII
556 2707 566 2725 ,
580 2696 593 2716 1
601 2683 840 2727 7.—Congeslo

157 2748 300 2780 corpore,
320 2735 490 2782 congestis
500 2734 842 2781 corporibus.—Pin-

156 2800 310 2833 guescere
325 2800 408 2824 cum
424 2787 554 2826 invidia
563 2787 705 2826 dictum.
714 2805 759 2817 —
768 2787 841 2824 Pro

896 1485 1099 1530 alteriusque
1106 1512 1115 1526 ‚
1134 1485 1363 1520 Burmannus
1374 1483 1472 1518 malit
1481 1485 1587 1517 alten-

897 1541 1015 1583 nisque
1025 1566 1032 1579 ,
1051 1545 1092 1573 ut
1109 1545 1162 1574 est
1176 1539 1213 1573 iu
1229 1538 1442 1574 Francof.—
1453 1538 1593 1572 Scilicet

899 1603 996 1625 nunc
1011 1590 1227 1636 indignantis
1243 1597 1304 1626 est.
1322 1609 1366 1616 —
1390 1590 1482 1635 Lege
1501 1601 1588 1623 ora-

900 1643 1012 1678 tiones
1028 1643 1113 1679 duas
1125 1650 1193 1693 ire-pl
1205 1648 1408 1694 capitoque-7515
1418 1668 1427 1686 ,
1441 1654 1519 1687 quae
1532 1640 1590 1675 ad·

899 1695 1100 1731 scribuntur
1110 1695 1452 1730 Plutarcho.—Ante
1470 1693 1590 1728 Hein-

899 1748 992 1783 sium
1001 1748 1176 1788 edebatur·
1187 1749 1289 1782 Terra
1299 1751 1410 1787 creal,·
1426 1746 1454 1780 is
1468 1751 1588 1779 autem

901 1811 942 1833 ex
951 1798 1199 1834 vetustioribus
1216 1797 1348 1843 recepit
1365 1799 1467 1831 Terra
1471 1800 1583 1841 parit,

901 1850 994 1895 quod
1006 1850 1133 1896 legitur
1149 1852 1186 1884 in
1207 1856 1330 1884 nostro
1346 1847 1456 1884 codic.
1475 1847 1589 1894 Regio

900 1902 953 1947 Α,
969 1910 1007 1939 et
1018 1903 1173 1949 pluribus
1189 1903 1306 1938 Nostri
1322 1915 1359 1937 ac
1377 1908 1588 1937 caeterorum

899 1956 1110 2001 scriptorum
1128 1955 1293 2001 exemplis
1309 1954 1504 1989 illustravit.
1518 1955 1587 1989 Ed.

900 2025 945 2033 -
969 2009 1113 2042 Vulnera
1148 2009 1304 2041 mandere
1331 2005 1462 2040 durum
1487 2018 1552 2051 pro
1572 2030 1583 2048 ,

900 2059 1026 2095 bestias
1048 2060 1246 2094 vulneratas
1270 2065 1305 2094 et
1329 2065 1517 2100 mactatas3
1546 2059 1587 2103 1,

904 2125 984 2161 190,
995 2114 1117 2147 vulnus
1127 2114 1280 2152 temnere,
1298 2111 1499 2146 membrum
1512 2111 1588 2146 vul-

901 2173 986 2201 nere
1002 2165 1217 2200 morbidum‚
1230 2183 1275 2191 -
1288 2165 1450 2210 Cyclopes
1467 2177 1590 2200 carnes

902 2216 990 2252 adeo
1006 2217 1178 2252 humanas
1194 2215 1419 2251 devorabant.
1435 2215 1588 2251 Homer.

903 2269 974 2306 Od.
992 2277 1028 2314 1,
1049 2273 1113 2318 289
1127 2296 1136 2314 ,
1157 2271 1232 2305 311.
1257 2268 1328 2304 Sed
1348 2269 1497 2314 respexit
1515 2268 1549 2303 h.
1567 2269 1589 2304 Ι.

902 2322 1001 2368 Virg.
1018 2321 1159 2357 AEneid.
1175 2322 1232 2357 ΙΙΙ
1244 2346 1253 2364 ,
1270 2321 1355 2365 626,
1374 2320 1433 2355 ubi
1447 2320 1490 2355 de
1509 2319 1590 2368 Cy-

902 2374 1014 2420 clope,
1029 2376 1190 2409 Vidiatro
1196 2374 1592 2419 quummembrafluentt’a

902 2427 1203 2467 taba.Manderet,
1231 2431 1269 2460 et
1288 2427 1398 2470 tepidi
1418 2431 1593 2460 {remeunt

902 2481 964 2512 sub
990 2480 1143 2512 dentibus
1163 2483 1269 2512 artus.
1283 2494 1327 2502 —-
1343 2474 1590 2511 Gronovianus

902 2529 1008 2564 habet
1018 2532 1093 2563 laeto
1102 2531 1200 2563 dente
1209 2554 1218 2569 ‚
1236 2540 1302 2573 pro
1312 2538 1419 2570 sae005
1433 2526 1588 2573 illudque

903 2593 978 2615 non
995 2580 1153 2626 displicet
1167 2580 1393 2620 But-manno,
1413 2585 1453 2614 ut
1469 2579 1513 2614 sit
1532 2591 1593 2626 op-

904 2631 1029 2678 positio
1049 2631 1143 2665 inter
1167 2633 1279 2665 tnlrtt'a
1298 2633 1436 2666 vulnera
1459 2637 1495 2666 et
1513 2634 1591 2666 Iaelo

904 2686 1012 2718 dente.
1028 2701 1072 2709 —-
1090 2682 1207 2718 Ambo
1237 2683 1347 2718 nostri
1375 2683 1478 2729 Regii
1502 2696 1591 2718 sevo

904 2738 1011 2770 dente.
1028 2754 1073 2762 —
1088 2735 1160 2771 Pro
1175 2738 1318 2780 placare
1338 2748 1430 2771 unus
1452 2735 1591 2771 Heinsii

902 2799 1029 2832 pacare
1037 2798 1049 2831 ,·
1058 2786 1119 2825 sed
1129 2786 1216 2824 nihil
1225 2786 1438 2824 mutandum
1447 2787 1475 2822 is
1484 2792 1593 2834 putat.
