1820 3106
295 227 374 271 192

654 213 704 256 P.
743 213 975 259 OVIDII
1017 213 1316 260 NASONIS

287 302 473 351 Vincula
496 301 676 352 dilaniat
698 324 708 352 :
730 316 823 352 tum
847 304 1033 371 denique
1056 305 1158 355 flere
1179 307 1342 356 vacavit
1361 326 1372 365 ;

287 381 402 428 Tum
426 379 525 429 dare
547 378 801 445 complexus
818 417 830 438 ,
853 379 1083 447 laqueique
1105 384 1323 449 requirere
1345 404 1528 433 causam.

285 456 412 505 Muta
433 456 531 504 silet
549 457 694 518 virg0‚
721 468 962 523 terramque
987 458 1168 508 immota
1189 473 1358 519 tuetur3

282 535 342 582 Et
366 533 575 601 deprensa
597 532 716 582 dolet
737 534 868 582 tardae
891 536 1116 584 conamina
1138 538 1306 586 mortis.

282 613 425 660 Instat
446 630 555 659 anus
574 630 583 668 ;
607 630 825 677 canosque
847 630 974 669 suos,

1001 624 1044 659 et
1065 613 1210 661 inania
1228 613 1398 661 nudans

244 693 255 700 χ
283 689 430 736 Ubera
445 724 456 743 ‚
481 706 560 753 per
583 706 715 735 cunas
737 687 1024 753 alimentaque
1048 689 1189 754 prima
1211 700 1435 754 precatur,

283 767 345 812 Ut
367 765 453 813 sibi
477 764 721 812 committat
736 801 747 820 ,
774 764 987 830 quidquid
1011 765 1160 814 dolet:
1183 766 1257 814 illa
1278 778 1504 828 rogantem

281 843 487 893 Aversata
508 840 641 903 gemit
668 860 677 887 :
698 852 812 889 certa
836 852 902 888 est
924 842 1147 906 exquirere
1167 842 1315 889 nutrix
1334 862 1345 888 :

280 919 372 966 Nec
390 917 527 966 solam
552 917 769 983 spondere
792 917 921 965 fidem
940 937 950 965 z
975 940 997 960 «
1020 918 1127 975 Dic,
1146 918 1313 984 inquit,
1336 936 1552 984 opemque
1616 933 1682 979 395

278 1067 322 1073 —-
343 1049 376 1081 T
371 1061 423 1081 um
440 1049 576 1091 denique
589 1073 598 1086 ‚
637 1058 746 1090 quum
763 1040 866 1090 opem
882 1052 947 1080 tu-

278 1100 392 1142 lisset,
419 1111 524 1143 seque
546 1111 565 1132 a
584 1110 719 1142 summa
738 1092 843 1131 animi
860 1111 947 1143 per—

281 1152 477 1187 turbatione
501 1150 697 1196 collegisset.
711 1168 754 1176 —-
769 1152 862 1184 Flere
883 1163 948 1184 va—

279 1208 378 1240 cavit.
391 1203 511 1239 Codex
521 1210 640 1238 noster
651 1203 780 1249 Regius
794 1203 824 1237 Β
834 1204 881 1238 sic
891 1203 947 1238 ha-

279 1256 385 1290 hetin
397 1262 510 1297 textu3
524 1262 557 1288 at
566 1255 602 1288 in
614 1255 769 1299 margine
781 1254 947 1299 scriptum

280 1316 330 1343 est
339 1310 489 1352 paravit,
504 1307 597 1352 quod
612 1320 692 1342 sane
705 1320 723 1341 e
736 1307 852 1352 glossa.
866 1306 945 1341 Cio-

279 1363 378 1396 sanus
387 1360 502 1394 laudat
510 1364 635 1394 vetavit
643 1387 651 1400 ‚
671 1359 763 1404 quod
775 1361 945 1394 referatur

280 1412 323 1446 ad
339 1412 531 1452 nutricem3
549 1411 714 1446 Heinsius
730 1411 795 1446 hoc
808 1411 895 1445 sicut
911 1419 945 1446 et

273 1468 409 1510 paravit
429 1464 541 1510 rejicit
568 1471 603 1498 et
629 1467 763 1498 vacavit
790 1464 944 1498 defendit

279 1515 441 1560 exemplis
454 1541 462 1558 ‚
482 1515 574 1549 inter
599 1527 675 1559 quae
701 1515 801 1549 affert
828 1515 943 1549 locum

279 1567 397 1603 Nostri
411 1593 420 1610 ,
439 1567 495 1601 lib.
512 1566 566 1600 VI
578 1592 588 1610 ‚
607 1568 669 1601 585
684 1593 694 1610 ,
711 1579 771 1600 nec
783 1569 865 1612 flere
880 1580 944 1600 va-

277 1626 351 1660 cat,
370 1618 560 1663 sedsasque
579 1618 736 1663 nefasque
758 1617 944 1662 Confitsura

277 1675 350 1706 ruit.
370 1670 436 1704 Ed.
453 1689 497 1695 —
518 1672 594 1704 Non
610 1677 712 1704 vacat
713 1671 814 1715 flere,
837 1669 941 1707 adhi-

276 1724 380 1758 betur
390 1729 465 1756 tum
479 1747 488 1765 ,
505 1734 614 1767 quum
630 1735 683 1756 res
694 1734 766 1755 non
778 1722 943 1768 lacrymas

277 1776 384 1820 poscit
395 1801 404 1817 ,
416 1773 475 1808 sed
485 1773 655 1808 actionem
666 1800 675 1816 ‚
686 1772 941 1815 fortitudinem,

277 1826 439 1861 auxilium
456 1832 519 1860 etc.
537 1825 590 1859 IV
601 1851 611 1868 ‚
633 1825 708 1872 694.
726 1844 769 1850 —-
790 1827 940 1870 laquei,

276 1879 402 1914 scilicet
416 1877 503 1913 collo
517 1877 645 1922 injecti.

319 1931 394 1977 389.
410 1931 508 1964 Muta
517 1932 596 1963 silet
605 1928 735 1963 dictum
745 1935 784 1962 ut
794 1934 885 1962 muta
893 1931 943 1962 si-

274 1985 396 2022 lentia,
424 1994 526 2015 versu
542 1981 582 2015 53
598 2008 606 2021 ‚
626 1988 660 2015 et
680 1980 750 2023 IV,
778 1981 841 2023 433
855 2007 865 2023 ,
883 1981 942 2014 ubi

275 2033 354 2067 vide
368 2040 498 2067 notam.
515 2051 558 2059 —
573 2035 702 2074 Taetur,
720 2033 887 2067 intuetur.
898 2051 941 2058 —-

282 2086 400 2119 Tardoe
414 2084 536 2118 referri
551 2079 688 2129 proprie
705 2083 876 2119 debuisset
897 2084 940 2118 ad

274 2149 461 2172 conamma.

317 2189 359 2235 39
366 2201 391 2222 1.
419 2188 589 2230 Canosque
613 2198 690 2219 suos
703 2212 713 2226 ,
744 2193 807 2220 etc.
841 2185 939 2221 Olim

275 2240 424 2274 alumnae
434 2237 624 2271 nudaverat
639 2237 739 2281 plena
749 2237 842 2278 lactis
856 2237 941 2271 ube-

275 2305 314 2326 ra
326 2317 335 2335 ,
359 2303 454 2325 nunc
468 2292 595 2324 inania.
623 2288 796 2324 Solemnis
822 2297 939 2324 autem

274 2344 347 2378 haec
362 2342 539 2377 nutricum
554 2347 589 2375 et
607 2348 759 2374 matrum
783 2341 938 2375 obtesta—

274 2395 322 2429 tio
335 2409 343 2436 ;
356 2393 433 2428 vide
448 2393 644 2427 Homerum
658 2418 667 2436 ,
683 2392 722 2427 11.
736 2393 768 2426 X
778 2418 787 2435 ,
805 2394 846 2427 80
855 2405 937 2437 sqq;

274 2445 444 2479 Senecam
457 2470 467 2487 ,
483 2444 589 2489 Hipp.
599 2443 680 2487 246,
697 2450 731 2477 et
744 2444 849 2477 Here.
863 2443 938 2477 OEt.

274 2501 349 2546 925.
361 2518 405 2525 —
420 2498 618 2544 Scheppero
633 2510 703 2532 non
719 2498 828 2543 placet
839 2501 872 2532 τὲ
879 2511 939 2532 cu-

274 2563 337 2584 nas
347 2577 357 2591 ,
374 2550 513 2595 corrigit
526 2562 609 2595 ergo
620 2575 630 2592 ,
643 2556 677 2583 et
690 2549 814 2594 repetit
825 2562 938 2583 canos.

273 2618 316 2626 --
335 2601 434 2646 Regii
449 2601 556 2635 nostri
579 2601 708 2636 habent
729 2611 853 2642 cunas‚·
872 2612 938 2633 nec

272 2660 345 2687 erat
356 2665 417 2687 cur
426 2653 498 2687 haec
508 2653 606 2688 lectio
615 2653 863 2688 sollicitaretur.
871 2654 936 2686 Ed.

316 2704 389 2750 393.
401 2706 586 2749 Roganlem
595 2710 758 2741 aversata.
768 2704 874 2739 Multi
883 2717 939 2739 ro-

1008 1049 1300 1090 gantiadaersata.
1317 1066 1359 1073 —
1373 1047 1491 1082 Nostri
1509 1047 1608 1094 Regii
1619 1061 1682 1082 ro·—

1007 1103 1141 1142 gantem
1153 1106 1321 1138 aversata,
1335 1098 1428 1143 quod
1442 1099 1681 1142 Gieriginter-

1011 1156 1168 1194 pretatur
1181 1163 1189 1185 :
1208 1165 1225 1180 «
1239 1151 1295 1185 Nil
1306 1150 1519 1199 respondens
1530 1151 1679 1196 roganti,

1012 1200 1105 1246 quod
1117 1202 1253 1247 signum
1266 1208 1316 1236 est
1327 1208 1522 1236 contemtus
1533 1208 1569 1235 et
1583 1214 1680 1247 aver-

1009 1253 1159 1288 sationis.
1178 1268 1195 1283 »
1219 1254 1305 1288 Haec
1327 1254 1566 1299 interpretatio
1591 1253 1678 1288 mihi

1009 1305 1112 1339 nimis
1121 1318 1238 1339 severa
1249 1305 1386 1340 videtur
1397 1320 1405 1347 ;
1416 1305 1509 1340 nulla
1519 1312 1571 1340 est
1578 1317 1678 1340 causa

1009 1370 1071 1391 cur
1081 1357 1226 1404 Myrrha
1236 1357 1408 1392 nutricem
1418 1370 1516 1392 suam
1524 1356 1677 1392 contem·

1009 1416 1069 1443 nat
1079 1416 1180 1454 atque
1193 1408 1395 1451 detestetur;
1407 1421 1478 1443 non
1489 1409 1573 1444 alius
1581 1422 1678 1443 nem-

1008 1474 1050 1506 pe
1065 1474 1183 1495 sensus
1194 1461 1305 1496 verbis
1324 1463 1442 1506 Gien‘g
1454 1461 1588 1497 dandus
1603 1469 1655 1497 est
1666 1477 1682 1504 31

1007 1520 1041 1547 et
1056 1513 1153 1547 aliter
1168 1513 1434 1558 intelligendum
1444 1520 1494 1548 est
1504 1520 1675 1554 aversata,

1009 1565 1100 1610 quod
1116 1564 1182 1598 hoc
1198 1565 1272 1599 loco
1289 1571 1339 1599 est
1354 1565 1554 1610 simpliciter
1570 1578 1677 1599 aver-

1007 1622 1084 1650 tens
1098 1615 1231 1650 vultum
1255 1629 1274 1649 a
1298 1615 1432 1650 nutrice
1447 1641 1456 1659 ,
1486 1628 1556 1660 prae
1576 1623 1676 1650 metu

1008 1675 1066 1702 aut
1081 1667 1299 1702 verecundia.
1331 1667 1388 1702 Sic
1402 1667 1492 1713 apud
1510 1668 1647 1702 Livium
1664 1694 1674 1711 ,

1006 1721 1064 1756 lib.
1083 1721 1137 1756 III
1154 1747 1163 1764 ,
1188 1723 1253 1755 sed
1261 1723 1328 1755 alii
1338 1727 1531 1756 aversantur
1539 1733 1673 1765 preces,

1007 1779 1067 1806 aul
1081 1774 1276 1806 verecundia
1286 1799 1295 1812 ‚
1313 1778 1372 1806 aut
1390 1778 1477 1806 metu
1491 1785 1501 1806 t
1513 1772 1570 1806 hie
1582 1771 1677 1806 locus

1006 1832 1126 1858 nostro
1138 1824 1237 1869 plane
1250 1831 1300 1858 est
1315 1823 1433 1858 similis
1445 1838 1454 1866 ;
1472 1837 1512 1858 ex
1525 1835 1594 1868 quo
1606 1823 1674 1857 sor·

943 1884 945 1886 '
1005 1888 1067 1910 san
1093 1876 1222 1920 aliqui,
1249 1874 1428 1910 Mediceus
1452 1875 1577 1910 scilicet
1595 1900 1605 1918 ‚
1639 1881 1676 1909 et

1008 1929 1153 1974 Argent.
1164 1934 1199 1962 et
1214 1927 1332 1974 Thysii
1347 1953 1356 1970 ,
1374 1940 1435 1973 pro
1447 1932 1613 1971 rogantem
1624 1927 1675 1961 in-

1005 1987 1172 2015 vexerunt
1179 1985 1378 2024 precantem.
1410 1980 1526 2014 Etiam
1547 1979 1672 2024 Quin·—

1005 2034 1159 2076 tssianus,
1173 2034 1284 2076 VIII,
1297 2033 1336 2076 3,
1354 2046 1414 2077 ego
1421 2038 1506 2067 certe
1513 2035 1674 2068 mihicer-

1005 2098 1079 2119 nere
1083 2087 1199 2119 videor
1205 2097 1312 2118 eorum
1323 2088 1383 2129 qui
1388 2087 1529 2119 aderant
1534 2087 1672 2119 tacitam

1003 2139 1240 2169 aversatt‘onem
1266 2148 1308 2169 ac
1333 2137 1484 2169 titnidam
1508 2147 1671 2174 verecun-

1003 2187 1102 2219 diam.
1133 2186 1184 2220 Ex
1201 2185 1323 2230 quibus
1345 2186 1481 2220 nullum
1504 2185 1547 2220 de
1567 2197 1673 2222 sensu

1002 2238 1090 2272 illius
1101 2237 1200 2272 'verbi
1215 2251 1390 2283 superesse
1412 2238 1556 2274 dubium
1575 2245 1673 2284 puto.

1003 2291 1068 2325 Ed.
1084 2309 1128 2316 --
1143 2292 1241 2324 Certa
1255 2297 1326 2332 est,
1351 2298 1390 2325 ut
1407 2290 1457 2325 IX
1475 2316 1485 2334 ,
1503 2291 1544 2333 43
1561 2316 1571 2331 ,
1590 2292 1677 2324 certi

1003 2355 1068 2377 non
1083 2345 1205 2376 cedere.
1444 2337 1449 2343 ⁵

1040 2395 1187 2440 395.Nec
1195 2395 1300 2428 solam
1308 2400 1371 2428 etc..
1381 2394 1472 2428 Nota
1480 2393 1517 2427 in
1526 2405 1670 2438 sequen·

1004 2446 1093 2480 tibus
1107 2458 1249 2490 operam
1267 2452 1301 2480 et
1315 2444 1533 2481 sedulitatem
1546 2445 1668 2479 nutri-

1002 2497 1066 2540 cis,
1084 2509 1150 2541 qua
1167 2509 1242 2531 rem
1254 2495 1409 2540 exquirit.
1423 2496 1504 2530 Post
1513 2498 1670 2539 spondere

989 2552 1095 2594 fidem
1107 2548 1252 2583 debehat
1262 2547 1371 2592 sequi,
1380 2547 1440 2582 sed
1451 2560 1552 2593 opem
1563 2548 1667 2582 etiam

1002 2603 1103 2635 serre.
1120 2601 1255 2634 Verum
1270 2599 1415 2634 mutavit
1427 2600 1621 2633 orationem
1632 2605 1668 2632 et

1001 2652 1174 2686 nutricem
1190 2652 1297 2697 ipsam
1310 2651 1509 2695 loquentem
1521 2649 1665 2685 induxit.

1003 2704 1076 2749 Sqq
1093 2703 1136 2739 de
1153 2704 1288 2746 surore,
1308 2697 1413 2747 quem
1427 2702 1552 2748 philtra
1567 2702 1665 2738 exci-
