1820 3106
279 227 305 268 8
638 226 689 269 Ρ.
736 226 978 272 OVIDII
1020 228 1320 274 NASONIS

279 338 302 359 »
326 317 386 364 Et
407 335 500 364 non
521 328 672 366 noster
693 319 849 367 amor?
870 318 1025 367 melius
1049 319 1150 377 sine,
1166 320 1279 368 c'aede
1292 357 1304 378 ,
1327 338 1559 386 moraque,

278 416 301 460 '.'
329 395 618 461 Impensaque
643 396 711 443 sui
734 396 898 462 poterit
922 400 1124 462 superare
1147 396 1314 444 cruoris
1334 415 1344 443 :

278 492 300 512 »
329 472 439 520 Nam
460 484 608 520 metuo
630 484 744 521 certe
759 509 771 531 ‚
794 491 848 521 ne
873 473 971 539 quis
994 485 1069 522 tua
1089 484 1290 539 pectora,
1316 473 1491 530 Minos,

277 569 300 590 »
326 548 540 597 Vulneret
563 550 818 616 imprudens
840 569 849 597 :
872 549 971 616 quis
994 550 1110 598 enim
1130 562 1217 598 tam
1239 550 1360 598 dirus
1374 587 1385 607 ,
1409 562 1460 598 ut
1482 550 1529 598 in
1548 561 1590 598 te
1634 563 1677 598 65

276 646 299 667 »
327 625 527 688 Dirigere
546 626 777 685 immitem,
801 627 887 689 nisi
908 626 1080 675 nescius
1095 664 1107 684 ,
1132 627 1288 676 audeat
1309 627 1509 675 hastam?

274 723 297 743 »
327 702 481 768 Coepta
504 703 701 769 placent,
726 716 769 751 et
792 715 877 752 stat
900 704 1114 753 sententia
1137 703 1303 753 tradere
1322 722 1492 752 mecum

275 799 297 819 »
324 778 526 826 Dotalem
550 780 757 845 patriam,
779 779 996 847 finemque
1017 781 1243 846 imponere
1263 779 1398 828 bello.

274 876 297 896 »
326 856 487 903 Verum
510 855 617 905 velle
638 876 792 923 parum
817 869 883 906 est
907 878 916 906 ε
939 858 1083 906 aditus
1104 857 1302 906 custodia
1326 869 1488 915 servat;

271 952 295 973 >›
326 931 611 1000 Claustraque
629 947 856 1000 portarum
872 935 1047 998 genitor
1063 947 1181 984 tenet
1202 955 1211 983 ε
1231 935 1351 983 hunc
1368 954 1450 998 ego
1470 933 1614 983 solum
1635 961 1677 995 7⁰

272 1033 295 1053 »
326 1013 482 1062 Infelix
506 1015 665 1072 timeo,
691 1015 813 1064 solus
836 1035 931 1064 mea
952 1028 1054 1064 vota
1073 1028 1280 1064 moratur.

274 1115 297 1135 »
325 1095 384 1141 Di
405 1094 619 1153 facerent,
644 1097 736 1145 sine
758 1109 880 1163 patre
899 1097 1063 1145 forem!
1087 1097 1185 1144 Sibi
1210 1096 1394 1162 quisque
1417 1095 1627 1162 profecto

272 1195 294 1216 »
322 1175 394 1223 Fit
417 1177 538 1225 Deus
559 1197 569 1224 ε
590 1177 757 1240 ignavis
780 1177 987 1244 precibus
1008 1178 1206 1226 Fortuna
1227 1189 1454 1244 repugnat.

269 1277 291 1297 »
318 1255 468 1304 Altera
486 1257 741 1321 jamdudum
765 1277 970 1308 succensa
991 1259 1195 1325 cupidine
1219 1271 1342 1308 tanto

273 1359 295 1378 n
321 1338 505 1386 Perdere
530 1339 760 1402 gauderet,
788 1341 1097 1408 quodcumque
1121 1343 1317 1391 obstaret
1337 1341 1486 1390 amori.
1635 1355 1678 1400 75

270 1476 337 1509 Cur
343 1489 424 1511 suus
434 1484 497 1512 etc.
508 1479 709 1524 Propertius
721 1505 730 1523 ,
746 1480 802 1515 ΙΙΙ
812 1507 822 1524 ,
837 1491 917 1515 xvn
928 1506 939 1525 ,

267 1530 310 1572 24
322 1541 329 1563 τ
343 1531 425 1564 Nise
437 1557 445 1570 ,
461 1537 539 1566 tuas
546 1533 792 1576 portassraude
807 1536 952 1568 reclusit

265 1580 381 1614 Amor.
391 1584 644 1618 -Beserantur
653 1585 790 1630 proprie
808 1592 916 1630 portae
928 1611 938 1628 ,

257 1632 333 1667 hoc
349 1633 424 1668 loco
440 1638 563 1674 moem'a
574 1662 581 1674 ,
606 1637 684 1671 urbs
697 1637 827 1682 ipsa.—
839 1638 940 1682 Supe-

266 1698 338 1719 rare
354 1685 505 1720 absolute
520 1713 529 1730 ,
548 1687 695 1722 vincere.

308 1737 361 1780 64.
387 1740 475 1773 Nam
485 1751 497 1782 ;
524 1740 689 1774 Heinsius
706 1739 748 1774 de
765 1752 828 1775 suo
844 1740 940 1775 dedit

263 1801 362 1834 quam
372 1801 384 1832 ,·
402 1790 561 1824 nonnulli
576 1791 682 1826 MSS.
696 1793 774 1835 jam
790 1800 848 1829 aut
864 1805 939 1827 non.

266 1839 367 1884 Regii
379 1841 489 1875 nostri
501 1867 510 1884 ,
528 1845 749 1877 nam.·-Nam
760 1850 867 1877 metuo
876 1850 939 1877 etc.

269 1891 467 1928 Commode
479 1893 568 1929 hanc
584 1895 852 1930 sollicitudinem
867 1895 940 1930 ani-

265 1944 314 1978 mi
325 1944 371 1978 sic
386 1943 554 1980 declarat:
568 1945 627 1980 sed
645 1959 685 1980 ex
696 1954 814 1981 mente
829 1947 939 1992 Virgi-

265 1994 322 2036 lii,
338 1993 410 2028 Cir.
429 2008 510 2039 270,
528 1996 646 2030 Minos
659 1997 833 2031 vulnerari
846 1996 937 2031 haud

265 2052 412 2092 poterat.
428 2065 472 2073 —-·
488 2050 592 2082 Dt‘rus
603 2074 611 2088 ,
639 2055 678 2083 ut
704 2049 874 2084 efficacius
887 2075 896 2092 ,
919 2062 938 2083 e

264 2099 557 2145 praestantiorihus
567 2100 684 2136 multis
693 2101 822 2146 recepit
831 2102 940 2135 Hein-

265 2150 334 2185 sius
347 2177 356 2194 ,
380 2164 442 2196 pro
458 2153 570 2186 durus·
582 2153 594 2196 (
607 2153 700 2197 quod
721 2153 850 2187 habent
867 2153 941 2187 Re-

267 2202 311 2248 gii
327 2203 435 2237 nostri
453 2201 488 2248 ),
508 2216 707 2248 quanquam
724 2204 789 2238 hoc
801 2211 835 2239 et
851 2217 939 2245 cru—

267 2254 382 2289 delem
405 2255 584 2300 significat.
620 2273 664 2280 -
689 2257 844 2289 Dotalem
863 2267 938 2297 pa—

264 2309 362 2340 triam
374 2319 384 2341 :
395 2307 431 2341 in
445 2306 565 2341 dotem
580 2306 725 2352 patriam
741 2305 887 2351 prodere
901 2310 939 2340 ut

265 2370 323 2391 rne
341 2358 502 2403 accipiat,
517 2370 704 2402 secumque
722 2357 855 2391 habeat.
873 2359 938 2390 Ed.

266 2410 467 2451 —Adz'tus‚
486 2417 665 2455 portarum
682 2410 863 2454 ingressus.
873 2410 939 2442 Ed.

310 2473 360 2504 70.
374 2463 530 2496 Claustra
535 2468 714 2506 portarum,
728 2468 836 2506 portae
844 2460 939 2495 clau-

266 2523 311 2545 sae
323 2536 333 2554 ‚
351 2518 389 2546 ut
405 2512 470 2555 IV,
488 2514 529 2547 85
544 2539 553 2555 ‚
572 2515 835 2547 urbls‘clauslra.

309 2576 359 2606 72.
381 2563 456 2597 Sibi
474 2567 608 2608 quisque
641 2571 703 2599 etc.
737 2564 850 2598 Multa
875 2563 938 2609 ipsi

263 2614 389 2648 nostris
418 2614 546 2649 viribus
575 2616 710 2650 efficere
734 2629 913 2661 possumus
926 2642 935 2659 ,

265 2677 341 2710 quae
357 2678 376 2698 a
393 2665 468 2700 Diis
484 2666 643 2711 petimus.
659 2668 739 2702 Non
755 2675 824 2711 est,
843 2667 937 2713 quod

262 2716 310 2752 Di
328 2718 457 2753 saciant
472 2718 545 2753 sine
562 2726 658 2764 patre
674 2720 740 2754 sim
757 2734 765 2762 ;
792 2720 863 2764 ipsa
879 2732 935 2753 me

1004 1492 1045 1514 eo
1061 1479 1206 1514 liberare
1228 1491 1368 1524 possum
1391 1477 1544 1523 prodens
1569 1489 1650 1511 eum
1667 1488 1675 1510 :

1003 1531 1176 1566 sententia
1188 1538 1301 1566 sumta
1319 1542 1358 1564 ex
1375 1528 1516 1563 AEneid.
1527 1529 1600 1572 lx,
1617 1529 1678 1571 184

1003 1596 1075 1628 sqq.
1087 1584 1177 1617 Dine
1188 1585 1274 1616 hunc
1283 1583 1430 1616 ardorem
1442 1582 1603 1615 mentibus
1619 1581 1678 1613 ad·
1692 1598 1697 1602 ·

1003 1637 1088 1669 dunt
1096 1661 1103 1668 .
1115 1661 1122 1668 .
1133 1661 1140 1669 .
1154 1661 1162 1669 .
1181 1647 1226 1668 an
1237 1647 1300 1668 sua
1317 1636 1431 1678 cuique
1446 1634 1541 1666 Deus
1542 1633 1592 1676 fit
1603 1633 1678 1665 dira

1003 1688 1121 1730 cupido
1129 1687 1149 1721 Ρ
1156 1688 1262 1720 —F'it
1275 1687 1368 1719 Deus
1385 1684 1549 1719 Heinsius
1561 1696 1601 1718 ex
1611 1682 1677 1728 pri-

1003 1752 1063 1774 mo
1075 1739 1300 1774 Gronoviano
1311 1738 1457 1778 invexit;
1473 1736 1589 1772 caeteri
1597 1747 1677 1769 om-

1002 1804 1064 1825 nes
1075 1816 1084 1833 ,
1101 1792 1168 1824 Est
1182 1792 1276 1824 Deus
1293 1790 1403 1832 (sicut
1420 1795 1455 1823 et
1472 1787 1573 1832 Regii
1596 1798 1677 1821 nos-

1003 1841 1073 1886 tri)
1088 1855 1095 1883 ;
1114 1854 1210 1886 aeque
1229 1842 1330 1876 bene.
1341 1859 1385 1866 -—
1394 1841 1524 1884 Ignava-
1532 1850 1649 1883 preces
1659 1864 1669 1877 ‚

1004 1893 1127 1938 quibus
1144 1906 1216 1927 non
1239 1891 1416 1926 adduntur
1429 1892 1526 1925 sacta.
1546 1889 1677 1925 Sallus-

1003 1945 1084 1987 tius,
1093 1944 1194 1979 Catil.
1205 1948 1257 1987 52,
1267 1951 1394 1978 nostrae
1401 1942 1484 1977 edit.
1492 1955 1526 1988 p.
1533 1945 1575 1989 95
1585 1942 1676 1975 :Non

1002 1999 1091 2030 votis
1110 2022 1118 2035 ‚
1145 2008 1244 2039 neque
1270 1996 1479 2028 muliebribus
1504 1994 1676 2037 suppliciis·

1002 2049 1135 2081 auxilia
1144 2048 1288 2080 Deorum
1296 2051 1475 2089 parantur:
1485 2045 1655 2088 vigilando
1664 2071 1674 2083 ,

990 2091 1046 2145 *ae
1059 2100 1188 2141 agendo
1198 2124 1206 2138 ,
1226 2100 1306 2131 bene
1318 2098 1517 2131 consulendo
1526 2109 1679 2140 prospere

1003 2153 1116 2184 omnia
1130 2150 1251 2184 cedunt
1265 2161 1275 2182 .·
1291 2151 1352 2182 ube·
1363 2149 1518 2182 secordiae
1532 2154 1564 2182 te
1580 2155 1677 2192 atque

1001 2204 1141 2245 egnaus'ae
1150 2202 1326 2234 tradideris
1332 2226 1342 2241 ,
1359 2202 1576 2244 nequidquam
1584 2201 1676 2234 Deos

1001 2258 1154 2299 implores
1163 2267 1174 2297 ,·
1191 2257 1274 2288 irati
1279 2253 1457 2299 infestique
1465 2259 1551 2288 sual.
1562 2252 1674 2287 Sene.-

1003 2319 1054 2349 ca,
1066 2305 1162 2340 Med.
1171 2307 1315 2339 Fortuna
1313 2304 1426 2347 fortes
1432 2306 1564 2344 meluit,
1579 2307 1672 2346 igna-

1003 2371 1059 2393 vos
1066 2356 1444 2403 prem17.Ed.—-Contra
1455 2361 1590 2390 armata
1601 2367 1675 2400 pre-

1002 2422 1058 2443 ces
1077 2408 1167 2454 apud
1199 2408 1408 2443 Ciceronem
1421 2433 1431 2450 ,
1455 2406 1533 2440 Div.
1551 2406 1623 2450 IX,
1641 2407 1672 2441 3.

1002 2460 1083 2494 Jam
1100 2460 1182 2494 hinc
1199 2467 1343 2506 augetur
1359 2459 1507 2502 impetus
1523 2457 1642 2492 animi.

1047 2513 1095 2556 74.
1116 2514 1318 2546 Jamdudum
1337 2517 1433 2556 potes
1447 2516 1482 2544 et
1498 2521 1592 2543 nunc
1609 2509 1672 2543 in·—

1002 2564 1183 2609 terpretari
1194 2590 1204 2607 ‚
1218 2561 1580 2602 continua—Alteras
1598 2560 1672 2595 alia.

1000 2634 1044 2642 —
1065 2617 1201 2650 Perdere
1223 2614 1373 2661 gravius,
1393 2626 1498 2658 quam
1525 2613 1671 2648 aliorum

993 2669 1138 2711 prodere.
1164 2666 1305 2713 Singula
1328 2666 1433 2701 verba
1457 2665 1512 2700 hic
1538 2664 1669 2700 habent

1001 2718 1144 2765 pondus.
