1820 3106
334 293 1070 341 METAMORPHOSEON
1110 295 1244 339 LIB.
1283 297 1396 342 XV.

161 389 264 450 Illa,
291 390 455 458 quibus
477 390 610 438 toties
634 389 794 438 durum
817 401 1103 439 renovaverat
1126 409 1276 439 arvum
1291 428 1303 450 ,

1499 297 1586 341 505

1522 406 1586 444 125

158 467 251 516 Tot
275 465 451 516 dederat
473 484 659 523 messes,
680 466 898 532 percussit
918 465 1029 515 colla
1049 465 1202 515 securi.

159 547 252 596 Nec
275 545 381 595 satis
404 557 496 603 est,
524 545 645 611 quod
670 543 754 594 tale
775 545 898 594 nefas
920 546 1239 604 committitur3
1261 545 1383 612 ipsos
1424 540 1430 546 ’

159 625 427 690 Inscripsere
450 624 572 672 Deos
595 623 748 672 sceleri
763 661 775 682 ‚
799 643 1053 692 numenque
1078 644 1318 692 supernum

161 699 290 750 Caede
313 700 537 751 laboriferi
559 701 742 750 credunt
761 701 948 765 gaudere
969 703 1154 768 juvenci.

157 780 352 830 Victima
374 780 475 830 labe
500 799 675 839 carens,
702 793 746 830 et
769 781 1129 848 praestantissima
1152 783 1318 843 forma,

1526 797 1590 832 130

156 859 270 909 Nam
292 858 510 927 placuisse
532 872 687 918 nocet.)
713 859 835 909 vittis
858 860 1087 926 praesignis
1111 873 1155 910 et
1174 854 1306 920 auro,

157 938 340 988 Sistitur
357 950 457 987 ante
481 957 602 996 aras,
629 938 841 1005 auditque
860 938 1013 1001 ignara
1035 951 1308 1006 precantem,

154 1014 419 1081 Imponique
445 1034 532 1064 suae
554 1014 674 1063 videt
695 1015 812 1063 inter
836 1034 1000 1064 cornua
1022 1014 1187 1075 fronti,

157 1092 284 1156 Quas
306 1092 464 1150 coluit,
485 1093 660 1157 fruges3
684 1112 982 1160 percussaque
1004 1094 1216 1157 sanguine
1239 1093 1411 1143 cultros

157 1168 302 1218 Inficit
322 1169 369 1218 in
393 1169 563 1237 liquida
587 1170 800 1237 praevisos
821 1170 1006 1219 forsitan
1028 1171 1162 1219 unda.

1525 1185 1587 1220 135

156 1245 370 1322 Protinus
398 1258 568 1314 ereptas
591 1247 756 1296 viventi
780 1259 960 1315 pectore
981 1247 1116 1296 fibras

156 1356 255 1390 derat
261 1354 429 1390 Heinsius
436 1355 647 1391 mutandum
659 1363 777 1392 censet
787 1356 842 1391 vel

157 1418 240 1442 cum
255 1407 365 1442 tribus
377 1406 475 1443 MSS
485 1407 523 1442 in
533 1410 708 1448 dederant,
724 1414 763 1442 ut
771 1421 843 1452 quoe

156 1458 456 1504 subintelligatur,
474 1459 531 1494 vel
548 1459 584 1493 in
604 1462 736 1494 tulerat.
754 1459 841 1494 Sine

156 1525 268 1548 causa.
299 1512 460 1559 Agricola
489 1513 598 1548 boum
626 1526 775 1548 munere
805 1519 842 1548 et

155 1571 304 1600 renovat
321 1578 466 1611 agrum,
489 1572 525 1601 et
550 1568 631 1607 dat,
658 1573 838 1611 procreat,

155 1617 347 1653 messes-ln
362 1617 520 1663 plun‘mis
531 1625 651 1652 autem
665 1618 772 1653 Italiae
786 1618 841 1653 lo-

154 1668 202 1704 cis
217 1675 290 1705 tam
304 1671 423 1704 durum
439 1676 515 1705 erat
531 1683 656 1705 arvum
670 1697 680 1715 ,
704 1678 744 1706 ut
764 1684 838 1706 non

153 1722 220 1758 nisi
229 1723 351 1769 quinta
362 1750 372 1767 ,
383 1731 444 1759 aut
454 1737 549 1758 nona
560 1723 649 1759 adeo
660 1724 815 1760 aratione
826 1751 836 1769 ‚

155 1773 198 1809 ab
213 1774 415 1822 ingentibus
437 1783 472 1811 et
496 1775 695 1811 fortissimis
717 1776 839 1811 aratris

154 1827 434 1874 perfringeretur
446 1842 456 1870 ς
468 1827 604 1863 Plinius
617 1854 627 1871 ,
639 1829 687 1872 V,
702 1828 768 1874 Ep.
778 1841 818 1863 vr
827 1855 837 1873 ‚

157 1891 215 1920 103
231 1879 315 1915 hine
325 1887 446 1915 taurus
454 1883 619 1924 Ingemeae
629 1887 746 1916 aratro
752 1881 839 1916 Vir-

154 1931 236 1978 gilio
252 1931 388 1968 dicitur.
400 1932 571 1967 —Ambo
584 1932 685 1978 Regii
702 1932 839 1969 codices

154 1984 300 2018 dederat.

202 2035 273 2070 ηδ.
286 2037 472 2072 Inscribere
480 2038 575 2072 Deos
588 2039 727 2081 sceleri,
742 2037 838 2074 Deos

154 2087 269 2123 facere
286 2087 341 2123 vel
361 2096 519 2125 auctores
530 2116 540 2134 ‚
559 2089 612 2124 vel
629 2090 738 2125 socios
755 2104 836 2126 sce-

154 2141 235 2177 leris
249 2155 257 2178 z
275 2141 366 2187 sic-X
375 2167 385 2186 ,
401 2156 463 2190 ¹99
473 2169 483 2186 ,
496 2145 647 2178 dextram
660 2147 839 2179 inscribere

153 2197 232 2229 leto.
248 2194 375 2230 Tauris
391 2195 512 2230 oblatis
527 2195 669 2241 Jupiter
685 2197 836 2232 maxime

154 2246 349 2293 gaudebam
368 2247 435 2291 lv,
458 2250 532 2293 755.

202 2300 274 2335 130.
301 2301 447 2335 Victima
466 2301 543 2334 labe
563 2312 691 2335 carens.
714 2299 837 2336 Cura-

151 2351 258 2386 batur
268 2377 279 2396 ,
290 2351 397 2386 etiam
412 2349 592 2386 sacerdote
608 2351 764 2388 adhibito
776 2379 786 2397 ‚
797 2360 837 2388 ut

151 2403 302 2440 victima
317 2403 393 2438 sine
413 2403 511 2438 omni
531 2403 606 2438 labe
631 2410 667 2438 et
690 2405 837 2451 egregiae

153 2463 269 2491 essent
280 2482 290 2500 ,
318 2458 418 2492 τέλεια
433 2482 443 2498 ,
471 2458 592 2504 ’ἔκκριτοι
603 2481 613 2498 ,
637 2459 740 2505 ἱερεῖα.
756 2457 837 2492 Hoc

154 2520 293 2553 quoque
308 2534 317 2552 ,
340 2515 379 2543 ut
396 2514 540 2542 ornatus
557 2507 721 2542 cornibus
737 2507 838 2542 addi-

152 2567 230 2604 tus,
251 2559 408 2606 displicet
424 2567 604 2595 commoto
620 2567 740 2595 nostro
759 2561 838 2608 Py-

153 2612 441 2659 thagora—Pro
446 2613 565 2655 forma
577 2612 744 2649 Heinsius
760 2625 838 2648 ma-

152 2665 245 2700 lebat
258 2664 399 2709 sormae‚
427 2673 467 2700 ut
495 2666 547 2700 lx
567 2691 576 2709 ,
604 2667 665 2709 451
683 2691 692 2709 ,
715 2672 839 2701 monet

151 2729 250 2763 posse
268 2716 334 2763 legi
348 2721 544 2761 pmstantis
563 2731 702 2763 corpora
706 2717 838 2762 sormoe.

153 2787 198 2796 —·
207 2771 295 2806 Nam
316 2772 498 2814 placuisse.
524 2770 630 2805 Multi
654 2772 735 2804 Jam
751 2773 839 2813 pla-

154 2826 284 2870 σκῶπες
301 2823 530 2859 Burmannus
541 2823 683 2870 conjicit
699 2825 782 2860 Tam
798 2829 839 2859 ut

906 1369 996 1403 saepe
1012 1356 1250 1403 alibi—Regii
1267 1356 1401 1392 codices
1416 1358 1594 1402 Nampla·

907 1413 1027 1444 cub-sc.
1045 1428 1089 1436 —-
1104 1411 1307 1454 Proeszgvmn
1325 1409 1456 1455 Regius
1471 1416 1597 1444 noster

905 1460 1014 1495 codex
1027 1461 1057 1495 B
1068 1487 1077 1501 ‚
1088 1468 1124 1495 et
1138 1461 1342 1496 Basileensis
1353 1473 1371 1495 a
1380 1461 1592 1495 Burmanno

904 1511 1029 1548 citatus
1057 1512 1187 1548 habent
1213 1516 1366 1557 inszgmlr.
1394 1512 1590 1548 Occasione

904 1564 969 1600 hac
990 1572 1092 1609 utor,
1117 1564 1332 1600 admonendi
1352 1565 1488 1600 lectoris
1512 1578 1587 1600 non

904 1618 1053 1652 omnino
1073 1617 1273 1652 habendam
1292 1617 1403 1654 fldem
1421 1619 1589 1654 Heinsia-

904 1672 959 1707 nis
975 1673 1274 1708 observationibus
1289 1687 1297 1714 ;
1310 1672 1366 1708 hic
1378 1672 1475 1707 enim
1487 1672 1591 1707 docet

903 1724 1135 1772 castigatiores
1146 1725 1274 1759 habere
1280 1728 1468 1769 proestgrms,
1483 1724 1593 1759 addit-

904 1789 973 1822 que
998 1789 1120 1812 vocem
1144 1789 1222 1811 eam
1246 1775 1283 1811 in
1309 1776 1438 1811 deliciis
1460 1777 1590 1812 Nostro

904 1842 976 1864 esse
989 1856 999 1874 ,
1024 1836 1065 1864 ut
1087 1830 1258 1864 innuatur
1274 1828 1445 1863 Ovidium
1459 1831 1590 1873 pra-si-

900 1885 981 1926 gnis
1001 1888 1044 1930 τῷ
1066 1885 1210 1926 insignis·
1235 1880 1435 1927 praetulisse.
1460 1880 1589 1924 Errat,

903 1933 1010 1969 credo
1032 1960 1042 1978 ,
1075 1933 1243 1969 Heinsius
1274 1933 1384 1969 nimia
1413 1932 1589 1968 scribendi

903 1986 1092 2032 cupiditate
1108 2002 1116 2029 ;
1142 1990 1285 2032 insignis
1300 1986 1396 2022 enim
1412 1986 1593 2022 multoties

903 2038 997 2085 apud
1013 2040 1182 2076 Nostrum
1195 2040 1346 2075 occurrit
1362 2052 1442 2074 cum
1461 2039 1590 2074 eodem

903 2104 1033 2133 sensu;
1061 2091 1183 2127 confer
1201 2118 1210 2135 ,
1236 2091 1346 2126 lector
1367 2117 1376 2135 ,
1405 2092 1439 2126 in
1467 2091 1590 2127 Indice

903 2152 1088 2192 utramque
1115 2158 1248 2181 vocem.
1280 2147 1345 2181 Ed.
1371 2164 1416 2171 -
1439 2147 1587 2190 Fruges,

903 2210 1032 2243 nempe
1056 2197 1186 2233 molam
1204 2224 1214 2242 ,
1238 2198 1388 2233 farinam
1406 2198 1475 2232 sale
1492 2197 1589 2232 mix-

902 2257 976 2285 tam
995 2252 1120 2294 (salsae
1132 2250 1253 2296 fruges
1270 2277 1278 2291 ‚
1309 2250 1407 2296 Virg.
1427 2250 1510 2284 AEn.
1528 2250 1587 2292 11,

907 2302 997 2346 133),
1008 2315 1075 2347 qua
1082 2302 1182 2338 frons
1193 2303 1354 2346 victimae,
1366 2302 1464 2337 focus
1475 2308 1509 2336 et
1519 2301 1589 2338 cul-

902 2354 948 2389 tri
965 2354 1272 2401 adspergebantur.
1285 2356 1351 2389 Ed.
1364 2373 1407 2381 —
1424 2357 1589 2390 Praemos

901 2410 938 2442 1⁹1²
949 2409 1041 2442 unda
1052 2434 1061 2452 ‚
1077 2407 1157 2453 quia
1174 2420 1261 2452 aqua
1275 2407 1425 2442 insacris
1433 2419 1497 2452 per
1512 2406 1589 2452 pel-

903 2473 962 2494 ves
985 2459 1158 2505 disposita.
1187 2459 1258 2494 Sed
1283 2459 1351 2494 hoc
1381 2459 1468 2493 nihil
1495 2458 1587 2494 valet

901 2512 958 2547 vel
969 2511 1011 2547 ad
1026 2512 1270 2558 indignitatem
1282 2511 1333 2546 rei
1345 2510 1591 2546 demonstran·-

903 2563 986 2598 dam
998 2589 1008 2605 ‚
1034 2563 1087 2598 vel
1105 2563 1148 2597 ad
1169 2562 1511 2598 commiserationem
1531 2562 1588 2597 fa—

903 2614 1075 2650 ciendam.
1101 2615 1172 2650 Pro
1190 2621 1344 2660 pectore,
1371 2614 1480 2650 codex
1501 2615 1584 2650 Re-

903 2668 978 2714 gius
995 2667 1048 2711 A,
1067 2674 1107 2702 ut
1122 2680 1213 2702 unus
1233 2666 1374 2702 Ciol‘ani
1392 2674 1427 2702 et
1446 2668 1588 2713 plurimi

903 2728 1063 2755 veterum
1074 2746 1084 2763 ,
1099 2719 1203 2756 habet
1217 2733 1357 2765 corpore.
1370 2719 1590 2756 Ed.—F1·brae

903 2771 1043 2817 proprie
1054 2778 1214 2806 extorum
1226 2772 1461 2807 extremitates
1469 2797 1479 2815 ,
1491 2771 1589 2806 dein·

904 2823 948 2860 de
965 2824 1113 2859 omnino
1129 2831 1206 2860 exta
1220 2850 1230 2870 ‚
1252 2823 1286 2859 h.
1305 2837 1335 2860 e.
1359 2824 1480 2870 jecur,
1502 2835 1563 2859 cor
1576 2849 1587 2867 ,
