1820 3106
319 277 322 280 Ι
372 204 1082 253 METAMORPHOSEON
1114 206 1243 251 LIB.
1280 206 1342 250 X.

1494 222 1579 250 201

146 303 380 364 Subsedit,
399 304 641 371 mersitque
665 322 772 352 suos
794 304 839 351 in
864 303 1029 352 cortice
1053 302 1217 352 vultus.

148 383 286 447 Quae,
311 401 566 450 quanquam
589 382 737 430 amisit
759 393 928 430 veteres
950 401 1050 430 cum
1073 400 1262 449 corpore
1286 397 1443 429 sensus
1458 416 1472 439 ,

146 460 246 510 Flet
269 471 443 526 tamen,
468 473 511 510 et
536 460 696 528 tepidae
714 472 896 509 manant
920 479 973 509 ex
1001 460 1160 509 arbore
1186 471 1336 524 guttae.

1527 469 1593 504 500

148 540 234 588 Est
253 539 400 588 honor
422 551 466 588 et
488 538 718 606 lacrymis3
743 538 997 606 stillataque
1016 539 1180 588 cortice
1203 536 1397 606 Myrrha

148 612 324 669 Nomen
344 617 483 668 herile
510 630 655 677 tenet,
679 617 882 685 nullique
907 616 1126 666 tacebitur
1146 636 1255 667 aevo.

212 697 340 746 VIII.
366 697 430 746 At
452 696 565 747 male
590 708 834 764 conceptus
859 695 944 745 sub
968 696 1133 744 robore
1159 705 1353 744 creverat
1372 692 1543 752 infans,

147 775 478 843 Quaerebatque
500 776 612 825 viam
629 814 640 834 ‚
668 794 756 842 qua
780 794 825 824 se
842 813 854 834 ‚
882 775 1102 837 genetrice
1125 773 1276 823 relicta
1290 812 1302 833 ‚

146 855 382 905 Exsereret
402 874 411 903 :
435 854 580 903 media
603 854 810 918 gravidus
836 865 979 902 tumet
999 854 1160 903 arbore
1187 864 1341 901 venter
1361 871 1372 900 :

1528 864 1594 899 505

146 931 314 981 Tendit
337 952 453 982 onus
476 944 661 982 matrem
680 952 691 991 ;
715 952 798 982 nec
819 932 992 981 habent
1016 951 1095 981 sua
1117 931 1255 980 verba
1278 929 1482 989 dolores3

148 1011 242 1059 Nec
264 1010 434 1060 Lucina
456 1022 608 1078 potest
628 1010 845 1078 parientis
872 1029 978 1058 voce
1001 1009 1165 1058 vocari.

148 1121 288 1158 veniret
300 1121 460 1158 venienti
470 1120 566 1169 ligno
575 1149 586 1168 ,
601 1122 717 1158 omnis
728 1134 841 1158 morae

150 1174 352 1222 impatiens.

194 1229 271 1276 499.
287 1229 370 1262 Cum
378 1241 523 1273 corpore.
536 1228 621 1262 Duo
633 1230 675 1262 de
686 1241 821 1273 corpore
825 1240 838 1271 ;

154 1287 318 1326 quatuor,
333 1281 370 1315 in
387 1294 530 1326 corpore.
541 1299 585 1308 --·
602 1281 721 1317 Nostri
739 1281 842 1327 Regii

152 1347 229 1377 cum
239 1337 506 1379 comam—Flet
518 1340 631 1369 tamen
644 1341 709 1369 etc.
723 1333 843 1368 Etiam

154 1385 362 1430 Lucretius,
387 1386 427 1430 1,
450 1384 541 1431 350,
556 1388 642 1431 flere
664 1385 708 1420 de
734 1385 843 1420 succis

155 1438 410 1475 destillantibus
418 1439 515 1483 dixit,
525 1441 680 1474 uberibus
678 1440 769 1484 flent
778 1452 844 1473 om-

154 1495 215 1526 nia
226 1491 532 1537 guIIIs0—-Msrrba
541 1491 657 1526 srutex
672 1491 710 1525 in
725 1489 845 1524 multis

156 1543 297 1580 Arabim
310 1544 393 1580 locis
403 1544 577 1587 nascitur,
593 1557 634 1579 ex
648 1557 719 1590 quo
731 1543 845 1579 inciso

155 1602 264 1642 gutta
282 1602 432 1631 manant
450 1623 460 1641 ,
488 1609 566 1643 quae
581 1597 617 1631 in
635 1597 846 1632 odoratissi-

151 1650 222 1685 mis
239 1657 274 1685 et
290 1650 548 1697 pretiosissimis
566 1650 758 1697 unguentis
774 1650 846 1685 ha—

153 1702 305 1746 bentur3
324 1702 480 1747 Plinius,
493 1703 566 1738 XII
580 1730 589 1747 ,
612 1706 670 1746 15;
686 1703 846 1738 Dioscor.

156 1755 174 1792 Ι
186 1782 196 1801 ,
219 1755 265 1801 64
281 1762 317 1791 et
331 1756 376 1804 69
393 1770 402 1798 ;
426 1755 556 1791 Noster
575 1757 653 1792 Art.
670 1756 787 1791 Amat.
807 1757 846 1800 1,

156 1811 219 1858 ²87
236 1822 246 1845 ε
261 1812 362 1846 Illius
376 1817 412 1845 et
424 1813 585 1858 lacrymis·
595 1838 603 1851 ,
629 1823 715 1856 quas
730 1812 850 1844 arbore

147 1863 272 1908 fundit
285 1865 392 1898 odora
401 1891 409 1905 ,
439 1864 646 1909 Unguimnm
659 1870 693 1898 et
707 1865 850 1898 domt'nae

158 1919 296 1950 nomina
307 1920 407 1960 gutta
418 1920 517 1950 tenet.
525 1917 736 1961 —Nullique
746 1921 849 1951 lace—

159 1971 324 2003 buuraeao
334 1981 375 2003 ex
386 1981 458 2003 uno
467 1968 620 2004 Strozzae
630 1968 728 2003 dedit
739 1969 850 2004 Hein-

160 2020 230 2055 sius
246 2033 310 2066 pro
323 2022 482 2066 nulloque
497 2027 562 2056 etc.
572 2020 726 2066 —Regii
737 2019 850 2055 nostri

121 2077 128 2083 '
161 2075 328 2118 nulloque,
345 2072 406 2108 sed
418 2073 532 2109 multo
543 2073 738 2120 elegantior
749 2073 851 2108 lectio

163 2126 369 2163 Heinsiana.
386 2128 617 2162 Ed.—-Hanc
633 2127 786 2162 fabulam
802 2127 851 2162 ita

163 2178 418 2224 interpretatur
441 2179 671 2225 Fulgentius,
699 2179 852 2227 Mythol.

164 2232 221 2268 III
231 2257 242 2276 ,
257 2233 278 2267 8
291 2244 299 2266 :
311 2246 329 2262 «
347 2231 498 2280 Myrrha
509 2245 619 2278 genus
632 2239 683 2267 est
694 2233 830 2267 arboris
841 2259 851 2277 ,

166 2299 184 2315 n
202 2284 246 2320 de
264 2298 333 2330 qua
347 2297 469 2319 succus
486 2283 558 2330 ipse
582 2284 724 2320 exsudat
745 2298 754 2320 ε
778 2285 853 2320 haec

166 2352 184 2368 n
202 2346 339 2384 patrem
357 2349 489 2372 amasse
507 2336 645 2371 dicitur.
662 2337 740 2372 Istae
753 2338 853 2372 enim

167 2406 184 2422 »
202 2392 343 2426 arbores
365 2390 401 2424 in
423 2389 525 2425 India
541 2397 645 2433 sunt,
668 2403 746 2436 quae
763 2391 854 2426 Solis

167 2459 184 2476 »
202 2444 374 2479 caloribus
385 2451 664 2479 crementantur.
678 2458 696 2474 ι)
715 2442 854 2489 (Mun-

101 2517 105 2526 x
165 2497 271 2532 ker-us
288 2497 370 2543 legit
381 2523 390 2541 ,
408 2503 604 2537 cmnantur,
621 2495 656 2530 id
669 2502 743 2539 est,
758 2496 854 2532 inci-

167 2549 304 2597 duntur
318 2563 327 2590 ;
344 2561 446 2583 crena
457 2548 553 2582 enim
565 2574 574 2591 ,
594 2552 685 2598 κρήνη
699 2573 708 2590 ,
728 2548 856 2583 incisu-

167 2602 229 2645 ra)
245 2614 252 2636 ε
266 2616 284 2631 «
302 2601 349 2636 Et
362 2601 443 2647 quia
460 2609 597 2647 patrem
615 2601 777 2636 omnium
794 2615 854 2636 re-

171 2669 188 2685 »
205 2667 287 2688 rum
312 2653 433 2688 Solem
455 2667 527 2689 esse
545 2654 707 2689 dicebant
720 2680 730 2697 ,
756 2654 856 2698 cujus

170 2722 189 2739 n
206 2707 378 2754 opitulatu
399 2715 525 2742 cuncta
547 2708 750 2754 germinum
771 2707 857 2742 ado-

172 2776 190 2793 »
206 2761 303 2797 lescit
325 2760 531 2806 maturitas,
556 2760 638 2796 ideo
660 2768 696 2797 et
718 2768 856 2808 patrem

907 1136 927 1153 »
944 1134 1076 1157 amasse
1090 1121 1220 1156 dicitur
1234 1134 1242 1156 :
1258 1120 1415 1166 dumque
1434 1118 1597 1166 grandio-

909 1189 927 1205 »
942 1174 990 1209 ris
1001 1174 1074 1220 jam
1088 1174 1197 1209 suerit
1214 1173 1349 1208 roboris
1361 1199 1370 1215 ,
1389 1172 1479 1207 Solis
1491 1171 1597 1206 ardo-

907 1242 924 1259 »
942 1228 1038 1262 ribus
1049 1240 1197 1273 crepans
1208 1253 1217 1270 ,
1226 1222 1597 1272 rhagades(fissuras)

910 1294 928 1310 »
946 1280 1051 1315 efficit
1064 1306 1074 1323 ,
1094 1293 1159 1326 per
1174 1292 1259 1325 quas
1270 1291 1414 1314 succum
1427 1277 1573 1312 desudat
1587 1304 1597 1321 ‚

909 1347 928 1363 »
946 1331 1040 1377 quod
1056 1331 1201 1380 myrrha
1215 1330 1343 1366 dicitur
1357 1343 1364 1364 :
1380 1337 1416 1365 et
1432 1329 1600 1364 redolen-

909 1384 1037 1419 »tibus
1061 1384 1256 1431 lacrymosa
1283 1383 1427 1429 guttulis
1446 1410 1454 1424 ,
1493 1382 1598 1417 fletus

909 1451 927 1467 »
944 1449 1065 1472 suaves
1090 1436 1244 1471 scissuris
1265 1435 1443 1470 hiantibus
1459 1435 1600 1482 jacula-

910 1506 927 1522 »
946 1498 1014 1526 tur.
1041 1490 1151 1526 Unde
1181 1498 1218 1525 et
1243 1489 1411 1525 Adonem
1439 1489 1600 1536 genuisse

909 1560 927 1576 η
944 1546 1067 1581 sertur.
1088 1561 1106 1576 »ι

955 1599 1126 1646 503-739.
1143 1599 1299 1639 Adonis,
1319 1611 1360 1632 ex
1380 1597 1448 1632 hoc
1465 1596 1601 1632 incesto

910 1650 1100 1686 concubitu
1111 1657 1214 1685 natus
1227 1676 1236 1694 ,
1253 1657 1399 1696 propter
1407 1648 1603 1695 pulchritu-

910 1704 1033 1740 dinem
1050 1712 1189 1739 amatur
1206 1718 1225 1739 a
1242 1704 1405 1747 Venere,
1424 1715 1501 1748 quae
1516 1715 1601 1737 eum

912 1771 931 1792 a
940 1770 1111 1793 saevarum
1121 1759 1278 1792 serarum
1288 1756 1476 1791 venatione
1487 1755 1602 1790 deter-

912 1818 967 1845 ret
981 1837 991 1855 ,
1008 1811 1046 1845 in
1060 1811 1183 1857 primis
1195 1810 1354 1856 exemplo
1367 1807 1604 1855 Hippomenis

913 1872 950 1899 et
969 1864 1142 1900 Atalantae
1161 1890 1170 1907 ,
1192 1876 1346 1910 quorum
1363 1863 1432 1897 fata
1448 1861 1605 1897 versibus

915 1918 1070 1963 550-707
1090 1917 1228 1963 copiose
1246 1922 1448 1951 narrantur.
1467 1914 1604 1950 Adonis

915 1982 1026 2015 quum
1047 1970 1087 2004 iis
1107 1969 1252 2004 monitis
1275 1981 1348 2002 non
1374 1973 1604 2011 moveretur,

915 2023 958 2058 ab
976 2035 1060 2068 apro
1078 2035 1259 2068 percussus
1278 2021 1370 2067 perit
1383 2047 1392 2064 ,
1417 2019 1477 2055 sed
1495 2033 1513 2054 a
1530 2019 1607 2054 Ve-

915 2088 1002 2109 nere
1015 2081 1173 2109 mutatur
1185 2075 1221 2108 in
1234 2073 1362 2108 florem
1374 2084 1607 2119 purpureum.

916 2127 1154 2174 Apollodorus
1167 2154 1176 2172 ,
1197 2128 1276 2170 ΙΙΙ,
1295 2139 1359 2161 xw
1372 2154 1380 2170 ,
1400 2128 1442 2171 43
1462 2126 1608 2160 Tzetzes

915 2179 952 2214 in
971 2179 1144 2227 Lycophr.
1166 2193 1198 2226 p.
1226 2180 1286 2214 133
1302 2194 1310 2221 ;
1337 2179 1521 2226 Hyginus,
1540 2178 1608 2212 sab.

918 2234 1073 2279 248-'271
1088 2232 1277 2268 :eumdem
1293 2231 1460 2278 mythum
1476 2229 1606 2265 Hesio-

917 2285 982 2320 dus
994 2293 1030 2320 et
1044 2285 1211 2333 Panyasis
1224 2312 1233 2328 ,
1246 2285 1288 2319 ab
1303 2283 1520 2329 Apollodoro
1532 2282 1610 2316 lau-

917 2339 989 2374 dati
1004 2366 1013 2383 ,
1031 2339 1238 2374 retulerant.
1256 2338 1317 2372 Ille
1339 2337 1483 2371 Adonin
1500 2335 1609 2370 Phoe-

917 2392 1004 2427 uicis
1019 2399 1054 2427 et
1072 2391 1302 2438 Alphesiboeae
1317 2417 1325 2433 ,
1346 2390 1403 2424 hic
1420 2388 1582 2424 Thiantis
1597 2415 1608 2432 ,

920 2445 1147 2492 Assyriorum
1166 2444 1275 2488 regis,
1293 2443 1407 2477 filium
1423 2443 1609 2476 fecerat.—

919 2499 1029 2538 Male,
1047 2497 1184 2531 nefario
1195 2495 1395 2531 concubitu.
1407 2494 1478 2530 Sed
1490 2501 1610 2540 partus

920 2549 1150 2595 prodigiosus.
1166 2548 1238 2584 Sed
1254 2555 1290 2583 et
1302 2547 1538 2594 Apollodorus
1558 2551 1611 2582 α”εκ

919 2608 1095 2649 καμηνιαίῳ
1113 2606 1145 2636 δὲ
1163 2606 1281 2651 ὕστερον
1299 2604 1473 2652 χρόνῳ,τοῦ
1485 2603 1607 2655 d‘c'u'd'pou

920 2657 1058 2704 ῥαγέντος
1068 2681 1078 2698 ,
1093 2660 1270 2699 γεννηθῆναι
1284 2657 1331 2690 τὸν
1347 2657 1501 2698 λιγέμενον
1516 2657 1612 2692 Ad‘w-

922 2724 978 2743 νιν.
996 2726 1042 2733 -
1058 2709 1247 2742 Exsereret.
1273 2707 1343 2742 Hic
1364 2707 1452 2741 mire
1477 2706 1615 2740 variant

923 2759 1022 2796 MSS
1035 2774 1045 2806 3
1071 2773 1163 2796 unus
1180 2763 1340 2795 eximeret
1350 2787 1360 2803 ‚
1379 2759 1468 2794 alter
1483 2762 1607 2798 exiret,
