1820 3106
307 242 1003 289 METAMORPHOSEON
1033 243 1162 287 LIB.
1198 245 1351 288 XIII.

1462 245 1550 306 399

127 339 323 406 Torpet,
350 351 394 388 et
413 337 591 388 adversa
613 336 713 399 figit
735 337 870 387 modo
890 335 1057 386 lumina
1080 349 1193 386 terra
1214 358 1224 385 ε

127 418 355 467 Interdum
379 429 531 466 torvos
553 414 749 467 sustollit
771 415 827 464 ad
849 415 1008 464 aethera
1031 415 1208 464 vultus:

125 495 416 564 Nunepositi
437 506 608 562 spectat
625 493 817 552 vultum,
841 487 960 542 nunc
983 493 1162 544 vulnera
1184 495 1300 553 nati,

125 574 317 631 Vulnera
339 573 589 642 praecipue3
614 592 750 640 seque
770 585 910 622 armat
934 585 978 621 et
998 574 1179 622 instruit
1202 574 1278 622 ira.

126 654 229 718 Qua
249 650 380 702 simul
404 651 589 709 exarsit,
616 662 840 717 tamquam
860 651 1012 714 regina
1034 664 1253 710 maneret,
1486 667 1551 713 545

125 724 290 774 Ulcisci
313 723 494 782 statuit,
520 740 747 790 poenaeque
768 723 814 771 in
837 723 1028 786 imagine
1050 735 1145 772 tota
1166 735 1259 774 est:

123 805 275 870 thue
297 803 407 852 furit
430 802 578 851 catulo
603 801 792 851 lactente
815 802 970 851 orbata
990 801 1124 852 leaena
1144 840 1155 862 ,

123 882 344 949 Signaque
362 893 490 930 nacta
508 880 672 948 pedum
688 882 910 948 sequitur,
929 901 1061 948 quem
1078 901 1171 929 non
1188 882 1308 930 videt
1320 920 1331 942 ,
1355 882 1552 943 hiostern3

124 959 197 1008 Sic
221 959 429 1017 Hecube,
455 971 697 1026 postquam
719 979 818 1008 cum
842 958 966 1008 luctu
990 959 1169 1008 miscuit
1190 960 1299 1010 iram
1314 998 1326 1020 ,

122 1036 226 1084 Non
251 1033 392 1083 oblita
411 1034 686 1094 animorum,
714 1055 931 1084 annorum
954 1034 1092 1084 oblita
1116 1055 1299 1087 suorum
1314 1075 1327 1096 ‚

1490 1053 1554 1086 550

122 1111 258 1162 Vadit
274 1113 329 1161 ad
352 1111 561 1162 artificem
586 1112 690 1162 dirae
713 1113 1020 1180 Polymestora
1040 1113 1192 1171 caedis,

126 1189 498 1257 Colloquiumque
519 1190 633 1257 petit
652 1211 660 1238 :
683 1210 786 1239 nam
808 1208 854 1238 se
875 1202 1118 1239 monstrare
1142 1189 1345 1239 relictum

123 1267 248 1318 Velle
270 1262 411 1318 latens
434 1268 527 1329 illi,
553 1269 675 1336 quod
695 1280 801 1318 nato
824 1268 1052 1329 redderet,
1078 1289 1248 1318 aurum.

123 1407 176 1442 ira
196 1405 292 1442 enim
317 1405 514 1442 furentium
540 1406 631 1442 oculi
655 1406 808 1442 hument

125 1458 268 1505 quidem
283 1486 293 1502 ,
310 1459 371 1494 sed
387 1459 499 1494 nullas
513 1458 683 1506 lacrymas
701 1459 808 1494 emit-

124 1519 206 1548 tunt
220 1525 229 1547 t
245 1514 368 1547 oborta
383 1514 541 1559 lacrymo
553 1511 660 1546 etiam
678 1512 696 1547 1
709 1537 718 1555 ‚
730 1513 806 1547 350.

123 1584 168 1593 —-
180 1565 254 1601 Pro
267 1571 322 1603 est
333 1564 454 1600 multo*
465 1564 658 1610 elegantius
679 1570 787 1609 torpe!
795 1591 804 1606 ,

125 1618 220 1665 quod
232 1625 270 1655 et
279 1625 415 1657 naturae
424 1617 493 1655 saxi
504 1624 540 1653 et
549 1617 806 1663 obstupescenti

120 1681 257 1708 conven
261 1669 414 1714 itffper
421 1671 598 1705 aduersam
608 1675 728 1704 terram
738 1669 807 1704 Re-

123 1722 199 1768 gius
213 1720 304 1757 male
322 1720 502 1757 Troadem
521 1719 736 1765 intelligebat
752 1747 762 1764 ,
785 1733 804 1755 e

121 1773 267 1820 regione
276 1772 436 1809 Thraciae
450 1773 564 1809 sitam.
579 1772 723 1807 Rectius
734 1771 807 1806 Mi-

123 1825 230 1873 cyllus
240 1851 251 1869 ,
261 1837 368 1871 quam
380 1838 422 1860 ex
433 1824 579 1860 adverso
588 1824 804 1867 intuebatur,

123 1877 280 1923 opposita
290 1903 301 1923 ,
313 1884 354 1912 nt
362 1877 468 1919 XIV,
480 1879 499 1912 5
511 1902 521 1920 ‚
533 1878 675 1912 adversa
684 1879 808 1911 mania

125 1929 244 1973 Rhegi.
256 1927 311 1962 Eo
324 1940 428 1963 sensu
437 1939 527 1973 saepe
537 1929 682 1962 adversa
692 1940 788 1961 arma
795 1953 804 1968 ,

125 1982 258 2016 adversi
281 1981 431 2015 hommes
453 1986 518 2014 etc.
543 1978 623 2014 vide
648 1978 691 2014 ad
711 1978 784 2014 XII
795 2004 805 2023 ‚

131 2033 202 2068 ιιὸ.
218 2033 357 2076 Immo,
372 2031 482 2068 ether
501 2039 536 2068 et
556 2033 669 2067 Troas
690 2033 808 2068 minus

125 2085 217 2120 bene
231 2084 295 2120 sibi
311 2091 557 2131 opponuntur,
574 2097 679 2130 quam
700 2084 810 2120 aether

127 2144 163 2172 et
177 2143 281 2173 terra.
297 2136 370 2175 Res
384 2137 489 2172 etiam
505 2136 596 2171 clara
612 2144 663 2172 est
678 2150 719 2171 ex
730 2137 810 2172 He-

126 2188 216 2231 roid.
235 2189 273 2225 11
286 2216 297 2234 ,
319 2189 380 2234 αθ,
399 2202 505 2235 quem
521 2189 639 2226 locum
655 2189 810 2225 laudavit

127 2243 355 2279 Burmannus
369 2255 379 2277 ε
394 2244 522 2283 Hasd,
542 2245 577 2276 in
591 2246 745 2287 opposita
754 2245 810 2277 lu·-

127 2297 324 2341 mt‘uafiaeus
337 2297 447 2330 humo.
463 2312 507 2321 —
524 2295 697 2336 Sustollt't5
721 2308 808 2340 per-

129 2349 232 2386 multi
253 2349 268 2393 (
283 2356 319 2384 et
341 2348 444 2394 Regii
467 2346 602 2385 codices
617 2348 631 2390 )
654 2350 809 2391 emollit,-

131 2399 213 2446 quid
217 2413 273 2437 am
281 2402 433 2442 adtollm
441 2406 547 2445 quatu
551 2410 592 2432 or
601 2401 692 2433 tollit
700 2404 810 2434 torvos

130 2455 296 2488 adsidua
305 2455 427 2487 vultus.
439 2451 495 2487 De
506 2451 807 2493 verbosustollere,

132 2517 270 2542 sursum
280 2505 401 2540 tollere
411 2504 507 2548 ‚vide
519 2503 684 2538 Vossium
697 2529 708 2547 ,
722 2503 780 2538 lib.
789 2504 810 2538 3

132 2557 175 2592 de
189 2557 336 2603 Analog.
349 2570 422 2602 cap.
438 2557 663 2602 37.-P0s1·t1·
674 2562 710 2590 et
727 2555 811 2590 dor—

131 2611 281 2645 mientes
296 2609 463 2644 dicuntur
472 2617 507 2645 et
518 2610 648 2644 mortui
659 2635 669 2652 ,
683 2616 719 2645 et
732 2621 812 2644 om-

131 2662 218 2697 uino
234 2662 398 2707 jacentes.
409 2681 455 2688 —
469 2664 615 2697 Vulnera
624 2665 808 2707 pra-cipue,

132 2713 258 2759 quippe
271 2725 349 2759 quae
360 2713 451 2748 clara
465 2720 580 2749 essent
591 2714 716 2749 indicia
728 2726 812 2759 per-

132 2767 223 2802 fidiae
239 2767 701 2816 Polymestoris—Instruit
717 2766 811 2801 idem

872 1406 966 1452 quod
983 1412 1106 1446 armat,
1129 1413 1164 1442 et
1181 1420 1200 1442 e
1219 1408 1316 1453 copia
1333 1407 1468 1453 poetica
1484 1409 1555 1443 ad·-

872 1459 1005 1502 ditum,
1022 1459 1146 1494 excitat
1161 1459 1250 1494 iram
1262 1484 1271 1502 ,
1291 1472 1360 1505 qua
1372 1459 1555 1495 ulciscatur

870 1509 1042 1556 perfidam
1055 1511 1146 1556 regis
1157 1510 1413 1546 crudelitatem.
1426 1511 1484 1547 Sic
1496 1525 1553 1546 ar—

870 1567 960 1598 mari
969 1567 1115 1606 artibus,
1137 1568 1262 1609 insttui
1271 1567 1360 1599 dolis
1377 1573 1443 1600 etc.
1460 1567 1557 1601 Bur-

870 1628 1023 1651 mannus
1041 1623 1161 1650 tamen
1182 1616 1323 1662 praefert
1341 1618 1501 1653 Vaticani
1520 1626 1556 1654 et

871 1667 982 1712 Neap.
1005 1667 1103 1703 MSS
1127 1668 1315 1703 lectionem
1330 1695 1340 1712 ‚
1369 1674 1404 1704 ct
1420 1673 1560 1704 instruit

870 1722 955 1753 iram
966 1732 976 1753 :
988 1719 1111 1753 iratam
1124 1719 1221 1754 enim
1230 1719 1440 1764 jamdudum
1451 1720 1555 1755 fuisse

872 1772 1058 1807 Hecubam
1074 1798 1083 1816 ‚
1106 1785 1203 1807 nunc
1220 1779 1339 1806 autem
1356 1772 1557 1807 instruxisse

871 1823 960 1858 iram
975 1850 984 1868 ,
1005 1824 1040 1858 h.
1066 1837 1096 1858 e.
1121 1837 1256 1870 parasse
1282 1837 1323 1859 ea
1337 1850 1347 1868 ,
1374 1824 1500 1870 quibus
1518 1825 1555 1859 in

872 1876 1037 1911 ardorem
1048 1877 1279 1922 exsequendi,
1290 1889 1368 1922 quae
1377 1877 1465 1912 irata
1474 1890 1558 1912 cou-

871 1929 1035 1974 cepisset,
1052 1929 1125 1964 dari
1143 1935 1258 1974 posset
1271 1942 1279 1969 ;
1292 1928 1354 1966 sed
1368 1929 1420 1963 vir
1433 1929 1555 1965 doctus

871 1994 946 2015 non
970 1980 1120 2016 attendit
1143 1980 1186 2015 ad
1209 1980 1275 2016 loci
1291 1981 1429 2016 seriem.
1448 1981 1555 2017 Con—

872 2040 990 2079 specto
1005 2045 1150 2078 corpore
1161 2059 1171 2076 ,
1186 2032 1414 2079 obstupescit;
1427 2042 1557 2080 specta-

873 2086 916 2120 tis
930 2085 1103 2131 paulisper
1118 2084 1340 2129 vulneribus,
1359 2086 1409 2120 ira
1429 2099 1557 2121 excan-

874 2136 992 2172 descit.
1010 2140 1086 2181 Qua
1093 2140 1242 2172 simulac
1251 2142 1394 2175 exarsit.
1412 2145 1487 2172 tum
1499 2137 1555 2172 de-

872 2203 973 2225 mum
998 2192 1125 2226 ulcisci
1137 2193 1257 2226 statuit
1272 2190 1456 2236 perfidiam
1475 2191 1555 2225 Po-

872 2242 1080 2290 lymestoris.
1100 2262 1144 2268 —
1168 2243 1339 2278 Praeclare
1367 2242 1525 2278 additum
1543 2270 1553 2286 ‚

872 2301 1041 2340 tamquam
1050 2298 1165 2339 regina
1174 2304 1323 2330 maneret
1331 2306 1343 2337 ‚·
1357 2307 1445 2340 saepe
1458 2294 1556 2329 enim

873 2360 954 2382 casu
966 2347 1060 2393 gravi
1075 2347 1269 2392 jacentibus
1282 2346 1374 2381 redit
1389 2346 1556 2392 pristinus

875 2400 1031 2444 animus,
1048 2400 1175 2435 veteris
1194 2398 1371 2445 dignitatis
1390 2399 1557 2434 recorda-

874 2452 1091 2488 tio.-Poenoe
1103 2456 1140 2486 ιἰι
1153 2455 1299 2496 imagine
1311 2457 1383 2486 tota
1395 2457 1447 2485 est
1459 2464 1468 2485 :
1479 2452 1533 2486 VI
1544 2477 1555 2495 ,

876 2504 960 2546 586;
985 2504 1142 2540 animum
1165 2503 1319 2538 intendit
1345 2502 1387 2537 ad
1415 2515 1555 2548 poenam

874 2556 1136 2592 inveniendam.
1146 2575 1190 2583 ·--
1201 2558 1283 2590 Cum
1293 2558 1385 2591 lucta
1394 2560 1530 2592 miscuit
1535 2568 1552 2599 ,·

874 2621 966 2644 unus
982 2607 1166 2643 Mediceus
1183 2610 1276 2643 luctu
1284 2611 1489 2653 permiscuit.

920 2664 994 2698 552.
1025 2663 1217 2705 Relictum‚·
1241 2667 1277 2696 et
1302 2673 1384 2706 opes
1410 2661 1445 2695 in
1472 2674 1555 2707 agro

875 2714 1034 2759 Trojano
1055 2712 1224 2758 defossas,
1249 2720 1285 2748 et
1308 2714 1471 2760 pecunias
1490 2727 1554 2748 se-

875 2779 955 2802 cum
973 2765 1101 2801 adlatas
1114 2779 1149 2800 se
1166 2765 1397 2801 indicaturam
1414 2765 1556 2800 simula—
