1820 3106
251 278 337 338 398

623 279 674 321 P.
719 277 960 322 OVIDII
994 277 1299 323 NASONIS

252 370 524 433 Contingent
545 369 694 429 fletus,
718 372 1038 437 peregrinaeque
1060 371 1243 420 haustus
1266 390 1416 420 arenae.

251 447 412 496 Omnia
435 446 724 513 perdidimus;
751 460 975 514 superest,
1001 468 1078 497 cur
1100 450 1238 498 vivere
1263 461 1434 516 tempus

248 525 302 572 In
323 524 454 571 breve
473 523 732 591 sustineam,
757 523 904 590 proles
929 525 1171 586 gratissima
1193 526 1340 582 matri,

248 602 377 649 Nunc
399 600 518 650 solus
533 639 544 659 ,
572 602 791 669 quondam
814 602 1019 651 minimus
1040 603 1093 652 de
1117 604 1253 670 stirpe
1272 603 1413 661 virili,

249 678 342 725 Has
361 677 487 724 datus
508 677 688 725 Ismario
711 678 801 740 regi
823 677 1070 743 Polydorus
1092 679 1138 725 in
1162 698 1275 727 oras.
1587 691 1651 726 530

250 753 375 816 Quid
394 772 542 801 moror
563 754 723 802 interea
748 753 939 802 crudelia
962 753 1137 802 vulnera
1156 753 1347 820 lymphis

250 829 463 887 Abluere,
487 842 530 878 et
553 850 727 897 sparsos
751 831 908 879 immiti
934 831 1143 893 sanguine
1166 830 1346 881 vultus?
1366 853 1390 872 n

250 907 374 954 Dixit
394 927 403 954 ε
422 919 467 955 et
488 907 542 954 ad
563 907 668 955 litus
690 927 821 973 passu
844 907 1044 975 procedit
1065 907 1196 965 anili,

248 983 461 1037 Albentes
482 983 642 1031 laniata
663 1002 839 1032 comas:
864 1006 886 1026 «
910 985 1044 1041 Date,
1067 985 1288 1040 Troades,
1313 980 1492 1042 urnam,
1520 1005 1541 1026 n

247 1060 428 1108 Dixerat
449 1060 624 1118 infelix,
647 1060 836 1126 liquidas
859 1061 1053 1110 hauriret
1076 1073 1124 1109 ut
1146 1061 1311 1110 undas:
1587 1073 1653 1108 535

246 1137 450 1203 Adspicit
476 1137 658 1201 ejectum
677 1137 886 1204 Polydori
910 1138 957 1185 in
979 1137 1108 1186 litore
1125 1138 1315 1204 corpus,

245 1216 462 1279 Factaque
484 1213 701 1262 Threiciis
721 1214 914 1276 ingentia
937 1214 1115 1263 vulnera
1139 1214 1247 1263 telis.

244 1292 436 1340 Troades
458 1290 698 1340 exclamant
718 1311 727 1339 ε
750 1291 973 1340 obmutuit
995 1291 1068 1340 illa
1088 1292 1265 1349 dolore;

244 1370 304 1416 Et
329 1370 491 1435 pariter
511 1388 681 1426 vocem,
707 1368 1002 1435 lacrymasque
1026 1369 1243 1418 introrsus
1267 1369 1444 1417 obortas

243 1447 436 1493 Devorat
457 1448 552 1511 ipse
578 1445 731 1503 dolor,
759 1445 955 1512 duroque
978 1446 1196 1495 simillima
1219 1465 1322 1494 saxo
1354 1484 1356 1487 -

240 1577 444 1610 -Haustus
461 1587 566 1609 arenoe
577 1601 585 1615 ‚
609 1575 774 1620 particula
794 1575 914 1609 hausta

241 1641 364 1662 arenae.
390 1627 511 1671 Quam
531 1626 696 1661 invidiose
719 1627 767 1660 ita
787 1626 913 1660 huma-

241 1680 375 1714 tionem
386 1679 423 1713 in
439 1685 530 1713 terra
549 1678 730 1724 peregrina
746 1677 912 1713 declarat!

286 1731 451 1776 527-530.
476 1731 598 1764 Omnia
618 1731 823 1774 perdidimus
848 1737 913 1764 etc.

241 1783 410 1819 Praeclare
430 1781 556 1816 desinit
570 1782 605 1816 in
623 1781 690 1816 hoe
704 1781 826 1816 solatio
842 1794 850 1815 :
867 1782 913 1815 ita

241 1836 337 1871 enim
361 1834 483 1869 fortius
506 1833 612 1869 sentis
638 1833 797 1867 dolorem
813 1859 823 1876 ‚
845 1846 913 1879 quo

241 1886 433 1922 miserrima
449 1892 561 1920 mater
581 1885 798 1919 cruciabatur
821 1897 914 1919 con-

239 1945 355 1983 specto
386 1944 529 1983 repente
556 1936 660 1981 hujus
688 1949 825 1982 quoque
853 1935 913 1970 filii

239 2003 445 2035 corpore.-
454 1991 522 2025 Cur
534 2001 597 2034 pro
609 2014 618 2031 ,
637 1996 781 2035 propter
797 2001 913 2033 quem.

240 2061 283 2068 —·
292 2044 433 2076 Ismario
443 2045 530 2085 regi:
542 2039 771 2086 Polymestori
784 2066 793 2083 ,
807 2040 837 2074 T
840 2039 915 2074 hra-

241 2094 301 2129 ciae
309 2093 381 2138 regi
390 2108 398 2135 ;
407 2105 489 2127 nam
498 2092 807 2128 IsmarusThraciae
813 2105 912 2126 mons

241 2153 303 2181 est.
318 2147 384 2180 Ed.
819 2182 824 2189 Ι

286 2197 359 2233 532.
371 2197 512 2230 Immitis
523 2197 678 2238 sanguis,
697 2194 755 2239 qui
771 2194 913 2240 profluit

241 2261 304 2294 per
318 2247 454 2282 hostem
465 2246 649 2280 immitem.
659 2245 763 2280 Unus
771 2246 913 2296 *Heinsii

240 2303 369 2334 insonti
384 2301 570 2343 sanguine,·
598 2298 681 2332 alius
700 2300 853 2332 stillanti.
869 2315 912 2323 —-

242 2351 344 2396 Regii
357 2350 490 2385 codices
503 2352 631 2384 immiti.

286 2406 359 2439 533.
386 2406 565 2446 Procedit‚·
590 2410 660 2438 tres
673 2429 682 2446 ,
699 2407 904 2448 properavit,

242 2464 280 2491 ut
295 2456 386 2502 apud
405 2456 612 2500 Virgilium,
630 2455 714 2489 AEn.
732 2455 785 2490 IV
796 2482 806 2499 ‚
823 2456 882 2499 641
899 2482 909 2499 ,

239 2512 377 2555 gradum
406 2511 516 2545 stadio
543 2510 710 2543 celerabat
739 2510 835 2543 anili.
868 2527 912 2533 —

242 2563 358 2609 Vulgo
370 2569 405 2598 et
419 2563 455 2596 in
470 2562 642 2597 codicibus
658 2562 783 2596 nostris
795 2561 910 2606 Regiis

240 2613 365 2658 legitur
376 2617 541 2657 processit
550 2624 562 2656 ,⁸
585 2613 702 2648 nescio
722 2612 816 2647 unde
829 2625 911 2656 pro·-

241 2667 330 2699 cedit
346 2665 518 2710 Gierigius
532 2666 702 2710 exceperit
712 2679 724 2707 ;.
739 2664 799 2700 sed
815 2677 910 2709 prae-r

241 2728 318 2749 sens
329 2721 464 2760 tempus
475 2722 567 2750 certe
578 2716 666 2750 bene
677 2729 712 2750 se
722 2715 834 2750 habet.
844 2717 910 2750 Ed.

240 2766 465 2802 —Aailinon
478 2774 561 2812 puto
574 2767 629 2802 hic
644 2766 840 2803 tarditatem
852 2773 910 2801 aut

1585 1458 1652 1504 540

979 1582 1169 1608 tremorem
1179 1574 1308 1618 pedum
1319 1581 1440 1608 notare
1449 1600 1458 1617 ,
1475 1574 1534 1613 sed
1547 1582 1650 1609 ornat

979 1633 1116 1660 tantum
1128 1652 1136 1668 ‚
1154 1632 1193 1659 ut
1206 1626 1330 1670 passim
1346 1628 1528 1669 virgineus,
1542 1625 1650 1669 fimi—

978 1690 1059 1713 neus
1074 1684 1138 1711 etc.
1160 1676 1239 1721 quia
1255 1689 1340 1711 anus
1355 1683 1448 1719 erat,
1467 1683 1649 1722 propterea

978 1732 1067 1763 anili
1076 1741 1174 1774 passu
1186 1728 1350 1773 procedit.
1361 1728 1430 1762 Hic
1440 1727 1566 1762 deserit
1580 1728 1649 1762 Eu-

978 1781 1128 1827 ripidem
1144 1806 1155 1826 ,
1176 1780 1268 1826 apud
1293 1792 1399 1825 quem
1413 1806 1423 1824 ‚
1450 1792 1536 1814 vers.
1559 1779 1623 1825 678
1637 1806 1647 1822 ,

979 1832 1099 1867 ancilla
1114 1858 1124 1876 ,
1149 1844 1274 1877 aquam
1293 1831 1466 1866 marinam
1485 1830 1648 1865 haustum

978 1884 1080 1919 missa
1091 1886 1113 1927 ,³²
1122 1883 1233 1918 adfert
1250 1881 1413 1930 Polydori
1428 1894 1562 1930 corpus.

1013 1936 1087 1981 537.
1097 1936 1251 1979 Ingentia
1259 1937 1394 1968 vulnera
1404 1933 1551 1968 illustrat
1561 1933 1648 1968 Bur-

978 2000 1129 2022 mannus
1145 2000 1164 2020 e
1180 1986 1305 2028 Floro,
1325 1986 1361 2020 11
1372 2011 1381 2028 ‚
1402 1999 1418 2030 7
1432 1997 1440 2019 :
1456 1998 1474 2015 «
1492 1983 1648 2019 Vulnera

980 2054 997 2069 »
1016 2051 1088 2073 non
1102 2037 1236 2083 spiculis
1247 2063 1271 2071 ..
1285 2062 1293 2070 .
1305 2036 1364 2072 sed
1383 2035 1580 2080 ingentibus
1593 2036 1648 2082 pi-

979 2104 997 2120 »
1015 2090 1074 2132 lis,
1098 2102 1163 2124 nec
1183 2087 1376 2122 minoribus
1393 2087 1510 2123 adacta
1529 2087 1647 2134 gladiis

978 2156 996 2172 »
1016 2142 1104 2176 ultra
1129 2148 1280 2175 mortem
1305 2140 1477 2186 patebant.
1495 2154 1512 2170 »
1538 2139 1648 2175 Addit

976 2184 1164 2239 explicandi
1190 2199 1242 2228 τοῦ
1258 2195 1347 2226 ultra
1367 2199 1501 2226 mortem
1523 2205 1622 2227 causa
1633 2217 1644 2235 ,

976 2252 1048 2279 tam
1056 2245 1211 2290 ingentia
1220 2244 1321 2278 fuisse
1331 2243 1485 2286 vulnera,
1495 2244 1645 2278 utetiam

975 2309 1071 2331 mors
1086 2296 1250 2342 potuisset
1271 2295 1399 2330 minori
1422 2295 1565 2331 vulnere
1583 2295 1647 2330 iu-

974 2348 1058 2383 serri
1070 2376 1080 2393 ,
1098 2362 1139 2384 ex
1152 2361 1224 2383 uno
1236 2348 1374 2387 illorum
1390 2349 1538 2394 potuisse
1551 2348 1646 2393 quasi

976 2403 1090 2448 plures
1105 2402 1264 2436 homines
1276 2401 1378 2436 morti
1396 2400 1480 2434 dari.

1020 2455 1093 2502 539.
1109 2456 1174 2495 Et,
1195 2454 1342 2499 quippe,
1366 2451 1559 2497 siquidem3
1581 2452 1643 2486 ul·-

976 2507 1082 2541 terius
1100 2506 1196 2541 enim
1212 2505 1360 2541 declarat
1376 2507 1409 2539 τὲ
1423 2506 1642 2541 obmutuit.-

975 2561 1123 2595 Devorat
1135 2556 1424 2593 accommodatius
1441 2554 1565 2591 doloris
1578 2569 1642 2590 ra-

974 2610 1040 2645 biei
1051 2636 1060 2654 ,
1075 2622 1178 2655 quam
1189 2635 1199 2653 ,
1207 2609 1338 2647 ,retinet
1351 2607 1528 2642 autsimile
1539 2606 1638 2652 quid,

973 2661 1139 2708 lacrymas
1151 2666 1309 2697 introrsus
1316 2664 1461 2703 obortas,
1472 2673 1642 2706 expressas

976 2714 1118 2759 quidem
1135 2740 1143 2757 ,
1170 2713 1229 2748 sed
1255 2726 1327 2747 non
1355 2712 1577 2758 profluentes.
1596 2711 1642 2746 Et

974 2766 1039 2801 hoc
1065 2766 1104 2801 ad
1129 2766 1180 2802 rei
1200 2766 1380 2801 veritatem
1399 2765 1637 2807 observatum
