1820 3106
266 245 322 286 23

637 246 691 289 P.
737 246 973 294 OVIDII
1021 249 1322 299 NASONIS

260 338 392 386 Nunc
412 349 582 387 matura
604 341 731 389 metit
749 341 894 391 fleturi
915 356 1018 393 vota
1041 344 1215 404 coloni3

259 416 320 463 Et
343 416 542 465 Cererem
565 417 613 465 in
636 419 769 485 spicis
790 420 1012 488 intercipit
1032 442 1040 470 :
1063 443 1160 472 area
1180 424 1367 483 frustra,

258 493 320 540 Et
337 492 502 545 frustra
523 508 778 562 exspectant
798 499 1037 563 promissas
1060 500 1218 549 horrea
1241 520 1414 550 messes.

259 568 527 621 Sternuntur
550 573 718 635 gravidi
741 572 876 638 longo
900 595 998 624 cum
1023 576 1200 643 palmite
1223 578 1355 627 foetus
1369 616 1382 636 ‚

256 648 483 715 Baccaque
507 669 606 698 cum
630 652 762 700 ramis
788 671 959 720 semper
981 654 1228 703 frondentis
1252 655 1388 704 olivae.

1614 680 1679 716 290

257 723 388 773 Saevit
410 729 453 774 et
476 725 522 774 in
545 727 762 793 pecudes;
787 748 879 777 non
901 730 980 779 has
1002 742 1206 797 pastorve
1230 750 1408 781 canesve
1422 768 1434 790 ‚

256 806 357 854 Non
381 820 574 858 armenta
597 821 741 859 truces
763 824 954 877 possunt
975 812 1204 862 defendere
1228 813 1370 861 tauri.

256 886 515 951 Diffugiunt
535 890 717 958 populi,
742 910 823 940 nec
848 912 892 942 se
908 931 919 951 ‚
946 894 1030 942 nisi
1054 895 1275 943 moenibus
1296 894 1422 943 urbis
1440 931 1452 954 ,

255 970 365 1019 Esse
386 984 547 1038 putant
569 986 717 1034 tutos;
743 975 883 1025 donec
908 976 1181 1040 Meleagros,
1207 990 1251 1026 et
1272 997 1360 1026 una

254 1053 388 1101 Lecta
408 1073 564 1103 manus
582 1055 792 1120 juvenum
815 1058 957 1106 coiere
980 1058 1188 1124 cupidine
1211 1057 1368 1107 laudis.

254 1200 375 1228 menta
388 1202 498 1230 vastet
513 1202 548 1230 et
565 1203 675 1231 metat
692 1210 775 1243 aper
791 1223 800 1241 ,
828 1204 864 1232 et
884 1198 931 1232 ita

252 1244 347 1291 longi
358 1245 455 1280 labor
469 1247 585 1283 irritus
597 1249 679 1283 anni
694 1256 823 1294 pereat.
836 1250 932 1284 Prae-

252 1303 347 1332 terea
364 1297 414 1332 bis
430 1298 525 1333 idem
538 1299 689 1342 diceret;
711 1314 796 1335 nam
811 1315 930 1336 versus

251 1349 451 1395 praecedens
476 1352 546 1398 agit
569 1351 612 1386 de
637 1353 871 1388 crescentibus
891 1361 928 1388 et

253 1400 366 1435 adhuc
385 1401 604 1447 immaturis,
630 1415 727 1438 nunc
752 1404 795 1439 de
824 1418 930 1450 sege—

251 1452 342 1487 tibus
357 1454 502 1489 maturis
516 1480 525 1498 ,
546 1462 581 1489 et
597 1455 669 1500 jam
686 1455 793 1500 spicas
810 1456 928 1500 plenas

252 1507 535 1551 ostendentibus,
557 1516 596 1544 ut
612 1511 684 1544 sere
705 1511 869 1552 Cererem,
892 1510 928 1545 id

252 1566 304 1594 est
319 1585 329 1601 ‚
356 1573 484 1604 panem
510 1562 635 1596 serant.
661 1562 754 1598 Nam
776 1561 843 1597 hoc
859 1575 929 1596 vo-

252 1609 330 1645 lunt
346 1610 402 1646 illa
413 1638 422 1655 ,
438 1614 487 1646 Et
503 1615 648 1648 Cererem
658 1617 693 1648 in
707 1617 812 1658 spicis
826 1618 930 1649 inter-

252 1664 344 1705 czpit.
363 1676 380 1692 »
396 1681 440 1689 —-
457 1665 597 1698 Matura
611 1667 720 1705 metit,
741 1664 835 1709 quod
851 1677 929 1698 ver-

253 1713 338 1747 bum
355 1727 436 1749 cum
460 1715 596 1750 delectu
613 1716 764 1761 positum
781 1723 817 1751 et
837 1716 927 1750 bene

253 1768 418 1802 convenit
434 1768 532 1802 alteri
544 1771 718 1814 interczpit.
734 1770 858 1804 Meiere
873 1782 928 1803 au-

252 1826 326 1853 tem
352 1820 458 1854 etiam
484 1833 548 1866 pro
573 1828 753 1867 amputare
773 1821 926 1867 ponitur.

253 1870 299 1912 V,
317 1875 387 1915 104.
404 1872 499 1907 Male
513 1873 682 1907 Burman.
692 1875 816 1916 premit
830 1885 928 1918 prae-

251 1922 342 1965 sert,
377 1923 471 1968 quod
492 1924 622 1969 accepit
641 1937 660 1958 e
682 1924 865 1966 Leidensi;
893 1930 928 1958 et

251 1975 397 2009 minime
415 1976 456 2010 ab
472 1976 613 2011 indocto
627 1977 767 2011 librario
783 1978 927 2022 prosec-

251 2033 328 2060 tum
343 2039 414 2062 esse
431 2027 540 2062 credit
552 2053 561 2071 ,
582 2027 642 2062 sed
667 2031 760 2062 metit
780 2028 926 2074 glossam

249 2091 322 2112 esse
336 2104 345 2122 ,
373 2092 440 2123 qua
456 2079 646 2114 reconditae
667 2079 926 2125 significationis

248 2126 398 2164 v'erbum
415 2130 536 2176 aliquis
550 2131 759 2176 explicuerit.
779 2134 929 2166 Premere

251 2181 346 2216 enirn
357 2182 394 2216 in
406 2195 445 2217 re
455 2182 580 2218 rustica
590 2183 737 2217 verbum
745 2183 927 2228 proprium

250 2247 314 2279 pro
331 2241 528 2280 amputare,
545 2234 744 2270 abscindere
756 2261 765 2279 ,
779 2236 836 2270 ait.
852 2235 925 2270 Sed

249 2286 331 2322 huic
344 2287 450 2322 verbo
466 2313 475 2331 ‚
494 2300 603 2332 quum
622 2295 803 2332 amputare
818 2288 927 2333 signi-

249 2339 329 2374 ficat
342 2366 351 2383 ‚
371 2340 469 2384 falce
499 2339 578 2374 addi
603 2339 689 2374 solet
702 2365 712 2383 ‚
739 2352 855 2384 neque
881 2339 924 2373 de

248 2391 457 2426 messoribus
472 2398 677 2437 usurpatur,
698 2391 758 2426 sed
776 2391 818 2425 de
835 2391 925 2425 vini-

247 2443 382 2478 toribus
400 2451 436 2479 et
461 2444 663 2480 hortulanis.
680 2461 722 2471 —-·
751 2446 839 2479 Vota
857 2457 924 2478 co-

246 2497 338 2536 loni,
366 2502 405 2529 ut
423 2497 438 2530 Ι
453 2522 461 2539 ,
487 2510 615 2542 272.—
630 2498 810 2540 Interctpit.
823 2496 924 2530 Bur—

247 2558 399 2581 mannus
423 2547 518 2583 hunc
544 2549 661 2583 locum
683 2548 732 2582 ita
754 2547 922 2593 explicat:

248 2612 267 2627 «
282 2597 373 2642 Quae
388 2598 515 2633 scilicet
529 2600 745 2635 debebantur
761 2614 849 2635 areae
861 2627 871 2644 ‚
889 2607 924 2634 et

250 2650 378 2685 horreo
402 2657 437 2685 et
461 2652 601 2697 pistori,
633 2654 692 2698 qui
715 2654 751 2687 in
774 2654 923 2687 farinam

252 2702 427 2747 redigeret
440 2729 450 2747 ,
467 2716 522 2738 sus
537 2704 772 2739 sibivindicat.
788 2719 804 2735 ν
823 2707 924 2739 Inter-

251 2757 356 2797 cipere
386 2754 534 2789 verbum
561 2755 697 2801 elegans
712 2781 722 2800 ‚
749 2762 829 2790 ante
858 2769 921 2791 ca-

1612 1073 1677 1107 3⁰0

993 1211 1076 1244 pere
1088 1225 1098 1242 ,
1123 1212 1230 1245 quam
1247 1198 1289 1234 ad
1306 1198 1492 1233 dominum
1507 1224 1517 1243 ,
1532 1197 1650 1233 locum
1662 1225 1674 1242 ,

995 1263 1098 1287 usum
1124 1252 1336 1288 destinatum
1366 1253 1493 1287 veniat.
1523 1252 1672 1287 Terent.

996 1304 1088 1340 Eun.
1106 1306 1123 1340 I
1137 1332 1146 1349 ‚
1175 1316 1188 1339 1
1201 1331 1210 1347 ,
1232 1305 1274 1338 35
1292 1317 1300 1339 :
1317 1306 1406 1339 Nam
1422 1305 1512 1349 quod
1528 1316 1590 1338 nos
1603 1316 1673 1338 ca-

988 1371 1066 1402 pere
1079 1364 1220 1401 oportet,
1235 1360 1306 1391 hoec
1319 1360 1496 1401 intercipit.
1509 1356 1580 1391 Hie
1589 1368 1672 1401 quo-

995 1421 1061 1453 que
1073 1408 1221 1443 modum
1232 1421 1369 1443 servare
1379 1408 1524 1443 nescivit
1535 1421 1543 1450 ;
1553 1407 1671 1453 itaque

993 1460 1139 1504 subjecit
1155 1460 1210 1493 illa
1224 1486 1234 1502 ,
1257 1474 1338 1494 area
1360 1467 1425 1495 etc.
1453 1460 1672 1505 Quanquam

992 1512 1087 1546 suavi
1103 1511 1308 1556 metaphora
1319 1524 1408 1546 areae
1417 1514 1626 1555 exspectatio
1637 1519 1673 1547 et

993 1563 1082 1608 agris
1104 1565 1285 1607 'promissio
1309 1563 1476 1597 tribuitur
1494 1575 1503 1597 ε
1518 1562 1556 1596 in
1576 1569 1672 1597 tanta

992 1614 1185 1649 calamitate
1209 1627 1282 1649 non
1307 1621 1405 1649 curat
1422 1614 1532 1649 lector
1556 1613 1668 1657 scire,

993 1666 1052 1711 qui
1069 1679 1189 1701 sensus
1206 1666 1417 1700 horreorum
1433 1665 1577 1700 suerint.
1596 1666 1671 1701 Pli-

991 1718 1070 1753 nius
1081 1745 1090 1762 ,
1103 1719 1276 1765 Panegyr.
1288 1719 1343 1761 81,
1355 1718 1445 1753 hanc
1458 1718 1569 1763 ipsam
1580 1719 1672 1753 sorte

992 1771 1218 1805 venationem
1241 1770 1452 1816 respiciens,
1485 1772 1673 1804 submotam

992 1825 1122 1866 campis
1137 1825 1348 1866 irruptionem
1362 1822 1518 1866 ferarum
1532 1827 1567 1856 et
1580 1823 1675 1856 obsi-

992 1876 1090 1908 dione
1119 1876 1293 1909 liberatum
1325 1876 1503 1918 agrestium
1526 1874 1672 1908 laborem

994 1932 1179 1959 memorat.

1044 1979 1119 2024 294.
1141 1979 1336 2012 Sternuntur
1361 1977 1569 2012 succulentae
1593 1989 1669 2011 uvae

992 2042 1074 2065 cum
1097 2028 1233 2062 vitibus.
1251 2045 1295 2054 —-
1316 2030 1464 2062 Pecudes
1481 2055 1489 2069 ‚
1519 2040 1639 2074 greges

988 2095 1074 2117 nam
1084 2082 1273 2127 opponitur
1282 2085 1449 2116 armentis.
1456 2099 1501 2107 ·—
1513 2082 1667 2115 Canes-oe.

992 2134 1094 2180 Regii
1109 2133 1218 2168 nostri
1233 2160 1242 2177 ,
1259 2137 1404 2168 canisve.

1036 2186 1110 2232 298.
1126 2187 1198 2220 Nec
1213 2197 1249 2219 se
1260 2212 1268 2226 ‚
1287 2188 1358 2219 nisi
1369 2187 1542 2220 manibus.
1565 2183 1668 2229 Regii

989 2238 1099 2272 nostri
1120 2236 1251 2272 habent
1274 2250 1334 2272 nec
1357 2250 1394 2272 se
1418 2241 1455 2271 in
1481 2238 1665 2277 maem'bus,

989 2301 1094 2334 quam
1103 2289 1241 2323 lection.
1253 2300 1352 2334 paene
1365 2288 1591 2334 praetulerim.
1600 2288 1667 2322 Ed.

1034 2342 1109 2374 300.
1130 2341 1237 2374 Lecta
1254 2353 1383 2376 manus.
1407 2338 1639 2374 Callimachus
1657 2363 1667 2381 ,

990 2394 1141 2432 ἐπίκλητοι
1170 2392 1367 2442 &spent-§peu
1402 2389 1638 2436 Apollodorus
1657 2415 1667 2433 ‚

989 2449 1056 2483 τοὺς
1081 2445 1219 2493 ἀρίστους
1245 2447 1275 2478 ἐκ
1297 2452 1351 2484 τῆς
1373 2436 1509 2480 ἑλλάδος
1529 2442 1667 2483 moinum

990 2495 1170 2530 Homerus
1181 2521 1191 2539 ,
1203 2507 1289 2530 vers.
1307 2495 1370 2541 539
1380 2519 1389 2537 ‚
1401 2496 1581 2544 Μελέαγρος,
1595 2498 1668 2528 112).-

990 2549 1062 2582 λέων
1074 2549 1102 2582 ἔκ
1115 2552 1222 2582 πολίων
1232 2549 1403 2595 θηρήτορας
1420 2547 1531 2595 ἄνδρας
1547 2546 1670 2595 ἀγείρας

989 2605 1054 2635 Καὶ
1063 2602 1161 2637 κύνας.
1171 2595 1567 2641 Conser.Callimachus‚
1577 2610 1666 2631 vers.

991 2654 1063 2687 218.
1082 2652 1242 2696 Plerique
1261 2651 1332 2684 sere
1351 2662 1475 2685 omnes
1492 2650 1669 2684 interfue-

988 2711 1069 2738 rant
1098 2702 1309 2748 navigationi
1347 2700 1519 2737 Colchicae
1541 2716 1550 2743 ;
1582 2713 1667 2735 nam

990 2763 1149 2801 tempore
1163 2754 1333 2800 posterior
1346 2754 1411 2788 suit
1422 2753 1494 2789 haec
1503 2752 1642 2788 venatio
1655 2777 1665 2796 ,
