1820 3106
354 263 1032 313 METAMORPHOSEON
1072 265 1203 308 LIB.
1237 266 1328 309 XI.

1457 267 1540 311 253

131 362 212 413 Illa
231 372 366 411 novat
385 360 572 417 sonnas3
595 357 736 407 donec
760 377 838 407 sua
859 357 1055 407 membra
1079 357 1216 406 teneri

133 439 276 489 Sentit
289 476 301 497 ,
326 449 370 487 et
390 426 438 485 in
459 448 607 504 partes
628 436 819 485 diversas
840 435 1020 485 brachia
1043 434 1179 485 tendi.

131 517 248 565 Tum
260 515 435 564 demum
449 513 692 576 ingemuit:
717 535 739 556 «
757 532 921 580 neque,
936 514 1017 572 ait,
1034 514 1127 562 sine
1140 514 1318 562 numine
1337 513 1499 562 vincis:
1523 537 1545 557 »

133 591 342 641 Exhibita
366 602 518 656 estque
538 590 694 638 Thetis
713 610 723 638 :
744 590 987 639 confessam
1011 589 1291 658 amplectitur
1310 591 1441 639 heros
1455 628 1468 650 ‚

131 671 193 718 Et
211 669 385 736 potitur
406 668 523 717 votis
537 705 548 727 ‚
574 668 833 735 ingentique
856 667 1011 736 implet
1033 667 1219 717 Achille.

1485 684 1550 718 265

197 747 298 799 Vll.
323 745 447 795 Felix
468 757 513 794 et
533 757 664 810 nat03
689 745 792 795 felix
816 758 860 795 et
883 746 1068 812 conjuge
1094 745 1282 810 Peleus3

131 825 193 874 Et
211 815 307 885 cui,=
334 824 372 874 si
395 825 542 874 demas
560 823 751 891 jugulati
775 824 956 874 crimina
980 824 1147 884 Phoci,

132 944 343 980 Petronium
353 971 363 989 ,
381 948 477 992 74.-
486 944 618 991 Regius
628 952 749 980 noster
759 945 789 980 A
799 971 809 988 ,

131 999 305 1032 crinem!
312 1008 325 1039 ,·
344 995 466 1032 Codex
477 997 507 1032 B
517 1023 526 1040 ,
542 1000 721 1032 lma-cerat.
738 997 813 1032 Re-

132 1049 255 1095 petitio
271 1050 439 1096 frequens
455 1050 645 1085 verborum
664 1053 806 1092 vincire,

131 1105 244 1138 witelo
274 1109 382 1138 tenere
401 1130 410 1144 ,
445 1110 509 1138 etc.
537 1103 574 1137 in
602 1110 675 1138 tota
699 1102 814 1137 sabula

132 1165 332 1200 sparsorum
359 1166 461 1194 causa
486 1161 538 1190 est
561 1167 624 1190 cur
647 1159 818 1189 invaserat

134 1212 302 1252 tanquam
314 1206 442 1241 rectius
453 1206 665 1242 servandum
677 1219 814 1242 censea-

135 1271 226 1294 mus.
240 1260 307 1294 Ed.
315 1278 359 1286 -
369 1261 478 1296 Nom
489 1259 618 1296 formas
627 1287 636 1305 ‚
654 1261 691 1295 in
707 1274 815 1296 novas

135 1323 276 1357 semper
289 1311 421 1347 formas
435 1312 559 1348 transit
569 1339 579 1356 ‚
603 1320 643 1348 ut
658 1313 694 1348 11
708 1338 718 1357 ‚
740 1313 815 1358 648.

137 1362 254 1397 -Pro
265 1365 374 1398 tendit
383 1376 403 1398 e
414 1364 573 1410 margine
583 1363 719 1412 Gryph.
734 1364 816 1399 edit.

138 1421 175 1450 et
199 1427 281 1450 cum
307 1415 449 1452 Mitsch.
477 1416 559 1452 dedi
579 1420 689 1458 tendi,
722 1416 816 1463 quod

138 1468 247 1504 etiam
261 1469 411 1506 Heinsio
423 1470 616 1515 arridebat,
629 1471 687 1516 qui
702 1470 816 1506 addit:

138 1520 183 1555 In
205 1528 320 1567 partes
339 1521 490 1557 diversas
512 1522 708 1557 tenduntur
728 1523 817 1557 bra-

137 1571 233 1617 chia,
249 1572 391 1619 quando
404 1573 558 1620 ligantur
572 1581 649 1620 post
666 1581 816 1620 tergum.

138 1623 294 1671 Ideoque
306 1632 342 1660 et
352 1638 490 1661 auersas
496 1625 604 1661 malit.
612 1626 697 1661 Sine
707 1639 818 1662 causa.

138 1674 195 1711 De
218 1675 384 1722 ligatione
408 1683 486 1723 post
509 1684 648 1731 tergum
669 1691 743 1713 non
767 1685 819 1714 est

137 1740 254 1763 sermo
263 1754 273 1772 ,
288 1735 428 1764 tantum
439 1728 482 1774 de
494 1729 653 1765 distentis
661 1730 819 1766 brachiis.

138 1781 310 1817 Nonnulli
324 1782 432 1817 etiam
447 1783 570 1829 legunt
585 1785 724 1818 brachia
738 1789 820 1818 ten-

138 1834 222 1868 dens
232 1860 241 1874 ‚
259 1834 343 1868 Tum
352 1837 480 1869 demum
491 1835 733 1881 etc.—Regius
747 1834 821 1869 Co-

139 1881 205 1918 dex
222 1883 254 1918 A
265 1910 275 1930 ,
291 1887 413 1920 tollens
419 1898 432 1930 ;
456 1885 578 1921 Codex
594 1887 625 1921 B
636 1912 645 1930 ,
665 1889 821 1921 tendens:

141 1936 188 1971 ita
201 1936 239 1971 in
253 1936 343 1971 libro
360 1939 395 1972 V
406 1964 416 1982 ,
434 1940 500 1985 4¹9
509 1964 518 1982 ,
534 1946 570 1973 et
583 1941 619 1972 in
630 1946 746 1982 partes
760 1941 822 1973 di-

142 2002 256 2024 versas
270 1992 408 2025 brachia
422 1994 560 2025 tendens
571 2018 579 2031 ‚
603 1993 741 2025 obstitit.
757 1991 824 2026 Ed.

187 2041 261 2086 254.
278 2043 444 2077 Exhibita
453 2049 574 2088 estque.
587 2042 676 2078 Tres
691 2045 823 2079 exhibi-

143 2099 244 2138 taque
264 2094 387 2128 Thetis.
402 2112 446 2121 —
461 2094 563 2141 Regii
578 2095 689 2130 nostri
703 2102 824 2141 estque.

144 2147 354 2181 —Eshibita
367 2153 433 2187 est,
456 2154 496 2182 ut
506 2148 560 2182 vl
573 2173 583 2191 ,
599 2150 641 2191 44
654 2174 663 2191 ,
677 2148 826 2182 Pallada

144 2198 306 2239 exhibuit,
315 2197 469 2244 deposita
477 2199 625 2234 mentita
632 2199 743 2244 figura
750 2200 826 2234 Pal·

145 2247 232 2284 ladis
245 2248 396 2284 sormam
410 2263 529 2286 rursus
544 2251 675 2286 sumsit.
686 2252 828 2294 —-„Con-

137 2300 274 2346 fessam
283 2301 409 2336 eodem
420 2301 511 2336 redit
521 2316 530 2344 3
543 2302 599 2337 III
611 2328 621 2346 ‚
637 2317 655 2337 α
665 2329 676 2347 ‚
688 2303 829 2349 Jupiter

148 2364 186 2387 se
199 2353 375 2398 consessus
389 2359 469 2389 erat.
484 2372 527 2379 —
537 2355 659 2398 Ingens
671 2355 827 2390 solemne

149 2405 300 2442 heroum
316 2407 495 2454 epitheton
514 2415 659 2454 propter
676 2410 829 2455 corporis

150 2459 430 2504 magnitudinem
442 2485 451 2503 ,
465 2473 570 2505 quam
583 2460 623 2494 iis
632 2460 740 2506 prisca
749 2468 830 2496 aetas

148 2510 281 2545 tribuit.
292 2511 387 2546 Hinc
397 2515 513 2557 ingens
525 2514 648 2546 AEneas
660 2512 809 2558 Virgilio
820 2539 829 2557 ,

151 2560 206 2596 Vl
215 2587 226 2606 ,
244 2563 331 2606 4135
350 2566 467 2608 ingens
478 2565 673 2598 Idomeneus
689 2565 831 2599 Sthene-

151 2616 245 2649 lusae
254 2615 404 2649 Horatio
418 2641 427 2659 ,
447 2616 513 2659 IV,
528 2615 598 2650 Od.
614 2627 651 2650 lx
666 2642 675 2660 ,
698 2630 747 2664 ¹9-
761 2616 833 2652 Sed

150 2665 218 2703 hoc
233 2667 309 2703 loco
320 2668 440 2703 malim
452 2668 496 2703 ad
508 2669 681 2714 insignem
693 2668 833 2705 fortitu·

150 2719 271 2755 dinem
292 2719 423 2755 referre
438 2747 447 2765 ,
474 2734 542 2766 qua
564 2721 692 2757 enituit
713 2721 834 2757 Achil-

103 2765 113 2777 ²
151 2771 210 2808 les.
224 2772 282 2808 Sic
297 2773 485 2818 Horatius,
499 2773 556 2810 ΙΙΙ
568 2800 578 2820 ,
593 2773 730 2811 Od.V1
745 2801 754 2818 ‚
769 2774 810 2810 35
821 2800 831 2818 ,

875 948 991 991 ingens
1010 946 1200 980 Antiochus
1223 951 1366 990 propter
1388 957 1470 990 opes
1492 945 1556 979 iu-⁴

878 1004 997 1044 gentes
1012 1011 1020 1039 3
1048 1009 1151 1043 supra
1175 997 1268 1031 VIII
1287 1022 1296 1040 ,
1324 997 1390 1044 3⁰9
1409 1023 1418 1038 ‚
1445 999 1563 1040 magni

877 1057 1006 1085 creator
1014 1051 1173 1084 Achillis.
1182 1050 1362 1093 -Impleh
1380 1048 1431 1083 IX
1444 1075 1453 1092 ,
1468 1049 1532 1082 280
1547 1075 1555 1090 ,

877 1105 1035 1147 Implerat
1064 1108 1190 1137 uterum
1217 1114 1373 1146 generoso
1404 1103 1559 1145 germine.

879 1157 975 1191 Hinc
985 1156 1148 1190 mulieres
1159 1154 1307 1201 gravidae
1314 1156 1436 1198 plenoe,
1453 1160 1490 1188 ut
1500 1153 1533 1187 X
1546 1180 1555 1196 ,

878 1207 944 1255 469
954 1234 964 1251 ,
984 1207 1132 1254 Myrrha
1142 1209 1246 1250 plena
1258 1209 1378 1249 patris.
1388 1203 1558 1239 -Caete-

878 1274 959 1296 rum
978 1259 1134 1296 Clericus
1152 1259 1193 1295 ad
1214 1258 1410 1297 Hesiodum
1423 1258 1558 1303 Theog.

880 1327 966 1348 vers.
983 1315 1067 1357 1004
1076 1338 1086 1355 ,
1098 1313 1290 1358 suspicatur
1300 1337 1309 1355 ,
1323 1311 1427 1346 Pelea
1438 1310 1560 1346 Achil-

880 1365 951 1400 lem
966 1378 1008 1400 ex
1022 1377 1057 1400 se
1072 1371 1107 1399 et
1123 1365 1242 1410 ignota
1258 1363 1360 1408 vulgo
1374 1369 1485 1397 matre
1499 1375 1564 1397 na-

882 1427 958 1453 tum
978 1417 1152 1453 sustulisse
1163 1444 1172 1461 ,
1195 1423 1253 1451 aut
1270 1429 1288 1450 e
1305 1415 1388 1451 sano
1405 1417 1562 1462 Neptuni

881 1469 1132 1513 Nereidumve‚
1141 1476 1200 1503 aut
1207 1468 1328 1514 exipso
1336 1468 1437 1503 litore
1445 1468 1559 1503 maris.

925 1522 1094 1568 266—409.
1111 1522 1230 1556 Peleus
1248 1520 1340 1555 exsul
1360 1519 1403 1554 ad
1424 1521 1561 1567 Ceycem

881 1571 988 1618 sugit,
1007 1572 1066 1606 ubi
1081 1571 1166 1607 dum
1181 1571 1375 1617 cognoscit,
1387 1573 1564 1606 Dedalio-

882 1638 955 1660 nem
971 1624 1172 1659 bellicosum
1185 1649 1194 1667 ,
1215 1623 1313 1668 cuius
1329 1623 1477 1668 superba
1494 1623 1563 1658 filia

886 1679 1011 1713 Chione
1020 1677 1149 1724 sagittis
1159 1677 1283 1711 Dianae
1296 1676 1460 1712 transfixa
1468 1684 1542 1711 erat
1554 1703 1563 1720 ‚

882 1730 920 1764 in
938 1730 1138 1775 accipitrem
1154 1742 1295 1764 versum
1311 1742 1403 1773 esse,
1420 1728 1566 1763 nuntius

884 1783 916 1817 ei
928 1781 1086 1816 adfertur
1097 1808 1107 1825 ,
1125 1788 1283 1815 armenta
1295 1794 1354 1816 sua
1370 1794 1388 1815 a
1405 1781 1487 1826 lupo
1502 1781 1567 1815 in-

885 1835 979 1880 genti
988 1834 1164 1869 trucidari.
1173 1834 1311 1868 Placata
1320 1833 1567 1878 Nereide‚quae

884 1885 1034 1921 belluam
1045 1885 1199 1929 miserat,
1209 1885 1310 1930 lupus
1319 1884 1355 1919 in
1363 1898 1483 1919 saxum
1493 1898 1567 1919 mu-

886 1945 990 1972 tatur.
1005 1938 1095 1972 Duae
1113 1937 1219 1983 igitur
1236 1938 1355 1972 insunt
1374 1944 1567 1972 metamor-

887 1990 1021 2035 phoses.
1033 1991 1089 2025 De
1102 1990 1185 2036 lupo
1197 1996 1332 2025 mutato
1348 1988 1438 2025 cons.
1453 1989 1568 2024 Schol.

887 2042 1131 2090 Lycophronis
1146 2042 1188 2077 ad
1205 2055 1293 2077 vers.
1314 2044 1393 2088 175,
1412 2042 1470 2087 qui
1486 2055 1566 2077 cum

888 2095 1018 2130 Nostro
1034 2095 1230 2139 consentit,
1252 2101 1289 2129 et
1307 2094 1439 2129 Anton.
1457 2094 1569 2128 Libe-

888 2147 997 2182 ralem
1008 2147 1068 2190 38,
1083 2147 1141 2192 qui
1158 2146 1326 2182 dissentit.
1339 2145 1473 2182 Eadem
1486 2159 1569 2181 nar-

888 2206 1026 2234 raverat
1044 2206 1078 2233 et
1097 2199 1299 2234 Dorotheus
1313 2199 1349 2233 in
1368 2199 1514 2234 Metam.
1531 2205 1569 2232 ut

890 2265 930 2286 ex
946 2251 1121 2286 Plutarch.
1138 2251 1242 2297 paral.
1258 2252 1344 2286 min.
1362 2265 1394 2297 p.
1409 2252 1470 2286 311
1483 2278 1492 2295 ,
1507 2263 1569 2296 ap—

890 2313 998 2352 paret.
1014 2305 1201 2351 Euripides
1218 2305 1313 2340 Pelei
1332 2304 1487 2339 exsilium
1504 2317 1569 2339 ar-

891 2364 1101 2404 gumentum
1130 2357 1253 2392 fabulae
1277 2356 1416 2392 fecerat.
1446 2357 1501 2391 De
1527 2369 1570 2391 eo

890 2409 969 2444 vide
981 2417 1017 2445 et
1028 2408 1230 2454 Apollodor.
1244 2408 1299 2444 111
1312 2435 1321 2451 ‚
1339 2420 1408 2443 xm
1420 2435 1429 2452 ,
1453 2422 1465 2442 1
1478 2421 1527 2453 sq.

937 2462 1010 2507 267.
1017 2463 1321 2505 Juguluticrimina
1329 2463 1446 2495 Phoci.
1457 2460 1574 2495 Aron-

893 2513 1049 2549 delianus
1063 2540 1073 2558 ,
1098 2513 1331 2560 Langerman.
1354 2527 1445 2551 unus
1467 2515 1574 2549 Basi-

893 2565 1017 2601 leensis
1025 2564 1450 2611 crim1'nasralrts.—Regii
1464 2566 1574 2600 nostri

894 2619 1008 2653 Phoci.
1019 2636 1063 2645 —
1073 2616 1217 2653 Caedem
1233 2618 1322 2653 hanc
1333 2617 1394 2652 diu
1409 2625 1488 2653 ante
1501 2631 1574 2653 esse

893 2668 1020 2704 factam
1032 2695 1042 2713 ‚
1060 2681 1166 2715 quam
1179 2668 1331 2704 Thetida
1343 2668 1505 2714 duceret,
1518 2682 1576 2704 su-

895 2734 958 2767 pra
980 2722 1053 2766 jam
1075 2721 1118 2756 ad
1137 2734 1225 2756 vers.
1251 2735 1338 2770 229,
1364 2723 1579 2756 monuimus.

896 2774 1071 2811 Telamon
1080 2781 1117 2811 et
1128 2777 1249 2811 Peleus
1265 2775 1374 2811 AEaco
1388 2777 1461 2811 nati
1479 2789 1560 2810 eran
1569 2783 1582 2808 t
