1820 3106
254 218 343 261 320

618 219 670 260 P.
707 219 956 266 OVIDII
989 221 1308 266 NASONIS

260 309 389 358 Clara
413 308 569 357 decore
593 309 678 358 suit
700 303 848 376 proles
870 311 1039 361 Elateia
1063 313 1204 361 Caenis
1223 350 1234 371 ,

196 454 198 457 .
259 386 568 435 Thessalidum
592 387 716 450 virgo
735 387 1048 454 pulcherrima,
1073 409 1239 456 perque
1261 391 1561 456 propinquas„
1607 417 1668 452 190

255 464 428 530 Perque
453 477 550 513 tuas
573 465 730 524 urbes,
755 465 838 514 tibi
861 467 975 515 enim
998 466 1226 532 popularis
1241 503 1252 524 ,
1276 466 1474 525 Achille,

256 541 507 590 Multorum
529 542 691 590 frustra
711 543 825 591 votis
850 555 999 609 optata
1022 563 1270 609 procorum.

253 619 486 667 Tentasset
509 618 666 667 Peleus
692 618 906 668 thalamos
931 639 1108 686 quoque
1129 620 1314 669 forsitan
1339 619 1465 680 illos;

258 695 347 745 Sed
367 696 454 761 jam
477 709 552 744 aut
575 697 848 759 contigerant
868 696 934 744 illi
958 696 1179 744 connubia
1200 697 1350 745 matris
1365 735 1378 756 ,

256 773 351 820 Aut
373 773 545 821 fuerant
567 773 808 839 promissa,
834 785 918 821 tuae
938 792 947 820 ι
966 791 1047 821 nec
1072 772 1214 820 Caenis
1237 772 1282 820 in
1306 772 1422 822 ullos
1608 790 1667 837 ιφ

255 850 477 916 Denupsit
500 845 741 907 thalamos3
766 861 1015 915 secretaque
1039 847 1168 896 litora
1192 866 1371 914 carpens

256 927 471 993 AEquorei
493 927 578 975 vim
602 945 728 993 passa
749 926 834 974 Dei
858 938 924 974 est
943 946 953 974 :
976 926 1037 973 ita
1058 926 1172 972 fama
1192 925 1370 974 ferebat.

255 1005 405 1069 thue
432 1021 555 1050 novae
578 1001 762 1049 Veneris
782 1003 1018 1067 Neptunus
1042 1002 1196 1065 gaudia
1219 1003 1363 1068 cepit,

261 1102 283 1122 «
312 1080 412 1127 Sint
437 1090 511 1128 tua
533 1090 633 1126 vota
659 1078 785 1136 licet,
812 1078 947 1137 dixit,
972 1097 1122 1126 secura
1138 1077 1344 1145 repulsae3

254 1196 452 1238 Homerus,
470 1195 509 1230 11.
523 1194 572 1238 A,
587 1196 648 1239 247
664 1207 746 1240 sqq,
764 1194 822 1229 nbi
834 1194 927 1230 scho-

252 1248 366 1282 liastes
383 1248 540 1282 observat
553 1273 562 1291 ,
579 1248 680 1292 γενεὰν
694 1246 784 1292 apud
795 1253 929 1281 veteres

251 1297 354 1333 fuisse
366 1298 504 1343 triginta
513 1310 686 1333 annorum
697 1311 704 1338 ;
715 1298 928 1342 quemtmulti

253 1350 361 1384 secuti
382 1350 528 1384 Nestora
544 1348 702 1383 fecerunt
723 1361 926 1394 nonagena-

255 1401 349 1434 rium
357 1413 488 1436 senem.
500 1401 569 1436 Sed
578 1413 692 1445 neque
701 1400 742 1434 de
751 1406 926 1445 γενεᾶςερε-

252 1453 301 1487 tio
318 1452 508 1497 quidquam
524 1452 712 1486 decernere
729 1452 816 1486 licet.
837 1451 928 1486 Ovi-

253 1503 330 1539 dius
354 1510 471 1538 autem
495 1503 583 1538 male
609 1504 852 1547 interpretatus
875 1510 926 1537 est

252 1560 407 1592 seculum
423 1584 431 1598 ‚
467 1569 678 1602 quamquam
709 1555 925 1590 Schirachius

252 1610 380 1644 fatetur
394 1622 430 1643 se
445 1609 480 1643 in
491 1608 702 1642 sententiam
717 1607 837 1642 Ovidii
853 1607 902 1640 ire
915 1621 923 1648 ;

255 1660 380 1706 quippe
392 1673 464 1694 non
475 1659 659 1705 indignum
669 1659 828 1693 Homero
838 1684 847 1701 ,
863 1658 926 1691 im·

254 1724 314 1746 mo
326 1711 493 1746 laudabile
501 1710 606 1745 fuerit
615 1737 624 1754 ,
635 1711 661 1744 si
673 1710 904 1755 intelligamus
914 1735 923 1753 ,

253 1765 454 1799 Homerum
468 1764 614 1798 Nestora
628 1762 763 1797 finxisse
780 1763 845 1796 300
861 1775 925 1796 an-

251 1830 380 1852 norum
393 1829 512 1851 senem
527 1831 535 1857 ;
552 1816 635 1851 tales
650 1815 744 1850 enim
753 1828 853 1849 senes
864 1815 927 1849 ad—

254 1871 323 1905 huc
341 1871 494 1905 existere.
506 1869 579 1904 Ubi
593 1869 734 1904 tandem
750 1867 925 1906 existunt?

252 1944 295 1952 —-·
310 1927 440 1960 Vivitur
449 1931 532 1958 oetas
543 1928 658 1963 tertia,
685 1935 749 1967 pro
759 1948 768 1966 ,
787 1928 924 1956 aetatem

250 1978 388 2013 tertiam
396 1989 472 2024 ago;
485 1977 707 2020 Quidagitur?
715 1975 762 2009 Pa
767 1989 792 2009 r.
800 1977 922 2016 Statm,

253 2029 343 2075 apud
357 2029 501 2063 Terent.
513 2028 604 2062 Eun.
615 2029 669 2071 II,
684 2039 730 2071 11,
745 2029 797 2071 4ο.
813 2029 926 2062 Vt'vere

251 2089 380 2117 atatem
387 2108 396 2123 ‚
409 2094 508 2127 agere
520 2107 529 2124 ,
541 2088 580 2115 ut
592 2084 699 2115 vivere
708 2093 824 2118 annos,
839 2081 923 2123 XV,

251 2138 311 2178 401
326 2160 335 2177 ,
350 2141 384 2168 et
399 2138 506 2167 vivere
517 2142 567 2168 ier
582 2146 682 2168 senas
707 2134 925 2178 Olympiadas

252 2184 403 2219 Martial.
420 2185 492 2219 VII
506 2210 516 2227 ,
537 2186 599 2231 39;
619 2197 695 2228 quae
715 2184 788 2218 loca
803 2183 925 2218 lauda-

251 2239 301 2273 vit
319 2238 556 2272 Burmannus.

298 2291 368 2337 189.
387 2290 507 2323 Elatei
519 2288 625 2322 filiam
642 2287 772 2322 faciunt
792 2287 923 2321 Lucia-

252 2354 317 2375 nus
329 2341 364 2374 in
373 2339 477 2374 Gallo
488 2366 496 2383 ,
507 2346 542 2375 et
555 2339 733 2387 Hyginus,
749 2338 815 2372 fab.
837 2340 874 2381 14
889 2346 923 2372 et

253 2394 325 2435 242.
344 2394 482 2426 Atracis
498 2391 568 2425 filia
588 2398 639 2425 est
661 2389 841 2425 Antonino
856 2390 923 2423 Li-

250 2443 378 2486 berali,
396 2456 467 2488 cap.
490 2456 527 2487 ¹7
541 2469 550 2485 ,
566 2455 670 2487 quem
689 2443 816 2477 Noster
835 2454 922 2476 vers.

251 2507 316 2542 209
327 2494 481 2539 sequitur
492 2520 501 2538 ,
520 2507 596 2538 quae
611 2492 837 2528 inconstantia
849 2505 922 2526 non

250 2552 363 2591 potest
379 2558 451 2579 non
469 2545 674 2590 improbari;
693 2544 848 2590 ejusdem
866 2556 923 2577 ne-

250 2597 421 2641 gligentiae
447 2609 548 2631 reum
574 2610 608 2630 se
636 2596 716 2630 fecit
744 2595 923 2636 interdurn

249 2649 354 2681 etiarn
366 2648 542 2694 Hyginus,
555 2662 585 2683 v.
595 2661 623 2683 c.
633 2647 699 2682 fab.
715 2647 924 2691 10,ubiNe-

247 2698 342 2733 ]eum
364 2700 639 2744 Hippocoontis,
663 2706 697 2734 et
719 2700 821 2745 paulo
847 2706 924 2744 post

992 1207 1073 1228 cum
1095 1194 1166 1228 aliis
1183 1194 1339 1240 Neptuni
1358 1193 1469 1229 filium
1485 1195 1574 1231 facit.
1592 1196 1666 1232 Nisi

993 1246 1035 1280 ad
1051 1246 1283 1280 excusandum
1299 1253 1438 1291 poetam
1453 1245 1542 1282 dicas
1553 1273 1563 1292 ,
1579 1261 1666 1283 vers.

993 1311 1058 1345 209
1073 1299 1353 1345 patronymicum
1373 1299 1552 1336 Atracides
1567 1300 1666 1344 posi-

995 1356 1071 1383 tum
1087 1362 1150 1394 pro
1167 1349 1335 1395 gentilitio
1353 1350 1515 1384 Atracius
1526 1377 1536 1391 ‚
1563 1350 1599 1385 id
1615 1358 1667 1386 est

994 1401 1186 1436 Thessalus.
1207 1402 1348 1436 Atracis
1367 1403 1595 1446 Ilt‘ppodamia
1615 1410 1668 1438 est

994 1453 1140 1487 Heroid.
1158 1452 1292 1497 XVII,
1312 1455 1384 1500 247.
1400 1453 1559 1489 Similem
1573 1454 1667 1490 diffi-

992 1504 1157 1538 cultatem
1181 1503 1364 1539 habnimus
1385 1518 1488 1550 supra
1507 1506 1563 1550 X,
1595 1506 1666 1540 162.

995 1556 1130 1588 Caeneus
1149 1563 1184 1589 et
1205 1556 1296 1600 apud
1314 1557 1512 1591 Homerum
1530 1564 1564 1591 et
1581 1558 1665 1592 He—

990 1605 1127 1639 siodum
1139 1618 1209 1650 prae
1216 1606 1356 1651 reliquis
1363 1608 1575 1643 nominatur.
1587 1608 1666 1642 Plu-

991 1670 1046 1692 res
1056 1659 1425 1694 Coencimemorantur.
1434 1659 1504 1694 Sed
1513 1660 1665 1695 Elatides

990 1710 1148 1755 inprimis
1162 1710 1294 1745 nobilis.
1312 1711 1402 1745 Vide
1419 1711 1601 1758 Heynium
1620 1712 1664 1747 ad

992 1762 1244 1807 Apollodorum
1254 1789 1263 1806 ,
1279 1763 1295 1797 I
1308 1788 1317 1806 ,
1332 1774 1369 1797 1x
1381 1789 1391 1807 ,
1407 1763 1455 1798 16.
1472 1763 1567 1798 Infra
1576 1777 1663 1799 vers.

992 1814 1055 1860 479
1072 1827 1090 1847 a
1106 1814 1215 1858 patria
1227 1816 1399 1860 Phylleius
1412 1821 1572 1850 vocatur:
1587 1815 1664 1850 He-

991 1864 1088 1898 siodo
1103 1864 1230 1899 dicitur
1243 1877 1312 1899 rex.
1340 1866 1343 1869 ’

1038 1931 1049 1951 1
1056 1930 1077 1963 9
1084 1931 1095 1951 ι
1101 1944 1109 1951 .
1127 1918 1296 1951 Tibieaim
1301 1919 1483 1961 popularis.
1495 1917 1663 1962 Apostro-

991 1968 1058 2013 phe
1075 1968 1148 2003 haec
1163 1969 1480 2003 memorabiliorem
1491 1969 1572 2005 facit
1584 1983 1663 2004 nar·

990 2020 1163 2055 rationem
1177 2046 1186 2064 ,
1206 2028 1241 2055 et
1255 2020 1497 2066 jucundiorem
1515 2020 1662 2065 Achilli,

990 2074 1181 2118 praesertim
1198 2099 1207 2117 ‚
1231 2086 1339 2118 quum
1360 2081 1544 2120 sequatur,
1567 2075 1662 2109 Tea-

988 2133 1095 2159 tasse!
1115 2128 1233 2160 Peleus
1256 2128 1423 2161 thalamos
1447 2134 1510 2161 etc.
1534 2123 1662 2162 Similis

990 2178 1194 2223 apostrophe
1212 2185 1262 2212 est
1275 2191 1359 2213 vers.
1375 2179 1566 2213 363.—Pro
1575 2183 1663 2214 mul-

987 2238 1091 2265 torum
1098 2231 1232 2276 frustra
1247 2235 1334 2265 votet»-
1349 2238 1413 2266 etc.
1428 2230 1609 2266 Bersman.
1626 2239 1662 2268 et

990 2282 1151 2316 Menard.
1166 2286 1398 2326 multorumque
1403 2281 1480 2325 fm‘t
1493 2286 1579 2317 votis
1595 2290 1659 2318 etc.

989 2335 1156 2368 Nonnulli
1187 2335 1224 2368 in
1254 2334 1377 2379 quibus
1407 2334 1628 2368 Florentinus
1647 2360 1656 2378 ,

989 2386 1255 2431 Neapolitanus,
1272 2386 1487 2428 Thuanaeus,
1505 2385 1635 2420 Moreti
1647 2411 1656 2429 ,

986 2439 1298 2484 multorumquefuit
1310 2451 1386 2482 spes
1401 2442 1566 2473 1'nus'11'1'osa
1574 2452 1657 2482 pro-

987 2504 1120 2535 corum;
1136 2492 1193 2536 qui
1210 2504 1326 2526 versus
1340 2492 1375 2526 in
1393 2491 1479 2526 libro
1493 2492 1545 2526 IX
1556 2518 1565 2535 ‚
1582 2492 1656 2526 init.

988 2544 1292 2590 occurrite—Regii
1310 2545 1420 2578 nostri
1434 2552 1572 2580 servant
1586 2545 1658 2579 vul-

988 2603 1111 2641 gatam.

1034 2648 1105 2694 196.
1127 2649 1168 2681 In
1192 2650 1279 2682 ullos
1299 2649 1467 2691 Denupsz'l
1482 2649 1656 2681 thalamos.

988 2699 1105 2734 Etiam
1121 2699 1280 2742 Tacitus,
1302 2700 1354 2734 IV
1366 2699 1494 2734 Annal.
1511 2712 1573 2744 27,
1592 2701 1656 2732 dc—
