1820 3106
359 217 1054 265 METAMORPHOSEON
1088 219 1220 264 LIB.
1262 221 1357 265 IX.

146 338 169 360 ι)
194 317 288 366 Nec
310 333 484 368 vaccam
503 331 642 364 vaccae
656 350 668 372 ‚
695 332 775 362 nec
799 333 935 381 equas
955 333 1079 363 amor
1098 315 1190 363 urit
1211 334 1440 382 equarum.

1492 221 1600 279 145⁴

1510 332 1578 380 730

145 416 171 438 »
198 394 303 443 Urit
325 411 428 443 oves
448 392 588 450 aries;
615 392 819 459 sequitur
840 411 920 442 sua
941 393 1102 442 femina
1121 411 1310 443 cervum.

147 495 171 516 »
199 471 273 521 Sic
295 483 340 522 et
357 489 457 520 aves
478 481 670 528 coeunt3
695 470 900 537 interque
923 470 1126 520 animalia
1149 484 1309 522 cuncta

145 572 172 593 »
196 548 375 599 Femina
394 547 586 597 femineo
608 560 811 615 correpta
831 548 1041 616 cupidine
1064 548 1187 598 nulla
1210 563 1289 600 est.

146 649 170 670 »
197 625 368 676 Vellem
388 624 512 675 nulla
536 626 700 674 forem!
723 645 778 675 ne
802 645 894 675 non
917 638 1064 676 tamen
1084 627 1232 677 omnia
1255 628 1383 678 Crete

145 726 169 748 »ι
198 705 405 753 Monstra
427 703 565 762 ferat;
593 715 771 753 taurum
795 703 953 753 dilexit
974 703 1065 753 filia
1089 703 1234 763 Solis,

1514 734 1531 770 7
1537 722 1578 773 35

143 806 168 827 »
193 782 371 833 Femina
393 801 551 849 nempe
573 801 738 831 marem
763 802 773 830 :
799 801 923 832 meus
949 795 1015 831 est
1037 782 1249 832 furiosior
1270 783 1373 843 illo,

143 883 168 904 »
197 861 244 910 Si
268 863 420 910 verum
443 860 731 927 profitemur,
754 880 877 910 amor
898 880 907 909 :
933 872 1078 909 tamen
1100 860 1176 909 illa
1201 873 1352 910 secuta
1372 874 1440 911 est

145 961 169 983 »
197 940 333 1007 Spem
357 939 543 988 Veneris
563 959 573 998 3
599 951 745 989 tamen
768 938 843 988 illa
868 938 1009 999 dolis,
1035 951 1080 988 et
1103 939 1293 1003 imagine
1314 959 1452 989 vaccae

143 1043 168 1065 »
198 1022 336 1071 Passa
358 1022 519 1071 bovem
540 1034 634 1080 est3
661 1033 706 1070 et
729 1033 844 1079 erat,
871 1022 949 1088 qui
974 1021 1273 1089 deciperetur,
1301 1022 1486 1072 adulter.

143 1126 168 1148 »
197 1105 300 1153 Huc
324 1103 427 1153 licet
448 1124 471 1153 e
495 1115 591 1152 toto
616 1102 815 1152 sollertia
837 1103 1032 1153 confluat
1052 1105 1183 1164 orbe,

1513 1120 1580 1167 740

143 1210 168 1232 »
194 1190 296 1256 Ipse
320 1188 423 1238 licet
445 1187 611 1237 revolet
633 1187 790 1236 ceratis
816 1187 1023 1237 Daedalus
1045 1188 1126 1237 alis
1140 1226 1152 1245 ,

144 1293 169 1315 »
197 1271 325 1336 Quid
345 1270 475 1320 faciet
493 1272 512 1319 ?
533 1290 641 1320 num
663 1290 731 1320 me
752 1289 942 1338 puerum
965 1271 1019 1319 de
1043 1270 1213 1334 virgine
1238 1270 1383 1322 doctis

144 1375 170 1397 »
196 1353 387 1402 Artibus
409 1352 603 1402 efficiet?
622 1372 732 1402 num
755 1364 799 1401 te
821 1353 1038 1414 mutabit,
1062 1352 1219 1402 Ianthe
1239 1353 1258 1402 ?

187 1492 262 1539 730.
286 1493 359 1527 Nec
375 1503 517 1526 vaccam
532 1503 655 1525 ναι-σιτ.
675 1490 828 1537 Magni-

143 1545 304 1581 tudinem
318 1550 354 1579 et
366 1543 591 1579 acerbitatem
605 1543 688 1578 mali
700 1543 753 1578 sui
769 1543 828 1578 de-

141 1597 249 1633 clarat
259 1623 270 1642 ,
282 1597 439 1643 primum
451 1609 514 1642 per
523 1596 828 1642 comparationem

141 1659 215 1687 tam
230 1663 312 1686 cum
330 1649 537 1685 animalibus
558 1649 671 1684 brutis
683 1675 692 1693 ,
720 1662 827 1695 quam

138 1716 223 1739 cum
239 1702 445 1738 mulieribus
460 1702 612 1737 nefariis.
631 1701 761 1737 Melius
775 1709 828 1737 ta-

140 1769 225 1792 men
237 1783 248 1801 ,
265 1763 352 1803 puto
360 1782 370 1800 ,
382 1755 457 1790 haec
467 1754 684 1800 comparatio
693 1762 827 1790 resecta

140 1816 240 1846 esset.
253 1810 326 1844 Nec
338 1820 479 1843 vaccam
495 1814 560 1842 etc.
579 1806 684 1842 conf.
700 1806 825 1843 Amor.

142 1864 187 1907 I,
211 1874 257 1906 X,
276 1875 345 1907 27³
371 1861 448 1896 Art.
467 1860 585 1895 Amat.
605 1859 642 1894 ΙΙ
659 1886 669 1903 ,
689 1860 765 1903 48ι.
782 1878 827 1887 —

145 1917 292 1952 Cervam.
313 1913 454 1948 Thuan.
473 1913 651 1947 Junianus
671 1919 706 1946 et
728 1911 826 1946 duo—

141 1968 258 2004 decim
282 1966 340 2001 alii
359 1973 501 2001 taurum.
519 1983 563 1991 -
584 1964 688 2010 Regii
713 1964 827 2000 nostri

141 2033 281 2055 cervum.

187 2072 261 2118 734.
284 2073 409 2107 Vellem
423 2069 648 2114 nullasorem.
666 2070 827 2105 Mortem

142 2123 207 2160 sibi
219 2124 433 2170 imprecatur
449 2137 458 2159 :
473 2136 563 2170 saepe
581 2122 674 2169 apud
689 2123 828 2158 Teren-

144 2178 235 2213 tium
259 2179 372 2212 nullus
392 2190 486 2218 sum,
516 2176 551 2211 id
572 2184 644 2221 est,
669 2177 767 2223 perii.
783 2194 828 2204 —-·

146 2231 243 2265 Crete
260 2236 410 2263 monstra
423 2228 528 2272 strat.
552 2229 660 2263 Multi
678 2229 827 2264 Codices

135 2282 279 2327 ferant,-
301 2281 386 2316 hinc
408 2281 658 2322 Burmannus,
688 2282 716 2316 si
743 2280 828 2327 quid

144 2333 359 2369 mutandum
373 2333 435 2376 sit,
453 2332 576 2368 suadet
595 2335 706 2368 Cretes
716 2347 829 2368 mons-

143 2386 327 2431 trastrant.
338 2385 455 2420 Multa
465 2385 573 2420 Creta
582 2392 732 2420 monstra
740 2388 828 2420 tulit.

146 2439 272 2485 Pomp.
285 2438 381 2473 Mela
391 2465 400 2482 ‚
416 2439 451 2473 II
465 2465 474 2482 ,
493 2452 509 2485 7
520 2464 529 2481 ,
546 2439 638 2472 Crete
647 2438 830 2491 multissa-

144 2494 309 2535 migerata
320 2490 458 2535 sabulis
474 2516 483 2533 ,
504 2491 647 2524 adventu
665 2491 822 2533 Europe,

146 2545 336 2588 Pasiphaes
343 2549 379 2578 et
388 2544 551 2577 Ariadna·
558 2543 728 2576 amoribus
735 2568 743 2583 ,
760 2542 830 2576 Mi-

146 2595 569 2640 notaurisbrt'lalcsatoque
577 2621 585 2635 ,
602 2595 832 2638 Boedaliope-

146 2651 239 2684 ribus
251 2647 380 2692 etsuga
393 2654 458 2682 etc.
467 2666 508 2673 -—
520 2648 692 2692 δύω-βίω
700 2673 708 2686 ,
733 2646 832 2681 Pasi-

148 2702 238 2748 phae
252 2716 262 2743 3
297 2700 341 2735 de
369 2700 469 2745 cujus
494 2700 674 2735 horrendo
699 2699 832 2746 flagitio

149 2753 228 2790 vide
244 2752 287 2789 ad
300 2753 412 2798 V111,
432 2754 502 2790 132.

260 2822 367 2871 IV.

939 1491 1012 1537 737.
1035 1492 1139 1536 Sequi
1145 1516 1250 1527 .....
1264 1504 1354 1536 spem
1381 1490 1583 1537 exquisitius

894 1556 1000 1589 quam
1013 1570 1022 1588 ,
1041 1543 1171 1578 hahere
1182 1556 1292 1589 spem.
1303 1562 1347 1569 —
1358 1545 1471 1578 Bous.
1484 1544 1585 1579 Pasi-

893 1596 1008 1642 phaen
1026 1596 1197 1631 inclusam
1212 1609 1314 1631 vacca
1331 1597 1447 1642 lignea
1465 1610 1584 1632 occur-

893 1650 978 1684 risse
994 1649 1076 1684 bovi
1093 1649 1218 1684 volunt
1235 1649 1445 1694 Mythologi.
1463 1651 1585 1683 Ed.—

892 1704 944 1737 Et
954 1705 1111 1746 imagine.
1128 1702 1232 1736 Unus
1244 1708 1280 1735 et
1290 1701 1401 1736 nostri
1414 1702 1535 1748 Regii,
1548 1705 1586 1736 in

891 1759 1040 1799 imagine
1050 1782 1058 1795 ,
1073 1754 1134 1789 sed
1147 1755 1251 1789 male.
1263 1773 1306 1780 —
1319 1755 1478 1800 Intellige
1490 1781 1499 1799 ,
1519 1753 1584 1790 in-L

894 1807 988 1842 clusa
1000 1807 1038 1841 in
1051 1807 1375 1853 imagines—Passa
1387 1814 1441 1841 est
1455 1810 1577 1847 bavent,

891 1859 1082 1894 concubuit
1091 1871 1173 1894 cum
1184 1859 1484 1896 bove—Adulter,
1503 1866 1584 1894 tau-

892 1927 972 1956 rus;
993 1913 1142 1948 Heroid.
1161 1912 1216 1948 IV
1229 1939 1239 1955 ,
1258 1915 1319 1960 57,
1339 1914 1512 1963 Pasiphae
1527 1916 1582 1948 de-

891 1973 988 2012 cepto
1009 1969 1148 2002 subdita
1168 1972 1276 2002 tauro.
1303 1967 1480 2012 Expressit
1497 1979 1584 2001 nos-

893 2027 989 2055 trum
999 2019 1116 2055 locum
1134 2019 1289 2064 Seneca,
1306 2020 1415 2065 Hipp.
1432 2022 1493 2055 115
1504 2033 1580 2066 sqq.

940 2074 1014 2119 740.
1031 2074 1112 2107 Huc
1125 2075 1207 2107 licet
1222 2086 1242 2107 e
1256 2078 1337 2108 toto.
1356 2073 1474 2108 Nemo
1494 2086 1582 2108 me-

893 2125 970 2160 deri
988 2137 1070 2159 meo
1090 2124 1184 2159 malo
1201 2131 1326 2170 potest.
1354 2124 1426 2160 Sed
1447 2125 1584 2171 singula

892 2177 999 2223 hujus
1014 2177 1188 2223 soliloquii
1212 2185 1421 2223 argumenta
1443 2178 1491 2213 ita
1513 2191 1582 2214 co·-

893 2229 1031 2265 haerent
1045 2257 1053 2275 ,
1074 2237 1114 2264 ut
1130 2230 1282 2265 alterum
1299 2244 1340 2266 ex
1358 2231 1469 2265 altero
1482 2230 1583 2265 fluat.

894 2282 989 2318 Talis
1008 2290 1125 2318 autem
1143 2283 1310 2318 transitus
1327 2283 1368 2318 ab
1385 2296 1459 2317 uno
1474 2282 1516 2318 ad
1531 2283 1583 2317 al-

895 2342 1011 2370 terum
1031 2335 1306 2371 commendatur
1324 2336 1366 2370 ab
1392 2336 1474 2370 artis
1496 2348 1581 2370 ma—

896 2388 1225 2434 gistris.—Sollert1’a
1242 2388 1400 2424 cernitur
1417 2388 1453 2422 in
1471 2400 1582 2433 repe-

895 2440 1028 2475 riendis
1043 2440 1270 2475 remediis.-
1281 2439 1483 2475 Commode
1500 2441 1582 2474 Da·-

895 2494 995 2527 dalas
1015 2492 1070 2527 hic
1086 2499 1389 2527 commemoratur
1401 2518 1410 2535 ,
1428 2505 1502 2526 non
1516 2504 1582 2527 so·-

895 2544 970 2578 lum
984 2570 996 2603 ι
1016 2545 1096 2590 quia
1105 2547 1234 2585 doclis,
1251 2544 1379 2579 scilicet
1394 2544 1582 2590 ingeniosis

895 2600 1025 2631 artibus
1047 2597 1278 2641 inclaruerat,
1304 2609 1428 2631 verum
1450 2598 1580 2641 etiam,

898 2650 979 2693 quia
1000 2649 1094 2683 inter
1114 2648 1302 2684 Cretenses
1323 2656 1478 2685 versatus
1495 2657 1581 2684 erat.

898 2701 1033 2735 Earum
1061 2701 1190 2735 artium
1215 2708 1351 2747 partem
1382 2709 1579 2746 memorat,

900 2765 1010 2798 quum
1027 2753 1108 2789 dicit
1121 2779 1131 2798 ,
1149 2757 1228 2790 licet
1239 2757 1362 2790 revolet
1369 2758 1491 2790 ceratis
1501 2757 1581 2789 ah's.

1346 2838 1399 2868 10
