1820 3106
250 199 996 282 METAMORPHOSEON
1037 236 1173 280 LIB.
1213 238 1375 283 v111.
1473 239 1529 285 33

96 331 261 399 Cuspis
280 330 502 381 Echionio
523 330 718 397 primum
742 341 946 378 contorta
968 328 1131 378 lacerto

1465 348 1531 392 345

96 411 223 459 Vana
243 409 354 468 fuit,
381 420 629 475 truncoque
654 407 779 457 dedit
803 407 895 457 leve
917 407 1080 457 vulnus
1102 427 1275 458 acerne.

98 487 333 546 Proxima,
362 486 400 535 si
420 487 572 536 nimiis
595 487 813 536 mittentis
838 486 1009 535 viribus
1032 505 1114 535 usa

97 567 202 615 Non
222 565 361 627 foret,
386 566 433 613 in
457 577 584 628 tergo
606 566 699 614 visa
722 577 790 614 est
810 564 982 614 haesura
1004 567 1174 633 petito:

97 642 300 706 Longius
319 644 358 691 it
377 663 387 691 :
408 655 565 692 auctor
588 642 664 691 teli
684 643 917 706 Pagasaeus
939 645 1085 692 Iason.

102 743 127 765 «
153 721 322 770 Phoebe
340 759 352 780 ‚
374 721 437 770 ait
457 721 751 788 Ampycides,
778 723 816 770 si
840 733 882 770 te
907 721 1115 790 coluiq'ue
1137 722 1348 790 coloque,

102 821 128 844 υ
153 800 357 855 Damihi
372 837 386 858 ‚
408 799 533 867 quod
554 799 746 866 petitur,
773 811 895 847 certo
918 800 1177 864 contingere
1199 800 1303 849 telo.
1330 822 1354 843 >³
1400 835 1405 837 -

100 878 206 943 Qua
228 878 381 945 potuit
401 878 611 946 precibus
635 879 758 925 Deus
782 876 967 925 adnuit:
991 877 1106 926 ictus
1129 878 1184 926 ab
1209 877 1310 936 illo,

100 955 193 1005 Sed
216 956 312 1004 sine
333 948 537 1014 vulnere,
563 971 669 1021 aper
690 974 700 1003 :
720 954 885 1003 ferrum
905 954 1049 1003 Diana
1072 954 1240 1004 volanti

102 1033 364 1088 Abstulerat
381 1032 528 1100 jaculo
552 1053 562 1092 ;
586 1032 758 1097 lignum
781 1033 875 1081 sine
898 1034 1099 1082 acumine
1123 1034 1254 1099 yenit.

102 1113 176 1161 Ira
196 1111 279 1160 feri
298 1123 421 1161 mota
444 1122 536 1170 est3
559 1129 641 1159 nec
663 1109 850 1159 fulmine
873 1110 1017 1160 lenius
1037 1111 1173 1160 arsit:

1474 1126 1540 1160 355

103 1197 204 1245 Lux
225 1194 359 1244 micat
381 1213 434 1243 ex
458 1192 625 1252 oculis,
651 1193 878 1260 spiratque
903 1211 926 1240 e
948 1205 1125 1260 pectore
1150 1182 1334 1242 flammai
1362 1212 1374 1225 ·

105 1274 398 1354 thueyolat
419 1274 558 1324 moles
572 1312 584 1334 ,
611 1274 804 1324 adducto
827 1275 999 1324 concita
1021 1294 1157 1324 nervo
1171 1313 1183 1334 ,

107 1359 263 1424 Quum
285 1358 400 1426 petit
420 1369 498 1407 aut
515 1376 690 1416 muros,
717 1369 794 1406 aut
815 1357 970 1424 plenas
989 1356 1129 1407 milite
1154 1369 1323 1416 turres3

110 1503 186 1549 apri
195 1503 293 1538 enim
302 1503 340 1538 in
349 1502 534 1548 obliquum
544 1502 658 1538 solent
672 1502 789 1537 ferire.

153 1555 230 1602 349.
240 1555 373 1590 Auctor
379 1557 454 1597 teli,
473 1555 534 1600 qui
545 1555 653 1590 mittit
664 1555 788 1599 telum,

109 1615 150 1644 ut
160 1607 327 1655 Virgilius
339 1634 349 1652 ,
368 1607 453 1642 AEn.
470 1608 524 1644 IX
538 1634 548 1652 ,
566 1609 640 1652 420.
658 1608 790 1653 Regius

109 1668 231 1697 noster
257 1660 292 1696 A
316 1660 434 1695 minus
454 1659 547 1695 bene
571 1660 677 1695 habet
702 1663 794 1696 lator

109 1715 180 1750 teli.
202 1712 271 1748 Ed.

155 1766 232 1803 350.
245 1766 460 1812 Ampycides.
477 1764 656 1800 Palatinus
666 1790 675 1808 ,
693 1763 792 1799 Can-

112 1818 200 1855 tabr.
228 1817 442 1854 oxoniensis
459 1843 469 1860 ,
502 1816 765 1852 Arundelianus
781 1842 791 1860 ,

113 1871 240 1918 aliique
250 1870 414 1917 plurimi,
435 1870 608 1912 OEclides‚·
625 1881 723 1914 aeque
736 1869 793 1904 be—

115 1937 180 1966 ne;
196 1935 282 1958 nam
297 1923 406 1958 etiam
429 1921 662 1967 Amphiaraus
685 1934 794 1956 sacer-

116 1975 179 2010 dos
194 1974 318 2011 Phoebi
332 1973 435 2010 :ideo
444 1973 539 2008 hunc
554 1974 701 2008 invocat.
712 1973 794 2007 Eu—

116 2027 218 2074 ripid.
246 2025 339 2073 apud
358 2026 578 2073 Hermogen.
603 2039 636 2072 p.
657 2025 743 2071 564,
770 2026 794 2062 ὦ

118 2087 176 2116 Ζεῦ
188 2106 199 2124 ,
226 2082 340 2125 γένοιτο
366 2083 545 2115 amaeam„
568 2084 623 2120 τὴν
651 2085 703 2115 σῦν
733 2080 795 2123 ἓμὲ.

119 2131 169 2166 Et
183 2131 309 2178 passim
322 2138 512 2166 occurrunt
522 2130 607 2166 tales
615 2143 735 2177 preces
745 2130 797 2164 in-

120 2190 176 2219 ter
190 2181 420 2229 pugnandum
432 2209 442 2227 ‚
470 2191 510 2219 ut
525 2183 608 2218 AEn.
626 2183 679 2218 Xl
690 2209 702 2227 ‚
722 2183 796 2230 785.

120 2236 206 2270 —Sr'
212 2242 245 2270 te
254 2236 348 2270 colui
355 2234 511 2270 solemne
523 2235 560 2270 in
576 2235 797 2271 sacerdotum

120 2290 290 2337 precibus.
307 2289 457 2324 Homer.
470 2289 511 2324 ll.
530 2289 562 2324 A
576 2315 586 2334 ,
605 2290 648 2338 39
661 2303 734 2336 sqq.
753 2290 796 2325 In

119 2342 175 2378 his
190 2343 295 2378 colere
312 2348 383 2386 est,
401 2353 496 2376 sacra
511 2340 660 2377 adolere.
677 2360 723 2370 --
738 2344 799 2377 Da

121 2396 215 2431 am‘be:
240 2393 332 2429 Vide
349 2392 392 2429 ad
412 2393 430 2428 I
441 2419 454 2438 ‚
484 2393 559 2438 486.
574 2410 619 2419 -
643 2396 773 2430 Certum
786 2421 796 2437 ‚

122 2445 218 2493 quod
239 2446 321 2482 serit
345 2458 500 2492 scopum.
517 2463 561 2471 —
581 2447 676 2489 Qua,
705 2459 800 2491 qua—

122 2507 226 2536 tenus
240 2526 251 2544 ,
269 2506 454 2546 quantum.
471 2518 515 2526 --
526 2501 657 2533 Ferrum
672 2500 801 2534 Biana.

123 2552 227 2599 Regii
240 2552 351 2587 nostri
370 2552 499 2587 habent
509 2552 699 2596 ferrumque
714 2552 802 2586 Dia-

124 2619 181 2642 na.
205 2605 249 2640 ln
269 2604 385 2640 Diana
411 2605 522 2651 prima
537 2603 665 2652 syllaba
683 2616 803 2649 quan-

127 2658 242 2705 doque
260 2658 484 2705 producitur;
502 2658 598 2704 Virg.
610 2657 750 2693 AEneid.
766 2657 802 2701 1,

128 2713 195 2759 499
205 2737 215 2755 ,
227 2712 371 2747 Exercet
384 2712 504 2745 Diana
513 2712 648 2753 choro&
662 2710 722 2745 sed
734 2722 804 2745 me-

128 2764 194 2802 lius
215 2772 251 2802 et
272 2764 490 2810 frequentius
516 2764 712 2812 corripitur.
737 2765 804 2801 Ed.

308 2842 403 2889 IV.

852 1521 898 1529 —
930 1501 1037 1548 Apud
1059 1502 1262 1537 Homerum
1287 1508 1322 1536 et
1346 1501 1536 1549 Virgilium

854 1568 944 1601 saepe
973 1555 1071 1591 Deus
1101 1555 1222 1602 aliquis
1242 1555 1431 1601 detorquet
1454 1556 1542 1590 has-

864 1616 937 1644 tam
956 1608 1109 1643 missam.

899 1663 975 1697 355.
988 1663 1123 1697 Lenius.
1135 1662 1303 1697 Heinsius
1314 1660 1539 1697 scribendum

856 1721 976 1750 censet
985 1718 1111 1755 secius,
1131 1721 1171 1749 ut
1184 1714 1220 1749 II
1233 1741 1242 1758 ,
1258 1715 1333 1760 809.
1347 1713 1449 1759 Regii
1457 1726 1540 1747 nos-

856 1767 921 1811 tri,
941 1769 1057 1802 lenius.
1074 1766 1167 1801 Vide
1184 1767 1296 1801 varias
1314 1765 1480 1801 lectiones
1494 1764 1539 1799 ad

857 1819 975 1854 locum
989 1819 1144 1854 citatum.
1158 1819 1225 1854 Ed.
1235 1837 1280 1846 ·-
1295 1819 1372 1852 La:
1382 1820 1488 1852 mica!
1497 1829 1541 1851 ez·

857 1874 966 1906 oculis
976 1899 984 1912 ‚
1004 1878 1067 1907 etc.
1084 1871 1184 1907 Olim
1205 1870 1267 1917 (et
1278 1871 1326 1905 sic
1340 1870 1452 1905 nostri
1466 1870 1543 1905 Re-

859 1926 929 1972 gii)
942 1925 1111 1961 edebatur
1125 1926 1266 1959 Emicat
1272 1937 1316 1959 ex·
1326 1926 1435 1960 oculis
1445 1950 1455 1968 ,
1472 1926 1543 1968 spl-

859 1986 915 2014 rat
920 1992 1046 2025 quoque
1048 1983 1182 2023 pectore
1180 1980 1351 2024 flammas.
1366 1976 1438 2012 Sed
1448 1984 1540 2020 octo,

859 2034 965 2066 micat
974 2043 986 2074 ,·
1006 2031 1162 2076 quinque
1177 2057 1186 2075 ‚
1208 2033 1538 2075 sp1ratquepectore3

859 2091 896 2119 et
912 2082 1069 2118 Florent.
1085 2083 1123 2118 S.
1135 2083 1249 2118 Marci
1262 2109 1272 2128 ,
1279 2085 1434 2128 flamma.
1451 2080 1541 2117 Inde

861 2136 1030 2172 Heinsius
1052 2136 1242 2172 lectionem
1265 2148 1365 2172 suam
1387 2145 1541 2179 compo-

861 2189 951 2234 suit,
970 2189 1030 2235 qui
1052 2196 1173 2225 tamen
1190 2201 1264 2223 non
1288 2194 1415 2233 negat,
1443 2197 1543 2232 posse

863 2249 899 2278 et
903 2243 1067 2287 flammas
1081 2242 1221 2277 servari.

907 2295 982 2342 357.
997 2296 1124 2337 Moles,
1138 2294 1268 2341 lapides
1279 2293 1429 2328 molares
1440 2290 1543 2336 ejecti

864 2360 883 2382 e
902 2347 1042 2383 ballistis
1055 2374 1064 2392 ,
1083 2359 1160 2392 quae
1178 2357 1253 2381 non
1271 2346 1411 2390 minus,
1437 2355 1545 2389 quam

865 2412 963 2435 arcus
985 2413 1114 2435 nervum
1133 2399 1307 2435 habebant
1326 2425 1335 2442 ,
1361 2397 1421 2442 qui
1437 2398 1545 2430 addu-

865 2454 1024 2487 cebatur:
1042 2452 1134 2497 apud
1146 2451 1332 2496 Virgilium
1345 2477 1354 2494 ‚
1370 2449 1454 2483 AEn.
1470 2448 1542 2492 XI,

865 2503 931 2538 616
942 2530 952 2548 ,
975 2504 1147 2540 Acontius
1163 2507 1234 2538 ruit
1250 2503 1287 2537 in
1304 2514 1443 2538 morem
1468 2507 1546 2536 tor-

867 2563 975 2591 mento
978 2558 1137 2599 ponderis
1147 2557 1394 2600 actz'.—Impcte
1403 2554 1545 2600 antique

868 2620 932 2653 pro
946 2633 956 2650 ‚
972 2612 1094 2652 impetu
1104 2633 1113 2648 ,
1139 2613 1179 2641 ut
1191 2607 1247 2642 Ill
1257 2633 1269 2651 ‚
1290 2621 1330 2655 79
1342 2634 1351 2652 ,
1369 2607 1428 2642 ubi
1440 2606 1546 2642 etiam

869 2668 968 2694 vasto
993 2659 1142 2694 additur.
1167 2660 1247 2694 Hoc
1269 2659 1346 2694 loco
1361 2666 1459 2694 vasto
1481 2671 1546 2704 pro

869 2720 957 2748 certo
968 2726 1007 2746 ex
1024 2712 1185 2747 Leidensi
1202 2725 1274 2747 uno
1286 2720 1321 2747 et
1336 2713 1477 2747 Sixiano
1493 2725 1549 2746 re·

870 2765 961 2809 cepit
974 2764 1222 2810 Burmannus,
1252 2765 1332 2810 quia
1348 2772 1435 2800 cerlo
1451 2777 1548 2810 prae-

1296 2843 1319 2886 3
