1820 3106
263 246 348 289 522

622 247 675 290 P.
719 246 965 292 OVIDII
1001 247 1316 294 NASONIS

262 341 346 388 Est
367 337 487 388 lacus
507 339 725 398 Arcadiae,
750 341 960 390 Pheneon
983 341 1127 390 dixere
1145 342 1316 409 priores
1327 356 1344 401 ‚'

262 417 499 481 Ambiguis
524 431 752 485 suspectus
775 420 901 486 aquis
915 457 927 479 ,
951 439 1059 487 quas
1079 432 1208 469 nocte
1229 420 1386 469 timeto
1406 439 1420 480 3

262 494 404 541 Nocte
425 506 588 543 nocent
610 508 725 562 potae
748 515 758 544 :
780 497 871 545 sine
894 515 1010 545 noxa
1033 495 1128 545 luce
1149 496 1384 546 bibuntur.

261 570 336 619 Sic
358 570 463 620 alias
478 609 491 631 ‚
517 572 711 639 aliasque
731 573 851 623 lacus
874 586 919 623 et
940 572 1119 623 flumina
1140 575 1252 624 vires

1607 587 1676 625 ³3⁵

262 647 534 715 Concipiunt
556 668 566 696 :
593 662 851 717 tempusque
873 650 980 708 fuit,
1009 671 1098 718 quo
1120 652 1241 700 navit
1259 652 1308 700 in
1328 651 1460 701 undis
1474 688 1488 712 ,

262 728 391 775 Nunc
416 727 538 776 sedet
561 728 772 795 Ortygie:
799 728 946 777 timuit
970 729 1259 778 concursibus
1280 730 1404 794 Argo

262 804 493 852 Undarum
515 823 688 872 sparsas
711 805 1027 873 Symplegadas
1051 805 1278 865 elisarum

264 881 376 944 Quae
396 882 729 939 nuncimmotae
749 895 973 950 perstant,
997 883 1227 951 ventisque
1246 883 1468 933 resistunt.

262 959 352 1007 Nec
369 996 381 1017 ‚
400 977 504 1025 ’quae
529 960 734 1009 sulfureis
758 961 883 1010 ardet
902 962 1156 1011 fornacibus
1172 1000 1184 1022 ‚
1210 962 1344 1011 AEtne

1612 971 1679 1017 340

261 1037 399 1100 Ignea
425 1056 596 1104 semper
619 1039 704 1088 erit
725 1058 736 1088 ε
760 1059 903 1107 neque
927 1041 1043 1089 enim
1065 1041 1150 1090 fuit
1173 1040 1302 1103 ignea
1324 1056 1507 1106 semper.

262 1116 375 1165 Nam
399 1116 488 1165 sive
509 1130 576 1166 est
597 1118 757 1167 animal
779 1118 928 1178 tellus,
953 1131 997 1167 et
1016 1119 1148 1177 vivit,
1170 1118 1395 1184 habetque

261 1191 537 1258 Spiramenta
550 1231 562 1251 ‚
587 1192 696 1242 locis
718 1194 933 1244 flammam
955 1194 1200 1244 exhalantia
1220 1192 1395 1252 multis,

262 1270 469 1336 Spirandi
492 1284 660 1322 mutare
685 1273 797 1334 vias,
820 1274 1079 1341 quotiesque
1102 1285 1328 1331 movetur,

261 1349 355 1397 Has
376 1348 502 1397 finire
523 1362 696 1416 potest,
720 1350 817 1401 illas
839 1352 1006 1420 aperire
1028 1370 1231 1401 cavernas
1251 1370 1262 1398 :
1612 1360 1679 1406 345

304 1459 379 1494 332.
387 1462 537 1494 Pheneos
550 1461 632 1496 urbs
640 1461 809 1506 Arcadiae,
821 1469 940 1508 postea

261 1512 430 1546 Nonacris
455 1511 557 1546 dicta.
582 1513 627 1546 ln
650 1511 775 1547 vicinia
801 1514 875 1557 ejus
900 1527 940 1548 ex

262 1569 436 1608 praerupta
456 1576 544 1608 rupe
566 1576 654 1608 aqua
669 1590 679 1607 ,
706 1564 836 1599 Graecis
860 1569 941 1615 ὕδωρ

261 1619 369 1660 Ero-733
390 1615 479 1650 dicta
499 1641 509 1658 ,
536 1615 697 1660 guttatim
724 1615 861 1651 decidit.
887 1616 940 1651 Ea

262 1667 364 1702 certis
394 1665 609 1719 temporibus
643 1674 796 1702 mortem
827 1667 943 1702 adfert

263 1726 336 1754 tam
358 1718 559 1754 hominibus
582 1731 686 1764 quam
703 1719 840 1764 pecori,
862 1732 941 1754 vasa

262 1772 513 1816 cujuscumque
529 1770 665 1816 generis
687 1770 839 1815 frangit,
857 1782 942 1804 me-

263 1824 344 1859 talla
353 1824 451 1859 solvit
462 1831 526 1858 etc.
536 1823 614 1858 vide
628 1822 835 1857 Pausaniam
847 1848 856 1866 ‚
872 1823 943 1857 Ar-

263 1875 338 1910 cad.
363 1888 439 1920 pag.
462 1875 528 1918 634
547 1887 596 1919 sq.
626 1875 737 1909 Nocte
766 1887 844 1909 eam
869 1887 942 1909 esse

264 1928 404 1962 noxiam
414 1953 423 1970 ,
436 1926 478 1961 de
489 1926 544 1961 die
554 1926 731 1960 innoxiam
740 1952 749 1969 ,
760 1926 942 1960 neminem

264 1986 392 2024 praeter
409 1979 576 2015 Nostrum
595 1977 803 2023 prodidisse,
822 1983 943 2013 monet

263 2031 670 2076 Heinsius.—Amb125ruoe,
687 2043 769 2065 mox
782 2030 940 2074 letiferae,

263 2096 346 2118 mox
360 2083 519 2118 innoxiae.

279 2147 281 2150 ·
309 2135 385 2180 337.
395 2136 493 2169 Nunc
503 2135 596 2168 sedet
609 2134 751 2180 Ortygie.
763 2133 872 2169 Delus
884 2134 942 2168 in-

263 2185 512 2231 telligiturquae
523 2184 647 2220 eadem
659 2192 695 2219 et
710 2187 844 2231 Ortygie
854 2197 940 2219 non-

265 2237 368 2273 nullis
382 2238 472 2273 dicta
488 2244 562 2279 est;
588 2236 667 2271 vide
689 2236 878 2282 Spanhem.
897 2237 940 2272 ad

267 2289 470 2324 Callimachi
482 2288 602 2336 hymn.
612 2287 712 2333 Apol.
722 2290 772 2323 58.
781 2288 846 2331 Ea,
857 2289 940 2323 olim

265 2354 386 2376 errans
396 2349 432 2376 et
443 2349 566 2376 natans
576 2367 586 2383 ‚
598 2347 676 2386 post
686 2347 822 2386 partum
835 2340 942 2375 Lato-

266 2408 321 2430 nae
332 2395 519 2430 immobilis
532 2394 623 2429 facta
637 2401 688 2429 est
699 2408 707 2436 3
718 2393 796 2428 vide
809 2393 940 2439 Spanh.

266 2447 310 2482 ad
336 2446 540 2482 Callimachi
564 2446 686 2493 hymn.
708 2445 784 2480 Del.
811 2446 883 2491 273.
898 2465 941 2471 —

264 2500 499 2545 Symplegades
514 2498 634 2532 insulae
644 2524 653 2542 ,
680 2504 762 2532 sunt
774 2524 783 2542 ,
809 2509 886 2543 quae
906 2504 942 2531 et

269 2550 422 2598 Cyaneae
437 2550 603 2585 dicuntur
613 2576 622 2594 ,
640 2556 759 2584 contra
775 2548 940 2594 Bospho-

265 2615 347 2637 rum
362 2603 552 2638 Thracium
566 2627 576 2644 ,
602 2614 679 2646 quae
697 2615 717 2636 a
732 2601 841 2647 poetis
857 2601 941 2635 olim

265 2653 479 2689 concurrisse
490 2653 675 2699 finguntur
686 2679 695 2697 ‚
705 2654 870 2698 quoniam
882 2679 891 2697 ,
902 2660 942 2687 ut

267 2705 314 2739 ait
339 2705 472 2740 Plinius
488 2731 499 2748 ‚
524 2717 629 2750 parvo
655 2703 810 2739 discretae
830 2704 942 2738 inter-

266 2756 354 2794 vallo
366 2771 406 2795 ex
416 2757 558 2794 adverso
573 2758 781 2795 intrantibus
795 2757 941 2806 geminae

1005 1475 1078 1497 esse
1093 1461 1257 1497 videntur
1267 1487 1277 1504 ‚
1289 1459 1537 1506 paululumque
1547 1455 1680 1494 deflexa

1006 1514 1076 1547 acie
1091 1513 1295 1547 coeuntium
1307 1511 1456 1557 speciem
1470 1509 1681 1556 praebebant.

1008 1564 1145 1599 Confer
1160 1564 1202 1598 ad
1219 1565 1295 1599 VII
1310 1590 1319 1608 ‚
1333 1564 1375 1598 62
1385 1589 1395 1607 ,
1413 1571 1546 1598 notam.
1556 1563 1623 1597 Ed.

1050 1617 1124 1659 341.
1138 1617 1260 1659 Ignea,
1276 1613 1680 1661 ignivoma—Animal,

1007 1669 1165 1703 animans
1181 1674 1233 1702 est
1250 1674 1343 1702 terra
1363 1680 1382 1701 e
1401 1673 1521 1700 mente
1540 1664 1683 1700 Stoico-—

1005 1732 1087 1753 rum
1114 1731 1122 1752 :
1145 1721 1278 1753 animal
1303 1719 1428 1753 Tellus.
1454 1718 1534 1752 Hoc
1558 1716 1684 1763 placuit

1007 1771 1215 1818 Pythagorae
1227 1783 1236 1812 ;
1249 1770 1392 1805 Aristot.
1404 1769 1508 1817 Phys.
1520 1770 1591 1812 IV,
1607 1769 1684 1803 6.-

1007 1824 1169 1867 Spirandi
1179 1827 1305 1857 mutare
1319 1824 1405 1855 vias.
1421 1820 1525 1856 Liber
1543 1819 1684 1855 Ciofani

1007 1875 1112 1909 habet
1127 1878 1243 1916 vices-‚⁶
1264 1873 1325 1909 sed
1341 1876 1418 1909 vias
1431 1879 1525 1908 recte
1540 1872 1685 1918 prefert

1006 1926 1231 1961 Burmannus
1243 1940 1251 1968 ς
1268 1938 1352 1960 nam
1362 1937 1525 1960 cavernas
1538 1931 1573 1959 et
1583 1924 1685 1959 fistu-

1005 1977 1053 2012 las
1072 1977 1256 2024 intelligit,
1283 1990 1347 2023 per
1371 1990 1455 2023 quas
1477 1977 1566 2024 ignis
1588 1976 1681 2020 exit,

1006 2042 1158 2075 quasque
1168 2033 1369 2074 spiramenta
1381 2028 1486 2063 etiam
1496 2035 1604 2065 vocat.
1612 2029 1681 2063 Ed.

1004 2101 1049 2108 —
1055 2084 1167 2117 Finit-e
1174 2094 1333 2116 cavernas
1341 2094 1404 2126 pro
1414 2107 1423 2124 ,
1434 2081 1593 2116 claudere
1604 2094 1660 2116 eas
1668 2106 1679 2124 ,

1006 2134 1136 2168 durum
1151 2140 1212 2168 est.
1229 2132 1395 2168 Heinsius
1403 2133 1568 2168 suadebat
1578 2159 1587 2176 ,
1603 2135 1682 2168 Hac

1004 2189 1127 2231 operire
1134 2191 1260 2230 potest,
1279 2188 1352 2221 illic
1363 2188 1490 2230 apen're
1498 2199 1656 2221 cavernas
1668 2197 1682 2229 ,·

1005 2238 1232 2272 Burmannus
1246 2244 1363 2272 autem
1379 2237 1505 2272 merito
1520 2237 1655 2273 dubitat
1669 2264 1680 2282 ,

1006 2301 1050 2323 an
1072 2289 1108 2322 in
1134 2288 1198 2323 hac
1219 2288 1502 2334 agnominatione
1524 2288 1586 2324 sibi
1607 2288 1683 2334 pla-

1006 2341 1117 2375 cuerit
1136 2339 1283 2375 Ovidius
1297 2353 1305 2375 ι
1320 2340 1390 2385 ipse
1404 2340 1518 2386 malit,
1538 2341 1614 2374 Has
1626 2346 1683 2374 tu-

1005 2405 1078 2427 tare
1091 2394 1192 2437 (nam
1200 2405 1290 2426 unus
1300 2391 1428 2426 Medic.
1437 2390 1682 2436 habetsuram)

1000 2451 1114 2488 potest
1121 2456 1133 2488 ,·
1146 2443 1238 2489 quod
1253 2443 1398 2478 verbum
1408 2442 1499 2477 forte
1510 2442 1683 2477 veteribus

1006 2496 1043 2530 in
1059 2509 1122 2531 usu
1136 2496 1243 2530 fuerit
1256 2522 1265 2538 ,
1285 2507 1495 2540 quamquam
1511 2494 1682 2539 frequen-

1006 2548 1073 2582 tius
1083 2548 1157 2593 ejus
1172 2547 1362 2592 composito
1373 2549 1523 2580 obturare
1537 2546 1586 2580 usi
1601 2544 1681 2580 sint.

1007 2600 1084 2645 Ego
1101 2600 1273 2646 vulgatam
1291 2598 1496 2633 servandam
1520 2596 1681 2632 arbitror.

1008 2653 1153 2699 Proprie
1177 2652 1276 2689 tellus
1285 2653 1370 2697 finit
1391 2650 1642 2685 exhalationem
1658 2662 1678 2684 e

1007 2707 1161 2741 cavernis
1173 2733 1182 2750 ,
1196 2705 1276 2740 hinc
1287 2716 1448 2739 cavernas
1459 2703 1554 2748 ipsas.
1566 2701 1678 2744 Infra,

1007 2772 1052 2795 vs.
1065 2759 1129 2803 646
1140 2784 1149 2803 ,
1164 2769 1259 2803 aeque
1272 2756 1399 2792 durum
1407 2755 1657 2800 ,sunemfinim
