1820 3106
274 249 332 307 98

646 246 699 289 P.
742 242 979 291 OVIDII
1021 246 1324 291 NASONIS

275 361 298 382 »
327 340 419 387 Nec
441 337 550 386 mihi
577 336 783 386 Centauri
805 349 989 404 potuere
1010 339 1209 401 resistere
1227 377 1239 396 ‚
1262 359 1342 389 nec
1361 343 1422 389 mi

275 438 299 459 »
324 415 521 464 Arcadiae
543 426 736 463 vastator
758 434 889 482 aper:
911 434 991 465 nec·
1014 416 1185 482 profuit
1210 418 1371 485 Hydrae

275 516 298 536 »
327 494 530 543 Crescere
551 513 631 560 per
653 493 882 552 damnum,
909 494 1191 561 geminasque
1208 515 1427 545 resumere
1449 497 1562 546 vires
1582 518 1593 547 :

275 594 298 614 »
326 570 450 635 Quid
466 572 484 619 Ρ
506 590 642 637 quum
655 570 848 619 Thracas
863 590 1001 637 equos
1012 608 1023 629 ‚
1040 571 1240 620 humano
1252 574 1462 636 sanguine
1478 575 1688 642 pingues,

274 672 297 692 >›
326 648 549 715 Plenaque
573 647 837 713 corporibus
859 647 1011 697 laceris
1031 650 1244 716 praesepia
1265 651 1354 698 vidi
1372 689 1384 710 ,

1627 667 1688 714 195

273 750 295 770 »
324 726 518 792 Visaque
542 725 702 790 dejeci,
729 725 1068 792 dominumque,
1096 727 1308 794 ipsosque
1332 729 1528 795 peremi:

272 828 294 848 n
322 805 406 853 His
430 804 537 853 elisa
556 804 670 869 jacet
691 802 831 852 moles
854 805 1051 852 Nemeaea
1073 803 1245 853 lacertis
1265 826 1275 853 ε

264 934 377 970 636³-
386 933 490 972 Male,
503 931 650 972 srustra3
667 930 746 965 vide
763 931 942 965 Burman=

263 999 363 1022 num.
394 986 490 1019 Male
516 983 614 1018 dedit
638 982 809 1017 Heinsius
831 995 839 1017 :
863 989 943 1016 ante

264 1051 348 1073 eum
364 1037 533 1072 edebatur
548 1047 615 1069 non
629 1036 798 1069 custodita
819 1033 835 1079 (
850 1033 944 1079 quod

264 1091 370 1126 habet
380 1095 499 1124 noster
510 1087 640 1132 Regius
649 1086 679 1120 A
690 1085 706 1131 )
717 1100 724 1127 ;
739 1086 879 1131 plurimi
890 1097 944 1119 co-

264 1144 356 1178 dices
367 1141 384 1188 (
395 1142 489 1175 inter
499 1151 584 1185 quos
598 1145 717 1173 noster
728 1138 756 1172 B
770 1138 782 1180 )
800 1150 944 1172 concus-

262 1195 382 1233 todita,
395 1190 488 1237 quod
496 1189 723 1235 degenerasse
736 1202 776 1222 ex
785 1202 850 1222 non
858 1194 944 1222 cust.

264 1247 431 1282 Heinsius
447 1251 580 1279 monet.
593 1242 666 1278 Sed
676 1241 854 1277 Gebhard.
863 1242 937 1285 ΙΙΙ,

266 1301 371 1345 Crep.
389 1300 431 1333 23
443 1325 452 1342 ,
470 1297 554 1332 illud
568 1296 691 1342 probat
702 1322 711 1340 ‚
731 1295 811 1341 quia
823 1295 920 1329 Atlas
930 1321 940 1338 ,

263 1349 476 1397 Hesperides
497 1348 576 1383 filiae
594 1361 633 1383 ac
654 1346 759 1380 draco
783 1345 942 1381 custodes

262 1402 412 1440 coadditi
429 1404 579 1437 fuerant.

309 1469 380 1503 ¹9²·
397 1455 555 1489 Arcadia
565 1458 719 1487 vastator
726 1464 816 1496 aper.
827 1450 942 1485 Maxi-

262 1520 341 1542 mus
365 1519 448 1552 aper
462 1532 471 1549 ‚
501 1503 687 1540 Arcadiam
712 1510 847 1538 vastans
860 1529 869 1547 ,
898 1503 940 1536 ab

261 1559 417 1595 Hercule
434 1557 532 1591 vivus
553 1556 595 1591 ad
613 1554 942 1602 Eurystheum·.suit

260 1610 439 1648 adductus.
455 1611 520 1644 Ed.
536 1627 583 1634 —
598 1609 750 1642 Crescere
760 1620 822 1651 per
835 1608 941 1641 dam—

260 1677 360 1707 num‚·
376 1662 497 1697 confer
509 1672 649 1695 versum
668 1672 708 1704 70
721 1674 729 1701 ;
749 1659 917 1693 Horatius
930 1683 940 1701 ,

261 1719 315 1754 IV
326 1744 335 1761 ,
353 1715 425 1752 Od.
442 1726 480 1750 lv
492 1741 501 1759 ,
527 1717 568 1761 59
579 1740 588 1757 ,
600 1726 664 1757 per
680 1714 806 1747 damna
825 1713 943 1746 ducere

261 1782 341 1815 opes
353 1797 361 1810 ‚
387 1774 421 1802 et
435 1771 591 1802 animum.

309 1825 380 1871 194.
406 1822 558 1856 Thracas
574 1830 691 1863 equos-,-
714 1816 825 1851 nostri
841 1814 943 1862 Regii

268 1876 410 1910 Thracis
429 1899 438 1914 ‚
479 1870 607 1906 scilicet
638 1867 821 1903 Diomedis
850 1867 942 1912 regis

261 1925 430 1961 Thraciae.
459 1942 503 1951 --
530 1923 648 1967 Hujus
679 1932 787 1966 equos
817 1919 941 1965 quibus

261 1978 412 2023 hospites
443 1974 635 2010 devorandi
664 1973 939 2018 objiciebantur,

260 2028 455 2065 secundum
466 2028 548 2063 alios
559 2026 700 2061 adduxit
711 2025 805 2060 vivos
818 2024 859 2059 ad
872 2024 941 2058 Eu-

262 2081 422 2129 rysthea:
435 2080 487 2114 Ex
513 2077 802 2123 interpretatione
820 2075 940 2110 Theo-

262 2134 315 2168 nis
333 2132 503 2177 Sophistae
514 2157 523 2174 ,
545 2131 738 2177 Progymn.
754 2141 826 2174 cap.
843 2127 865 2161 6
875 2154 885 2172 ,
904 2134 940 2161 et

261 2185 471 2231 Palaephati,
489 2197 561 2229 cap.
578 2186 617 2228 4,
635 2181 826 2217 Diomedes
842 2181 939 2226 equis

261 2239 393 2275 alendis
405 2237 446 2273 ad
457 2242 698 2283 paupertatem
707 2234 866 2269 redactus
873 2232 939 2267 ori-

262 2293 379 2339 ginem
393 2290 516 2326 fabulae
527 2288 622 2323 dedit
635 2287 677 2322 de
690 2287 786 2332 equis
796 2287 871 2330 ejus
883 2286 938 2320 ἆν-

262 2346 419 2393 &poplena
431 2356 439 2384 ;
452 2353 599 2385 eamque
610 2339 937 2384 interpretationem

261 2397 385 2444 probat
395 2392 612 2436 Gronovius,
627 2390 712 2426 Obs.
725 2391 792 2434 IV,
805 2392 863 2434 24,
877 2390 938 2424 ubi

262 2447 364 2484 docet
386 2445 549 2491 exemplis
569 2443 675 2478 allatis
699 2442 936 2487 1⁰.patrimo—

260 2501 362 2535 nium
372 2500 519 2533 Veteres
529 2496 648 2530 dixisse
660 2499 798 2534 viscua,
809 2506 934 2533 nervos,

260 2556 455 2597 sanguinem
469 2578 477 2590 ,
503 2553 591 2584 vires
606 2575 616 2589 ‚
639 2549 781 2590 v1·talla‚·
805 2557 853 2580 2⁰.
876 2546 936 2591 qui

260 2603 511 2650 patrimonium
527 2601 666 2636 alterius
681 2599 864 2641 minuant,
881 2597 937 2631 di-

258 2656 289 2691 ci
299 2681 308 2699 ,
326 2656 502 2694 devorare,
518 2654 686 2691 comedere
703 2662 785 2685 eum
797 2675 806 2693 ,
826 2661 935 2683 exsu—

255 2720 332 2752 gere
346 2706 421 2750 ejus
433 2709 680 2749 sangumem-
688 2706 833 2747 Pingues
844 2715 934 2736 san-

255 2763 355 2805 guine
367 2758 488 2792 melius
501 2769 605 2801 quam
615 2782 623 2799 ‚
629 2762 749 2799 pastos
759 2757 932 2798 sanguine,

1010 929 1103 975 quod
1115 929 1169 963 alii
1179 929 1331 971 habent;
1347 929 1534 974 Horatius,
1549 931 1603 974 II,
1618 930 1689 966 Od.

1010 994 1052 1028 ²9
1063 1006 1072 1024 ,
1081 984 1245 1024 sanguine
1249 985 1386 1025 pinguis
1397 995 1587 1026 campus.—-
1595 985 1690 1016 Vtica·

1008 1045 1070 1077 que
1090 1033 1223 1076 dejeci;
1253 1033 1420 1068 Heinsius
1441 1033 1539 1068 malit
1559 1035 1690 1078 detescas:

1010 1084 1092 1118 Non
1107 1083 1132 1118 ii
1146 1096 1266 1118 sumus
1277 1085 1336 1129 qui
1350 1084 1556 1129 iudicemus,
1567 1091 1690 1120 utrum

1008 1136 1226 1181 praestantius
1240 1136 1397 1182 germani
1411 1137 1520 1172 critici
1535 1163 1545 1179 ‚
1572 1149 1616 1171 an
1627 1122 1688 1171 nro-

1007 1188 1104 1222 mani
1131 1194 1243 1234 poetae
1264 1188 1439 1231 verbum;
1466 1189 1589 1224 saltem
1612 1201 1686 1224 non

1008 1253 1190 1286 possumus
1210 1253 1282 1274 non
1303 1240 1420 1274 dolere
1441 1247 1513 1274 tam
1534 1241 1687 1286 sagacis-

1006 1292 1137 1327 simum
1148 1293 1262 1326 virum
1273 1292 1461 1327 Heinsium
1475 1293 1597 1339 saepius
1612 1300 1688 1328 tex-

1007 1353 1085 1381 tum
1100 1346 1285 1382 deturbare
1299 1373 1309 1390 ,
1330 1354 1369 1382 ut
1385 1359 1476 1382 nova
1489 1374 1499 1391 ‚
1523 1348 1598 1383 sine
1615 1348 1687 1383 ullo

1006 1399 1167 1434 codicum
1184 1412 1355 1439 consensu
1367 1426 1377 1443 ‚
1395 1399 1537 1444 injiciat.
1554 1401 1621 1434 Ed.

1055 1464 1125 1498 197.
1143 1453 1275 1493 Moles,·
1294 1452 1428 1497 primus
1437 1451 1610 1486 Gronovii
1623 1479 1633 1496 ,
1651 1459 1687 1487 et

1007 1503 1105 1548 prior
1120 1504 1333 1549 Twisdenii,
1353 1508 1471 1550 μκή-τ.
1497 1505 1687 1551 Sophocles

1007 1568 1047 1590 ex
1069 1556 1359 1602 interpretatione
1381 1557 1562 1594 Ciceronis
1578 1585 1588 1602 ,
1611 1573 1628 1589 κ
1649 1559 1685 1594 Ο

1008 1622 1026 1639 »
1043 1616 1183 1655 pectora
1200 1636 1208 1649 ‚
1236 1621 1257 1643 o
1279 1615 1375 1654 terga
1392 1635 1401 1653 ,
1429 1622 1451 1643 o
1474 1609 1686 1645 lacertorum

1008 1674 1026 1691 ι»
1044 1661 1132 1695 tori!
1159 1662 1336 1696 vestrone
1360 1674 1480 1706 pressu
1505 1662 1685 1706 quondam

1009 1728 1027 1744 »
1044 1715 1229 1750 Nemeaeus
1237 1715 1292 1749 leo
1298 1714 1465 1749 frendens
1475 1714 1605 1750 efflavit
1611 1729 1685 1762 gra·

1009 1781 1026 1798 υ
1044 1767 1134 1801 viter
1147 1774 1342 1802 extremum
1354 1766 1500 1801 halitum
1514 1766 1530 1801 ?
1544 1769 1686 1803 »—Mo-

1006 1820 1056 1852 les
1071 1820 1226 1853 Nemeoea
1242 1846 1250 1858 ,
1273 1825 1386 1853 vastus
1409 1818 1465 1853 leo
1488 1819 1684 1865 Nemeaeus.

1009 1868 1165 1913 Curtius,
1177 1868 1283 1913 VIII,
1294 1880 1376 1913 x111‚
1392 1872 1602 1914 1o,1‘ngen!es
1610 1884 1685 1905 vas-

1005 1926 1110 1955 torum
1125 1934 1294 1966 corporum
1306 1924 1418 1955 moles.
1434 1920 1563 1956 Statius
1572 1922 1683 1956 Theb.

1007 1971 1061 2006 Vl
1076 1999 1085 2015 ,
1105 1973 1168 2007 835
1181 1999 1190 2016 ,
1208 1973 1374 2007 Herculea
1388 1986 1454 2008 non
1469 1975 1554 2007 mole
1568 1977 1684 2007 minor.

1006 2022 1105 2057 Livio
1117 2050 1126 2067 ,
1141 2024 1197 2058 lib.
1215 2024 1303 2058 XXI
1315 2049 1324 2067 ,
1342 2038 1401 2068 22,
1417 2027 1520 2058 moles
1536 2031 1587 2059 est
1600 2038 1682 2059 ser-
1734 2042 1735 2046 ¹

1005 2087 1091 2119 pens
1109 2074 1259 2120 ingentis
1276 2075 1539 2120 magnitudinis.
1557 2076 1681 2122 virgil.

1006 2126 1147 2161 AEneid.
1163 2126 1219 2161 ΙΙΙ
1231 2153 1240 2170 ,
1259 2127 1344 2170 656,
1362 2134 1462 2161 vasta
1473 2127 1682 2174 Polyphemi

1004 2182 1116 2214 moles.
1137 2178 1352 2214 Claudianus
1365 2206 1375 2224 ,
1394 2180 1431 2214 in
1454 2180 1600 2226 Eutrop.
1620 2182 1656 2216 II
1669 2209 1678 2226 ,

1004 2232 1066 2277 377
1079 2258 1088 2275 ‚
1100 2244 1222 2266 crassa
1232 2234 1319 2266 mole
1332 2233 1393 2266 leo.
1411 2232 1563 2267 Pessime
1575 2233 1680 2278 igitur

1003 2283 1145 2318 Safftius
1164 2296 1172 2318 :
1196 2285 1319 2318 Haben
1343 2286 1438 2318 nicht
1462 2286 1552 2319 dz'ese
1575 2285 1680 2319 Arme

991 2337 1098 2381 senen
1117 2337 1258 2376 Damm,
1277 2337 1339 2369 der
1357 2337 1421 2369 den
1441 2337 1598 2379 Et‘rtgang
1619 2338 1679 2370 des

1002 2390 1242 2423 Nemaezlrchen
1265 2389 1314 2422 W
1307 2389 1403 2421 aldes
1413 2394 1598 2430 verva-rue,
1610 2401 1677 2422 zer·

1001 2444 1107 2474 rissen
1125 2443 1145 2476 ,Ρ
1167 2441 1250 2474 Post
1264 2439 1358 2473 hunc
1372 2451 1511 2473 versum
1528 2439 1610 2473 olim
1626 2440 1677 2474 le-

1001 2494 1146 2539 gebatur
1160 2492 1215 2528 hic
1228 2506 1236 2527 :
1256 2494 1352 2527 Ceus
1367 2497 1402 2525 el
1412 2493 1607 2526 horrendum
1620 2494 1678 2527 Ti-

1000 2549 1112 2581 berino
1137 2548 1264 2589 gurgite
1295 2544 1311 2590 (
1329 2550 1387 2578 aut
1412 2544 1538 2587 litore)
1555 2558 1672 2579 mons-—

998 2605 1083 2632 trum
1097 2624 1106 2638 ,
1137 2609 1242 2642 quem
1262 2595 1426 2641 expunxit
1451 2596 1644 2641 Naugerius
1663 2623 1672 2640 ,

1000 2650 1079 2696 quia
1094 2650 1130 2684 in
1147 2648 1303 2695 plurimis
1319 2648 1468 2693 antiquis
1483 2648 1580 2683 MSS
1599 2661 1673 2683 non

998 2701 1179 2746 reperitur.
1187 2701 1383 2733 -Versum
1398 2699 1501 2734 istum
1519 2713 1592 2734 non
1608 2713 1672 2734 ac-

998 2760 1166 2798 ceperuut
1182 2751 1291 2787 nostri
1310 2752 1421 2797 Regii.
1443 2753 1509 2787 Ed.
