1820 3106
314 232 317 233 *
357 236 1053 293 METAMORPHOSEON
1093 246 1225 290 LIB.
1258 248 1318 290 x.

1476 263 1551 308 171

131 341 290 392 Noctis
311 352 428 399 erat,
451 339 683 407 spatioque
706 339 804 407 pari
827 339 1022 388 distabat
1043 339 1266 406 utrimque
1285 360 1296 400 ;
1370 374 1384 381 Α
1497 356 1561 402 175

135 423 338 488 Corpora
358 430 477 468 veste
499 416 645 466 levant
659 456 672 476 ‚
697 430 742 467 et
764 437 896 467 succo
915 419 1102 486 pinguis
1123 417 1231 467 olivi

130 488 481 568 §pientio-wirnt,
502 495 672 564 latique
692 497 850 546 ineunt
870 498 1107 546 certamina
1131 497 1254 546 disci.

135 578 279 642 Quem
301 575 428 644 prius
451 575 588 624 aerias
613 575 824 625 libratum
851 575 1050 625 Phoebus
1075 577 1121 623 in
1142 595 1271 625 auras

133 651 290 710 Misit..=
313 665 359 702 et
381 653 613 720 oppositas
636 653 809 719 disjecit
826 653 1024 721 pondere
1046 654 1203 703 nubes.

134 729 312 781 Recidit
332 729 379 778 in
403 729 590 779 solidam
617 730 756 795 longo
781 743 885 798 post
910 743 1107 799 tempore
1129 743 1289 780 terram

1506 746 1570 781 ¹80

132 809 318 860 Pondus
333 848 343 868 ‚
368 821 412 857 et
434 808 637 858 exhibuit
658 810 855 875 junctam
877 830 978 860 cum
998 810 1170 859 viribus
1194 822 1345 859 artem.

133 887 347 938 Protinus
370 886 628 955 imprudens
642 925 654 947 ‚
680 901 894 957 actusque
919 889 1124 957 cupidine
1146 887 1269 948 ludi,

133 1009 222 1038 turae
238 1015 248 1037 ι
267 1001 346 1037 vide
367 1001 409 1037 ad
433 1003 505 1043 IX,
534 1005 571 1047 41
579 1017 608 1048 7.
625 1021 670 1030 ·—
686 1005 817 1039 Noctis.

137 1053 304 1091 Cantabr.
322 1054 529 1090 Basileensis
543 1063 579 1089 et
592 1055 678 1090 alius
693 1058 815 1098 lucis,

134 1119 209 1143 non
226 1107 448 1153 improbante
466 1108 820 1153 numanum—Spa-

133 1162 244 1204 obrue
253 1186 262 1193 .
272 1185 282 1193 .
293 1184 301 1192 .
309 1162 471 1204 utrimque
480 1160 590 1194 otiose
599 1159 769 1195 additum.
776 1179 820 1187 —

135 1212 268 1246 Leonas
281 1218 392 1252 veste,
412 1219 581 1258 tanquam
597 1225 706 1247 onere
719 1239 728 1256 ,
745 1212 819 1248 ele-

135 1264 273 1310 gantius
285 1289 294 1307 ,
309 1276 415 1309 quam
430 1263 582 1310 vulgaria
594 1290 603 1307 ,
615 1264 819 1310 deponunt,

136 1324 271 1352 exuunt
281 1324 403 1352 vestes.
415 1318 584 1364 Virgilius
594 1344 604 1362 ,
621 1318 750 1364 Georg.
763 1319 799 1354 11
809 1345 818 1362 ‚

137 1372 204 1415 400
217 1397 227 1415 ‚
247 1383 363 1406 nemus
381 1374 492 1406 leuare
502 1371 640 1416 fronde.
656 1390 701 1398 —·
719 1373 820 1407 olivi.

139 1423 256 1469 Vulgo
268 1427 374 1459 olion.
388 1442 432 1451 -—
444 1423 548 1470 Regii
564 1425 675 1460 nostri
689 1424 822 1460 habent

138 1476 245 1511 etiam
256 1478 372 1512 olive:
388 1475 449 1512 sed
459 1484 554 1512 recte
567 1490 607 1512 ex
619 1477 823 1512 melioribus

140 1528 309 1563 Heinsius
320 1528 450 1573 recepit
465 1531 565 1563 olivi.-
577 1529 672 1564 hunc
686 1529 822 1564 vide.—

143 1580 287 1621 olivum,
306 1586 528 1625 unguentum
539 1593 580 1614 ex
589 1581 667 1615 oleo
678 1589 714 1615 et
723 1594 801 1615 cera
811 1595 820 1622 ;

137 1635 174 1672 aul
219 1648 267 1677 μα
283 1631 427 1667 dictum.
448 1631 681 1668 Constantius
694 1633 781 1667 Fan.
801 1646 820 1668 e

139 1647 348 1730 Tsscydide
369 1691 566 1727 memorat,
589 1684 823 1720 Lacedaemo-

138 1735 216 1771 nios
228 1736 361 1781 primos
374 1736 562 1772 instituisse
575 1763 585 1779 ,
603 1743 642 1771 ut
655 1737 823 1771 certaturi

140 1793 176 1823 et
187 1794 298 1823 vestes
312 1786 534 1834 deponerent
544 1795 579 1823 et
590 1788 669 1823 oleo
683 1802 821 1834 ungue-

140 1847 276 1875 rentur.
291 1839 332 1876 ld
344 1840 437 1885 quod
454 1847 592 1875 mature
605 1841 731 1876 imitati
742 1848 825 1876 sunt

141 1892 266 1937 reliqui
281 1891 407 1927 Graeci.
425 1892 520 1927 Hinc
531 1893 681 1928 Homer.
695 1892 768 1928 Od.
778 1900 822 1938 Θ,

146 1946 208 1982 186
221 1971 230 1989 ,
242 1945 370 1981 diserte
383 1945 498 1989 addit,
518 1946 682 1994 Ulyssem
694 1947 824 1982 iratum

143 1999 278 2035 discum
294 1999 425 2035 misisse
443 2004 525 2049 αὐτῷ
545 2002 651 2050 φάρει,
669 2014 744 2036 non
762 2001 826 2036 de-

142 2053 253 2099 posita
269 2053 365 2099 prius
381 2060 486 2088 veste.
503 2053 695 2089 Unxeruut
708 2062 828 2090 autem

144 2117 270 2151 corpus
280 2131 290 2149 ,
301 2106 428 2152 partim
438 2113 477 2140 ut
488 2113 582 2141 artus
590 2107 827 2151 mollirentur,

145 2160 273 2206 partim
289 2166 329 2194 ut
341 2159 450 2195 sudor
464 2160 769 2206 comprimeretur·

193 2225 264 2257 ¹77·
291 2212 481 2246 certamina
505 2214 602 2246 disci.
630 2212 830 2247 Discobolia

146 2265 211 2300 suit
223 2265 317 2300 inter
327 2265 566 2311 antiquissima
576 2267 830 2302 exercitationis

146 2330 274 2364 genera
289 2343 299 2361 ‚
325 2317 426 2363 cujus
445 2324 480 2352 et
502 2319 681 2353 Homerus
693 2344 703 2361 ‚
723 2319 762 2354 ll.
780 2326 828 2363 Ψ,

146 2370 212 2405 826
233 2382 308 2415 sqq.
332 2377 369 2404 et
392 2369 464 2405 Od.
482 2376 531 2413 Θ,
558 2370 638 2413 ι86,
656 2371 830 2406 meminit.

147 2425 370 2459 Discimassa
381 2426 456 2458 lata
467 2424 674 2470 plerumque
685 2431 721 2458 et
729 2424 832 2460 lentis

146 2476 300 2510 sormam
317 2476 484 2511 reserens.
502 2476 656 2522 Lipperti
674 2475 773 2511 Dact.
790 2477 806 2511 1
820 2503 830 2519 ,

148 2528 226 2563 623.
248 2527 300 2562 Ea
320 2528 373 2562 vel
399 2542 537 2563 sursum
561 2527 578 2574 (
595 2535 634 2562 ut
655 2527 687 2562 h.
705 2527 726 2562 l.
743 2528 757 2571 )
777 2528 832 2563 vel

149 2594 311 2627 prorsum
322 2581 538 2627 projicienda
551 2582 775 2616 brachiorum
786 2583 832 2616 vi-

150 2645 205 2667 res
217 2623 445 2678 augebantur.
458 2633 528 2668 Sed
542 2634 695 2668 multum
704 2637 790 2668 amic
798 2641 834 2669 et

151 2688 270 2719 vin'um
281 2685 335 2720 ille
349 2685 450 2720 ludus
460 2686 835 2731 requirebat.—Le’bra-

149 2745 237 2780 tum,
259 2739 426 2784 agitatum
439 2765 448 2782 ,
461 2746 615 2773 rotatum
627 2765 635 2781 ,
649 2746 688 2774 ut
701 2739 834 2784 majore

152 2790 187 2824 vi
204 2797 240 2825 et
255 2791 431 2826 celeritate
444 2791 587 2826 volaret.
602 2791 660 2827 Sic
672 2791 728 2836 11,
747 2791 812 2827 308
823 2817 833 2835 ,

881 1003 1023 1049 Jupiter
1039 1006 1172 1038 vibrata
1182 1002 1337 1048 fulmina
1350 1002 1489 1047 jactat,
1507 1001 1568 1036 ubi

882 1055 960 1090 vide
975 1063 1116 1097 notam3
1137 1056 1317 1090 Homerus
1331 1081 1340 1098 ,
1360 1053 1394 1087 d.
1408 1054 1428 1087 l.
1450 1058 1499 1094 ἧκε
1518 1058 1569 1088 δί·-

882 1112 977 1148 νήσας
987 1115 1022 1142 et
1034 1109 1251 1158 περιστρέψας
1263 1106 1483 1152 Propertius,
1496 1106 1569 1148 III,

885 1171 923 1195 x1
927 1172 939 1194 1
949 1186 958 1204 ,
976 1173 1016 1195 ιο
1025 1187 1034 1203 ,
1047 1160 1182 1194 Μ’πιΊε
1194 1173 1283 1194 nunc
1293 1160 1385 1193 disci
1386 1159 1521 1202 pondus
1531 1161 1570 1190 1’71

883 1216 961 1255 orbe·
975 1219 1073 1248 rotat.
1083 1231 1127 1240 ·-—
1138 1215 1263 1247 Aerias
1283 1223 1387 1246 auras
1401 1224 1410 1245 :
1427 1210 1506 1244 vide
1524 1209 1571 1244 ad

886 1266 939 1301 IX
954 1292 963 1310 ,
984 1278 1060 1313 ²¹9·
1080 1266 1204 1310 Neque
1224 1268 1337 1299 aerias
1355 1258 1456 1309 pla'ne
1478 1262 1569 1296 otio-

884 1332 963 1355 sum
987 1333 1060 1354 esse
1087 1326 1210 1365 putem
1230 1345 1239 1362 ‚
1268 1317 1329 1353 sed
1354 1320 1457 1351 aerioe
1482 1330 1573 1350 aum·

884 1373 975 1407 sorte
986 1374 1008 1407 i.
1021 1385 1053 1417 q.
1066 1379 1181 1406 tenues
1193 1398 1201 1412 ,
1220 1371 1355 1415 It‘qm'dae
1364 1380 1475 1411 auroe‚·
1490 1381 1570 1414 opp.

885 1425 983 1460 enirn
1003 1437 1086 1458 mox
1109 1426 1223 1458 solida
1248 1430 1345 1457 terra.
1361 1440 1406 1448 -
1421 1420 1576 1465 Dis-jeci!

886 1478 1023 1524 gravius
1035 1504 1044 1521 ,
1066 1489 1172 1522 quam
1190 1479 1307 1511 dz‘visit
1320 1502 1328 1516 ‚
1355 1473 1450 1520 quod
1467 1473 1573 1509 habet

886 1543 978 1566 unus
992 1530 1129 1565 Heinsii
1142 1529 1418 1564 MS.—Pondcre
1431 1539 1572 1571 suspec-

887 1590 964 1617 tum
982 1589 1034 1616 est
1051 1583 1262 1615 Burmanno
1276 1606 1285 1623 ,
1307 1579 1387 1625 quia
1410 1579 1448 1613 in
1468 1591 1572 1613 versu

891 1634 948 1668 181
976 1633 1150 1679 repetitur
1177 1645 1185 1667 ε
1209 1632 1351 1677 conjicit
1377 1634 1517 1666 verbere.
1529 1649 1573 1657 -

887 1687 1006 1722 Nostri
1023 1685 1123 1731 Regii
1133 1687 1289 1729 pondere.

924 1754 936 1774 1
942 1740 996 1774 80.
1007 1740 1153 1773 Recidit.
1163 1737 1198 1782 Q
1205 1736 1261 1771 uid
1267 1750 1322 1771 am
1332 1736 1573 1782 Deciditquod

890 1792 1045 1838 placebat
1063 1791 1273 1826 Constantio
1288 1791 1373 1825 Fan.
1383 1792 1578 1824 —Decidit

891 1847 985 1893 quod
996 1845 1233 1881 habetCodex
1244 1852 1363 1880 noster
1371 1845 1415 1888 B,
1429 1844 1472 1879 de
1486 1857 1575 1890 pon-

891 1899 974 1934 dere
992 1899 1148 1944 quolibet
1163 1898 1199 1932 in
1215 1904 1347 1932 terram
1364 1896 1503 1931 cadenti
1519 1896 1576 1931 di-

890 1951 998 1993 citur,
1011 1957 1046 1985 et
1055 1957 1172 1984 metro
1184 1949 1309 1983 melius
1318 1948 1495 1983 convenit.
1506 1949 1576 1983 Ed.

891 2004 1115 2037 —Ezhibuia
1125 2002 1314 2048 Specimen
1325 1999 1484 2035 exhibuit
1493 2001 1581 2036 artis

895 2063 930 2091 et
941 2056 1067 2090 virium
1082 2055 1252 2102 Apollinis
1262 2083 1271 2100 ‚
1283 2053 1500 2098 conservll,
1515 2067 1556 2102 ²9
1568 2066 1579 2088 t

894 2107 942 2143 ita
957 2115 993 2143 et
1010 2108 1063 2143 VI
1075 2134 1085 2152 ,
1105 2108 1168 2143 213
1180 2135 1190 2152 ‚
1207 2110 1371 2143 exhibere.

942 2175 954 2196 1
960 2162 1012 2196 82.
1025 2163 1059 2196 A
1060 2167 1199 2207 eiusque
1208 2164 1362 2207 cupidine
1371 2163 1453 2195 ludi.
1459 2159 1582 2205 Vulgo

894 2217 1049 2260 cupidine
1063 2218 1158 2250 lusus
1169 2227 1181 2258 ;
1196 2216 1425 2250 Burmannus
1436 2212 1580 2258 conjicit

895 2270 1051 2312 cupidine
1065 2270 1179 2302 laudis
1193 2281 1204 2303 ,⁹
1217 2281 1282 2315 pro
1298 2274 1394 2302 actus
1403 2294 1412 2308 ,
1431 2265 1487 2300 alii
1503 2271 1580 2299 lac-

894 2325 966 2361 lus,
983 2327 1115 2364 raptus,
1135 2327 1272 2365 captus,
1289 2323 1399 2360 laetus,
1419 2325 1483 2353 etc.
1501 2328 1581 2362 quae

896 2373 1016 2407 omnia
1023 2372 1164 2407 defendi
1173 2386 1300 2419 possun
1306 2370 1498 2407 t.—Codex
1508 2370 1581 2403 Re-

898 2425 972 2471 gius
985 2425 1013 2459 A
1026 2452 1034 2468 ,
1043 2431 1204 2470 actusque
1212 2427 1369 2469 cupidine
1378 2426 1487 2463 lusus‚·
1505 2420 1581 2456 Co-

898 2477 963 2512 dex
976 2478 1004 2512 B
1020 2490 1061 2512 au
1066 2484 1138 2511 tem
1149 2481 1296 2522 artisque
1304 2477 1460 2519 cupidine
1467 2477 1575 2514 lusus,

898 2529 934 2562 id
950 2536 1001 2563 est
1014 2555 1023 2572 ,
1043 2528 1207 2574 deceptus
1221 2527 1384 2573 cupidine
1400 2526 1501 2568 artis;
1519 2526 1581 2560 sed

898 2579 1007 2614 modo
1016 2588 1120 2614 artem
1129 2580 1337 2625 praecessisse
1346 2578 1507 2613 vidimus.
1514 2580 1583 2612 Ed.

899 2632 1049 2667 —Nihil
1065 2631 1277 2666 mutandum
1291 2632 1327 2665 in
1342 2631 1374 2666 h.
1390 2644 1476 2666 vers.
1489 2631 1583 2666 Des—-

900 2685 1046 2720 cribitur
1064 2685 1217 2720 fervidus
1238 2685 1375 2730 juvenis
1396 2692 1432 2719 et
1455 2684 1582 2719 ardens

900 2738 1078 2782 cupidine,
1090 2750 1163 2772 non
1175 2737 1297 2782 laudis,
1309 2737 1367 2772 sed
1379 2737 1484 2782 hujus
1494 2736 1581 2780 ludi,

902 2790 960 2835 qui
971 2790 1025 2825 vix
1036 2797 1230 2836 exspectare
1242 2797 1375 2836 potest,
1389 2789 1501 2825 donec
1512 2789 1583 2823 dis-
