1820 3106
354 254 1064 307 METAMORPHOSEON
1101 256 1227 300 LIB.
1259 257 1353 300 IX.
1553 256 1572 268 '¹

1488 270 1570 300 10.)

137 351 212 402 Sic
227 388 240 411 ‚
265 351 345 403 ubi
368 349 579 400 mortales
601 350 867 418 Tirynthius
892 349 1013 400 exuit
1033 361 1182 409 artus;

136 431 268 480 Parte
290 429 359 479 sui
382 429 566 479 meliore
589 430 736 493 viget,
761 429 994 497 majorque
1014 429 1155 478 videri

138 507 310 576 Coepit,
338 519 382 556 et
404 520 592 572 augusta
615 508 713 557 fieri
735 508 948 572 gravitate
971 507 1189 557 verendus
1210 526 1220 555 :
1508 531 1573 567 270

137 586 285 650 Quem
300 598 434 653 pater
456 586 741 654 omnipotens
764 587 880 635 inter
900 606 1003 636 cava
1024 585 1180 635 nubila
1203 596 1381 653 raptum

140 661 424 729 Quadrijugo
448 682 581 713 curru
602 664 882 713 radiantibus
903 663 1059 712 intulit
1083 663 1226 712 astris.

199 742 256 789 V.
281 741 433 791 Sensit
455 742 584 792 Atlas
607 743 786 810 pondus
812 762 822 791 :
847 761 993 809 neque
1020 741 1165 790 adhuc
1186 738 1467 789 Stheneleius
1491 740 1577 789 iras

135 817 339 868 Solverat
361 820 670 888 Eurystheus;
697 820 940 888 odiumque
962 820 1010 868 in
1036 818 1162 887 prole
1190 831 1426 888 paternum

132 942 222 974 riare
241 938 285 974 de
308 939 396 975 laetis
417 939 647 976 incrementis
668 941 819 987 capien-

134 991 222 1027 dum
233 1019 243 1036 ‚
260 998 302 1027 ut
314 992 388 1027 Vll
402 1018 412 1036 ,
433 1005 509 1040 292.
526 992 683 1037 Plinius,
701 1007 820 1039 pane—

134 1056 209 1092 gyr.
232 1044 274 1078 82
286 1070 297 1088 ,
321 1046 431 1078 laetum
450 1056 570 1088 corpus
586 1051 621 1079 ct
636 1049 822 1080 crescentia

133 1099 290 1131 membru.
307 1097 404 1131 Male
426 1096 461 1131 h.
483 1096 504 1132 l.
525 1095 617 1131 Rod.
632 1099 827 1143 muthsvillig

132 1153 277 1186 scherzt.
294 1170 337 1177 —
360 1153 474 1186 Vircre
497 1150 629 1185 habent
653 1151 763 1186 Palat.
786 1159 822 1187 et

134 1202 300 1238 Ambros.
317 1203 459 1248 Reliqui
473 1202 537 1250 (et
550 1203 660 1238 nostri
672 1203 773 1249 Regii
785 1204 798 1247 )
810 1230 820 1248 ,

133 1259 247 1290 nitere.
262 1273 307 1281 —
326 1257 439 1290 Virm·
453 1255 602 1290 verbum
619 1255 794 1291 delectum
811 1282 820 1300 ,

134 1303 231 1353 quod
246 1315 283 1344 et
296 1307 429 1343 vividos
441 1308 575 1343 colores
586 1335 595 1353 ,
613 1315 648 1343 et
663 1309 822 1354 vigorem

134 1360 330 1406 juvenilem
340 1359 502 1396 declarat.
515 1359 700 1396 Claudian.
709 1360 818 1395 Laud.

135 1414 244 1457 Stilic.
254 1413 291 1449 II
299 1440 310 1458 ,
320 1415 386 1458 430
395 1440 405 1458 ,
416 1415 615 1459 Perpetuum
627 1417 714 1449 νίν-εἰ
721 1427 819 1459 squa-

134 1471 209 1502 mit.
219 1466 354 1502 Plinius
365 1492 374 1510 ,
389 1466 435 1501 H.
447 1467 492 1502 N.
503 1466 615 1509 VIII,
634 1480 674 1513 27
691 1479 699 1502 ε
714 1481 731 1496 «ι
747 1467 819 1502 An-

134 1534 153 1551 »
171 1518 248 1566 guis
263 1518 414 1554 hiberno
429 1518 498 1554 situ
514 1519 722 1554 membrana
739 1516 820 1553 cor-

135 1586 153 1602 »
170 1571 264 1618 poris
273 1570 424 1606 obducta
434 1571 589 1607 soeniculi
599 1585 702 1607 succo
711 1572 820 1618 impe-

133 1639 152 1656 »
170 1625 372 1660 dimentum
385 1624 471 1660 illud
483 1625 577 1660 exuit
587 1651 598 1670 ,
615 1624 818 1672 nitidusque

133 1691 152 1708 »
170 1684 306 1713 vernat.
321 1691 339 1707 »

178 1729 253 1764 268.
269 1730 434 1772 Mortales
450 1730 645 1776 Tirynthius
660 1736 727 1765 etc.
744 1729 819 1765 Mi-

132 1781 257 1817 nucius
278 1781 375 1817 Felix
388 1809 398 1827 ,
423 1782 510 1818 XXI
530 1809 540 1827 ,
563 1784 729 1817 Hercules
742 1810 751 1823 ‚
783 1789 822 1816 ut

131 1836 296 1870 hominem
309 1843 430 1877 exuat,
460 1837 576 1871 OEtoeis
589 1839 723 1881 ignibus
739 1849 821 1871 cre-

131 1895 250 1924 matur.
266 1888 323 1924 De
339 1890 448 1924 verbo
468 1903 588 1924 exuere
602 1889 681 1924 vide
700 1889 744 1924 ad
760 1890 794 1925 X
808 1916 818 1934 ,

134 1943 435 1988 104.-Majorque
448 1945 575 1985 videri;
596 1942 719 1978 Codex
736 1956 821 1978 nos-

132 1999 188 2028 ter
209 1993 242 2028 A
263 1993 370 2029 habet
391 1997 534 2029 melior:
552 2006 658 2040 quam
680 1995 820 2040 repeti-

132 2046 269 2082 tionem
289 2059 363 2082 non
379 2047 613 2094 probauerim.
628 2047 822 2082 Ed.—Au-

130 2105 231 2143 gusta
254 2102 420 2144 gravitate
430 2127 439 2140 ,
468 2099 586 2134 divina
612 2100 794 2145 majestate
809 2113 818 2142 ;

133 2150 203 2194 IV,
222 2151 287 2199 539
297 2177 307 2194 ,
325 2153 537 2197 majestatem
553 2155 730 2187 verendum
747 2156 819 2186 irn-

126 2206 254 2248 posuit.
270 2203 507 2249 Claudianus,
527 2204 569 2239 R.
584 2205 624 2239 P.
639 2205 676 2249 1,
698 2218 756 2252 79,
775 2204 819 2240 de

132 2255 288 2291 Plutone
300 2283 309 2301 ,
332 2261 429 2302 qura
450 2260 613 2292 verendus
632 2258 821 2304 majestate.

133 2328 179 2336 —
190 2312 362 2345 Verendus
376 2311 502 2346 melius
518 2311 561 2346 de
575 2311 651 2346 Diis
668 2312 821 2347 adhibe-

132 2370 193 2399 tur
211 2390 220 2408 ,
244 2377 352 2409 quam
380 2364 460 2399 alibi
478 2391 487 2408 ,
523 2366 699 2399 timendus.
729 2364 820 2401 Illud

132 2417 231 2452 enim
250 2416 398 2451 ductum
415 2429 434 2451 a
450 2417 581 2463 pietate
603 2418 797 2453 liberorum
810 2445 819 2463 ,

133 2469 194 2515 qui
211 2477 367 2504 verentur
376 2477 552 2516 parentes.

177 2536 252 2570 272.
272 2524 482 2568 Quadrtjugo
493 2536 601 2558 curru.
614 2523 696 2558 Non
713 2530 799 2569 puto
811 2550 820 2568 ,

132 2582 276 2621 poetam
298 2575 354 2611 hic
377 2576 563 2622 respexisse
587 2577 823 2621 quadrijugum

133 2641 265 2664 currum
286 2655 294 2669 ,
328 2642 398 2674 quo
434 2629 559 2664 Romae
593 2629 822 2675 imperatores

134 2681 394 2727 triumphantes
417 2682 544 2717 urbem
566 2681 823 2728 ingredieban-

134 2741 195 2769 tur
206 2760 216 2778 ,
236 2742 274 2769 ut
287 2734 418 2770 diceret
430 2761 439 2779 ,
460 2735 653 2770 Herculem
668 2735 775 2770 veluti
786 2735 823 2769 in

135 2785 316 2834 triumpho
331 2786 369 2823 iu
386 2787 510 2825 caelum
531 2794 713 2834 acceptum
729 2813 739 2833 ‚
762 2787 824 2824 sed

884 940 1132 987 intelligendus
1147 940 1368 986 quadrzjugus
1382 952 1498 974 currus
1513 939 1575 985 ip-

884 994 954 1028 sius
971 993 1080 1029 Jovis.
1097 993 1270 1028 Similiter
1283 992 1464 1028 Ariadnen
1483 993 1575 1027 Bac—

886 1046 972 1081 chus
987 1049 1146 1092 lyncibus
1161 1050 1234 1080 suis
1250 1046 1286 1080 iu
1304 1046 1428 1081 caelum
1446 1046 1575 1081 vexisse

886 1099 1014 1145 legitur
1030 1099 1122 1144 apud
1140 1099 1369 1145 Propertium
1383 1125 1392 1143 ,
1415 1099 1471 1134 ΙΙΙ
1484 1125 1493 1142 ,
1507 1110 1554 1133 xv
1565 1126 1575 1142 ,

889 1150 920 1184 3.
945 1151 1153 1185 Secundum
1180 1151 1438 1196 Apollodorum
1465 1151 1577 1185 nubes

889 1204 1084 1239 Herculem
1113 1217 1195 1239 cum
1226 1203 1361 1239 tonitru
1393 1211 1577 1249 exceptum

887 1258 924 1292 in
942 1258 1067 1293 caelum
1083 1258 1184 1293 vexit.
1200 1277 1244 1284 --
1258 1258 1386 1292 Astris.
1406 1257 1459 1291 Ibi
1479 1264 1579 1292 tenet

887 1322 1059 1357 magnum
1084 1309 1236 1355 spatium
1256 1309 1350 1343 inter
1371 1307 1575 1351 Coronam,

890 1362 1121 1408 Ophiuchum
1135 1389 1144 1406 ,
1163 1362 1294 1409 Lyram
1308 1369 1343 1396 et
1361 1362 1577 1397 Draconem.

885 1435 931 1443 ·—-
940 1419 1172 1451 Badz'antibus
1183 1443 1192 1457 ,
1213 1416 1292 1451 vide
1304 1415 1347 1451 ad
1360 1416 1396 1451 ΙΙ
1408 1442 1417 1459 ,
1438 1417 1468 1460 4.

931 1469 1098 1515 273-323.
1109 1469 1274 1504 Alcmene
1284 1470 1366 1503 Ioloe
1374 1475 1495 1503 narrat
1506 1468 1577 1503 dis-

885 1521 1017 1556 ficilem
1033 1529 1175 1567 partum
1190 1535 1293 1557 suum
1307 1548 1316 1565 ,
1336 1521 1578 1558 Galanthidis-

886 1574 1002 1620 quein
1018 1574 1204 1610 mustelam
1217 1575 1463 1610 mutationem.
1476 1573 1577 1609 Con-

885 1627 949 1662 fer.
968 1627 1151 1662 Homerus
1164 1654 1173 1672 ,
1195 1628 1237 1663 ll.
1252 1628 1298 1672 T,
1312 1630 1354 1675 95
1368 1641 1442 1673 sqq.
1459 1626 1578 1662 Anto-

886 1678 992 1713 ninus
1005 1679 1172 1714 Liberalis
1184 1707 1193 1724 ,
1212 1693 1286 1726 cap.
1305 1693 1356 1727 29.
1373 1679 1576 1715 Commode

887 1730 1060 1766 Alcmena
1082 1732 1154 1777 ipsa
1180 1732 1287 1767 nurui
1313 1732 1462 1778 gravidae
1485 1731 1578 1766 hanc

885 1783 954 1817 sab.
965 1787 1292 1820 narrat.—Pondus.
1310 1784 1497 1820 Claudian.
1511 1784 1576 1819 Gi-

886 1842 980 1880 gant.
992 1837 1047 1880 23,
1055 1838 1269 1879 flammantia
1274 1840 1436 1882 pondera,
1451 1836 1576 1872 sidera.

888 1889 1049 1925 Imitatus
1061 1891 1233 1925 Nostrum
1244 1897 1295 1926 est
1305 1891 1454 1935 Seneca,
1467 1891 1576 1925 Herc.

889 1943 965 1977 OEt.
984 1945 1068 1992 ¹599
1080 1970 1089 1987 ,
1108 1944 1168 1979 ubi
1184 1947 1298 1979 lassus
1314 1946 1419 1980 Atlas
1431 1944 1518 1979 adeo
1530 1948 1577 1979 ti·-

885 1998 1000 2030 tubat.-
1015 1996 1101 2031 item
1113 1997 1276 2032 Lucanus
1290 2024 1299 2042 ,
1312 1998 1329 2033 I
1339 2024 1348 2042 ,
1363 1998 1424 2041 56,
1438 1997 1576 2033 Neroni

887 2048 1032 2084 adulans
1045 2076 1054 2094 ,
1071 2052 1220 2085 AEtheris
1236 2054 1530 2095 irnmensipartem
1544 2053 1579 2085 si

880 2107 1045 2146 presseris
1069 2117 1171 2139 unam
1188 2131 1196 2146 ,
1227 2106 1355 2140 Sentiet
1367 2108 1448 2140 axis·
1464 2117 1548 2139 onus
1562 2133 1570 2145 ,

886 2157 1160 2200 libratipondera
1169 2160 1252 2192 coeli.
1268 2158 1356 2192 Orbe
1368 2165 1443 2192 tene
1457 2159 1576 2194 medio.

885 2209 1164 2255 —Euryslbeus‚
1182 2209 1343 2244 Stheneli
1354 2209 1444 2245 filius
1456 2236 1465 2254 ,
1485 2209 1575 2244 ulti—-

887 2273 966 2295 mus
990 2267 1213 2306 posterorum
1238 2262 1358 2297 Persei
1375 2289 1383 2306 ‚
1411 2262 1577 2297 nondum

887 2315 1097 2361 deposuerat
1119 2316 1208 2351 iram
1228 2316 1384 2363 (soluere
1399 2320 1470 2351 iras
1482 2343 1490 2357 ‚
1510 2329 1577 2349 me-

885 2374 965 2409 lum,
973 2371 1134 2412 pudorem
1145 2376 1209 2404 etc.
1219 2369 1379 2405 sormulae
1390 2375 1576 2414 poetarum

886 2420 1062 2456 solemnes
1075 2433 1139 2466 pro
1150 2447 1159 2465 ,
1177 2421 1311 2456 solvere
1325 2421 1483 2455 animum
1497 2433 1577 2455 me-

887 2479 925 2506 tu
939 2498 948 2515 ,
962 2472 1023 2506 ira.
1035 2472 1194 2507 Affectus
1205 2473 1301 2508 enim
1313 2473 1420 2507 veluti
1433 2473 1490 2508 fixi
1500 2472 1575 2508 hae-

887 2532 970 2560 rent
982 2526 1016 2560 in
1031 2526 1165 2569 animo)
1178 2541 1185 2567 ;
1202 2528 1379 2572 odiumque
1383 2533 1572 2571 paternum,

887 2577 923 2611 in
941 2585 1076 2623 patrem
1089 2585 1314 2624 conceptum,
1328 2582 1465 2624 inprole
1476 2579 1577 2626 (pro,

887 2635 924 2665 in
944 2634 1084 2676 prolem.
1109 2631 1200 2666 Vide
1229 2633 1480 2668 Burmannum
1498 2632 1514 2680 )
1540 2635 1576 2669 in

889 2691 1049 2728 posteros
1069 2684 1233 2720 Herculis
1258 2685 1465 2731 exercebat,
1491 2699 1578 2732 quos

890 2749 1001 2783 regno
1017 2750 1082 2772 suo
1098 2737 1250 2784 expulit,
1276 2738 1578 2774 Atheniensibus-

892 2802 959 2836 que
971 2815 981 2834 ‚
1002 2789 1062 2836 qui
1074 2803 1132 2827 eos
1143 2798 1368 2838 receperant,
1384 2791 1516 2828 bellum
1527 2791 1579 2833 in„
