1820 3106
293 299 351 342 36
425 326 429 328 -
673 297 724 339 P.
759 294 1000 341 ov1n11
1031 268 1327 339 NAsoNis

291 414 314 434 «
336 390 504 439 Discite
520 427 531 448 ,
557 388 755 438 femineis
781 388 888 455 quid
913 388 996 437 tela
1019 388 1159 436 virilia
1180 399 1387 455 praestent
1402 426 1412 446 ‚

289 495 312 517 »
341 474 382 521 O
405 472 609 537 juvenes,
637 469 848 537 operique
871 488 969 518 meo
992 470 1241 528 concedite,
1267 470 1390 518 dixit.

295 573 317 593 »
344 552 448 616 Ipsa
473 549 565 597 suis
586 547 690 596 licet
710 547 830 595 hunc
851 547 1038 595 Latonia
1059 558 1263 613 protegat
1285 547 1440 604 armis;

295 649 316 669 »
346 627 478 674 Hunc
503 636 649 672 tamen
671 622 806 670 invita
829 623 1015 689 perimet
1036 642 1132 671 mea
1155 623 1305 672 dextra
1325 624 1479 671 Diana.
1507 644 1529 666 »

1643 635 1707 684 395

289 702 415 751 Talia
436 700 724 767 magniloquo
749 699 943 748 tumidus
966 690 1276 749 memoraverat
1298 719 1398 771 or9;
1432 746 1434 749 ,

290 779 632 845 Ancipitemque
652 797 784 826 manu
808 776 969 826 tollens
991 789 1177 844 utraque
1202 777 1385 826 securim
1400 815 1412 835 ‚

292 858 518 906 Institerat
539 854 690 919 digitis
707 893 718 913 ,
743 855 911 922 primos
935 873 1174 921 suspensus
1195 855 1242 902 in
1264 864 1398 903 artus.

295 936 496 1001 Occupat
518 932 723 982 audacem
737 970 749 989 ‚
775 951 948 998 quaque
969 943 1036 980 est
1058 932 1125 979 via
1147 932 1345 998 proxima
1368 931 1457 979 leto
1473 968 1485 989 ,

295 1012 474 1060 Summa
495 1011 614 1059 ferus
637 1009 835 1071 geminos
858 1008 1015 1056 direxit
1036 1009 1084 1056 in
1106 1009 1288 1072 inguina
1311 1009 1475 1057 dentes.

1647 1021 1714 1067 4οὉ

296 1088 505 1136 Concidit
524 1088 711 1135 Ancaeus
731 1105 740 1133 ε
762 1085 1086 1150 glomerataque
1110 1086 1321 1148 sanguine
1343 1085 1484 1133 multo

296 1166 474 1213 Viscera
495 1163 618 1230 lapsa
638 1162 783 1210 fluunt
797 1199 808 1219 ‚
833 1161 1159 1228 madefactaque
1186 1174 1298 1211 terra
1318 1181 1470 1211 cruore
1493 1173 1568 1210 cst.

296 1242 395 1291 Ibat
415 1242 462 1289 in
484 1241 735 1296 adversum,
761 1237 908 1304 proles
931 1237 1124 1295 Ixionis,
1153 1239 1323 1288 hostem

298 1374 359 1409 des
374 1386 415 1407 ex
430 1370 679 1406 emendatione
701 1369 886 1404 Schrader-i
899 1396 908 1413 ‚
926 1387 978 1404 πε·-

299 1422 402 1464 ),έκεωξ
423 1428 455 1458 δὲ
474 1428 617 1466 δίστομον
641 1424 730 1456 Γέυυν
747 1420 776 1465 γ’
793 1421 892 1456 ’ἐπ-αλλ’
905 1413 979 1466 Ay-

299 1485 390 1515 καῖος.
409 1475 526 1510 Etiam
539 1475 575 1508 in
590 1480 826 1508 monumento
837 1473 981 1519 Tegeat.

298 1539 477 1574 expressus
496 1532 571 1562 erat
588 1537 671 1560 cum
690 1524 980 1568 bipennidemissa

299 1582 372 1626 jam
395 1578 530 1614 saucius
550 1591 558 1612 z
576 1591 658 1612 eum
676 1577 717 1611 ab
739 1589 822 1622 apro
838 1589 981 1621 percus-

301 1644 379 1666 sum
395 1643 466 1665 esse
482 1656 491 1673 ,
510 1628 731 1676 Pherecydes
744 1640 882 1672 quoque
897 1638 982 1661 nar—

302 1691 439 1720 raverat
455 1699 463 1725 ;
491 1682 698 1718 scholiastes
717 1681 913 1729 Apollonii,
939 1681 956 1715 I
969 1706 978 1724 ,

307 1740 367 1773 188
385 1752 392 1779 ;
421 1735 653 1782 Apollodorus
685 1733 781 1768 addit
813 1733 981 1780 Hyleum.

305 1793 375 1827 Hic
388 1792 483 1826 locus
498 1790 707 1835 proponitur
718 1814 728 1832 ,
741 1795 782 1822 ut
795 1787 982 1833 impietatis

305 1852 340 1879 et
357 1855 502 1887 arrogan
507 1843 562 1877 tiae
572 1841 760 1875 ridiculum
770 1839 980 1885 exemplum,

305 1897 350 1932 ad
367 1896 461 1942 quod
479 1894 707 1940 spectandum
723 1894 833 1928 lector
856 1892 928 1936 jam
944 1892 982 1925 in

306 1947 476 1994 principio
498 1959 581 1980 voce
607 1947 698 1979 Ecce
724 1943 926 1996 advertitur.
941 1960 985 1967 -

305 2002 400 2034 Furit
409 2004 526 2033 contra
541 2010 605 2031 sua
611 1997 696 2041 sala
707 1995 766 2040 qui
784 1994 983 2029 temeritate

307 2064 369 2086 sua
385 2056 465 2084 ante
490 2048 585 2082 diem
609 2054 762 2081 mortem
784 2045 927 2091 oppetit.
942 2062 985 2070 -

258 2128 264 2133 -
312 2104 421 2146 Quid,
442 2107 634 2145 quantum,
650 2111 724 2132 non
740 2098 820 2132 satis
836 2096 985 2131 latinum

306 2154 438 2200 judicat
450 2151 616 2186 Heinsius
630 2150 690 2195 qui
703 2149 821 2184 mallet
830 2160 910 2182 cum
925 2147 985 2181 tri-

309 2207 375 2242 bus
388 2203 498 2239 MSS.
509 2216 616 2247 quam.
634 2202 734 2247 Regii
750 2201 879 2243 nostri,
897 2201 986 2244 quid.

311 2276 355 2284 -
372 2256 545 2291 Concedite
560 2265 623 2299 pro
639 2251 783 2296 simplici
802 2253 917 2286 cedite.

355 2308 429 2354 397.
447 2306 577 2340 Securis
587 2311 621 2339 et
633 2306 783 2347 bipennis
793 2303 986 2347 promiscue

312 2366 495 2407 ponuntur
511 2371 529 2392 a
542 2356 655 2402 poetis
665 2382 674 2399 ‚
693 2367 801 2400 quum
816 2355 986 2400 praecipue

312 2413 417 2456 hujus
437 2423 517 2445 usus
534 2415 622 2444 esset
638 2408 672 2441 in
689 2406 787 2441 bellis
802 2433 811 2450 ‚
843 2406 931 2441 iuius
950 2406 987 2440 in

314 2463 470 2498 victimis.
486 2460 576 2496 Vide
589 2458 765 2494 Drakenb.
781 2457 823 2491 ad
837 2457 962 2491 Silium
975 2483 985 2501 ‚

315 2525 379 2548 xw
394 2540 404 2557 ,
428 2514 501 2556 264.
521 2531 565 2537 —-
584 2512 759 2545 Institerat
770 2511 904 2553 digitis,
923 2516 986 2544 etc.

316 2565 484 2599 Heinsius
500 2564 582 2597 olim
596 2561 732 2596 volebat
744 2562 987 2604 Insu'teratpn'-

318 2619 382 2650 mis
397 2617 513 2658 digitis⁸
523 2641 531 2655 ,
549 2625 728 2657 suspensus
740 2616 776 2646 in
789 2618 883 2646 artus
893 2638 901 2652 ,
920 2612 990 2645 im-

319 2667 488 2714 probante
509 2667 726 2699 Burmanno.
749 2664 867 2699 Nostri
889 2664 989 2709 Regii

319 2717 450 2753 habent
462 2743 470 2759 ‚
490 2729 566 2761 quae
586 2716 664 2749 data
689 2722 740 2751 est
755 2742 764 2759 ,
792 2715 988 2750 lectionem.

320 2766 421 2806 Idem
445 2770 669 2804 Bur-mannus
696 2774 818 2803 monet
834 2794 842 2810 ,
864 2771 990 2812 primos

1041 1376 1135 1405 artus
1151 1384 1222 1406 esse
1238 1370 1366 1416 primas
1384 1371 1563 1415 juncturas
1579 1369 1713 1417 digito-

1040 1433 1122 1454 rum
1137 1421 1173 1455 in
1191 1421 1356 1466 pedibus;
1375 1420 1442 1456 hoc
1459 1422 1554 1456 enim
1569 1421 1714 1460 nomine

1041 1473 1223 1518 significari
1236 1487 1276 1508 ea
1287 1500 1297 1517 ‚
1314 1474 1438 1519 quibus
1446 1475 1605 1509 membra
1614 1487 1715 1510 com-

1042 1526 1227 1560 mittantur
1242 1538 1249 1559 :
1266 1539 1390 1561 verum
1402 1527 1573 1572 juncturis
1589 1527 1653 1562 illis
1663 1539 1715 1562 so-

1041 1577 1082 1612 lis
1091 1589 1164 1611 non
1174 1577 1363 1613 insistimus
1377 1592 1385 1613 :
1397 1579 1544 1615 omnino
1553 1586 1715 1613 extremae

1043 1628 1232 1674 digitorum
1248 1637 1361 1674 partes
1376 1630 1637 1675 intelliguntur3
1656 1630 1716 1675 qui

1042 1681 1090 1714 ita
1119 1687 1185 1715 stat
1199 1707 1208 1724 ,
1234 1694 1412 1726 suspensus
1435 1681 1570 1716 dicitur.
1603 1681 1717 1717 Aliter

1045 1732 1185 1767 AEneid.
1197 1722 1249 1768 lx
1262 1759 1271 1777 ,
1286 1736 1349 1781 749
1360 1760 1370 1778 ,
1387 1736 1556 1768 sublatum
1564 1737 1633 1769 alte
1642 1747 1718 1769 con-

1044 1788 1152 1830 surgit
1163 1789 1200 1820 in
1217 1799 1338 1821 ensem.
1353 1805 1399 1813 —
1413 1786 1639 1821 Burmannus
1649 1812 1659 1830 ,
1673 1786 1718 1821 ad

1046 1837 1124 1871 Art.
1150 1837 1308 1872 Amator.
1337 1838 1355 1872 I
1373 1864 1383 1883 ‚
1415 1838 1481 1873 608
1494 1863 1504 1882 ,
1532 1837 1718 1873 discrimen

1047 1888 1205 1922 observat
1223 1915 1232 1932 ,
1258 1888 1349 1934 quod
1370 1895 1421 1924 est
1443 1889 1537 1924 inter
1558 1891 1718 1923 audacem

1047 1947 1083 1974 et
1093 1942 1276 1976 audentem.
1294 1941 1423 1976 Audax
1434 1947 1484 1976 est
1495 1941 1698 1976 temerarius
1709 1968 1717 1982 ‚

1047 1992 1156 2037 qualis
1171 1992 1236 2027 suit
1250 1993 1400 2028 Ancaeus
1411 2017 1421 2036 ,
1435 2005 1537 2028 versu
1549 1995 1612 2038 407
1633 2006 1641 2028 :
1658 1992 1719 2028 sed

1047 2045 1190 2084 audens,
1209 2043 1307 2078 sortis
1319 2069 1329 2086 ,
1347 2044 1522 2078 animosus
1532 2069 1543 2086 ,
1558 2051 1720 2079 constans

1048 2095 1107 2140 qui
1122 2095 1297 2140 intrepido
1313 2096 1431 2130 animo
1447 2097 1566 2130 omnia
1588 2096 1719 2142 adgre-

1048 2146 1143 2181 ditur
1154 2146 1259 2181 :maie
1268 2146 1385 2192 igitur,
1395 2147 1453 2192 qui
1460 2147 1527 2182 hoc
1534 2148 1609 2182 loco
1617 2149 1721 2194 vulgo

1048 2200 1230 2232 audentem.
1238 2216 1282 2224 —
1294 2199 1461 2243 Occupat,
1475 2199 1570 2244 prior
1578 2200 1719 2235 invadit.

1048 2268 1092 2275 --
1105 2251 1179 2293 Qua
1191 2253 1249 2284 via
1256 2253 1412 2294 proxima
1419 2252 1507 2285 leto:
1524 2251 1609 2286 AEn.
1625 2252 1697 2287 XII
1707 2279 1718 2295 ‚

1051 2304 1113 2346 507
1129 2327 1139 2344 ,
1167 2315 1233 2346 qua
1251 2301 1335 2346 fata
1366 2304 1535 2337 celerrima
1548 2329 1558 2344 ‚
1590 2315 1718 2348 nempe

1051 2355 1132 2398 quia
1143 2354 1296 2388 anterior
1305 2353 1498 2389 abdominis
1507 2367 1584 2399 pars
1590 2355 1720 2390 ossibus

1050 2405 1250 2440 defenditur
1259 2405 1370 2441 nullis.
1382 2405 1499 2440 Etiam
1510 2406 1697 2441 Pausanias
1707 2433 1717 2449 ,

1051 2471 1084 2503 p.
1103 2458 1169 2492 606
1180 2484 1189 2501 ,
1208 2457 1251 2491 de
1268 2457 1398 2492 Ancaeo
1414 2482 1424 2500 ‚
1449 2457 1588 2492 a'zoee'boem
1602 2460 1722 2494 ὑπὲιτόῦ

1052 2513 1109 2549 ὑός.
1126 2510 1258 2543 Femur
1273 2509 1347 2553 ejus
1362 2508 1525 2543 haustum
1544 2522 1615 2544 esse
1631 2509 1721 2544 dixe*

1052 2568 1106 2596 rat
1127 2559 1343 2596 Pherecides.
1368 2559 1486 2594 Verba
1502 2560 1718 2605 madefacta-

1052 2625 1112 2658 que
1128 2619 1191 2646 etc.
1206 2611 1328 2645 melius
1343 2611 1521 2653 abessent;
1539 2611 1605 2646 hoc
1624 2611 1719 2646 enim

1050 2670 1174 2710 sponte
1182 2661 1289 2697 intelli
1293 2662 1393 2707 gitur.
1399 2664 1626 2706 Gzcriqerrat3
1637 2676 1718 2698 nam

1049 2717 1080 2754 si
1099 2717 1235 2758 sanguis·
1251 2716 1373 2758 mulius
1380 2716 1463 2758 fluit
1476 2742 1485 2756 ‚
1509 2727 1645 2750 necesse
1668 2722 1718 2750 est

1054 2775 1182 2802 terram
1197 2766 1261 2800 hoc
1275 2766 1348 2810 ipso
1364 2766 1552 2803 madefieri.
1568 2768 1632 2801 Ed.
