1820 3106
331 220 1062 268 METAMORPHOSEON
1103 223 1235 268 LIB.
1278 224 1391 271 XV.

1498 225 1586 283 543

147 314 372 376 Dissidet,
397 327 443 365 et
462 315 601 365 variat
627 315 847 364 sententia
866 334 876 364 ε
896 333 1089 382 parsque
1110 315 1382 380 negandum'

147 396 253 444 Non
273 405 404 462 putat
425 391 640 443 auxilium
663 412 673 441 ε
692 392 827 444 multi
853 411 1062 453 renuere,
1088 412 1304 462 suamque

147 475 254 524 Non
277 473 477 523 emittere
502 491 659 539 opem,
679 490 760 521 nec
782 471 968 521 numina
991 471 1163 521 tradere
1188 472 1388 522 suadent.

1523 490 1592 524 (350

147 554 270 602 Dum
293 551 528 610 dubitant,
556 570 697 601 seram
717 549 930 619 pepulere
957 549 1218 617 crepuscula
1241 543 1385 602 lucem
1400 590 1415 613 ,

146 629 406 697 Umbraque
429 628 602 679 telluris
626 630 831 680 tenebras
853 628 1088 678 induxerat
1110 629 1211 678 orbi
1234 649 1244 678 :

146 708 301 775 Quum
320 709 446 758 Deus
466 709 516 759 in
540 709 708 759 somnis
732 709 877 776 opifer
895 708 1139 759 consistere
1162 709 1285 759 visus

144 786 264 836 Ante
289 797 417 835 tuum
432 823 445 845 ‚
471 787 672 835 Romane
688 824 700 846 ‚
726 798 877 835 torum
899 805 908 834 :
930 785 1008 834 sed
1033 774 1177 852 qualis
1198 785 1246 833 in
1268 786 1359 835 aede

145 865 256 914 Esse
280 863 422 923 solet;
447 864 748 933 baculumque
769 878 926 914 tenens
949 875 1124 928 agreste
1147 864 1328 913 sinistra

1524 880 1592 915 655

147 942 381 1001 Caesariem
403 942 549 1008 longae
572 943 725 993 dextra
749 943 966 993 deducere
988 942 1142 991 barbae
1162 979 1174 1001 ‚

145 1021 208 1070 Et
229 1020 407 1088 placido
431 1021 539 1072 tales
561 1022 758 1072 emittere
781 1033 965 1089 pectore
987 1039 1119 1070 voces
1137 1040 1147 1068 :

150 1121 175 1142 «
202 1099 327 1149 Pone
348 1112 522 1160 metus;
545 1101 744 1160 veniam3
766 1098 1094 1166 simulacraque
1113 1109 1267 1147 nostra
1287 1097 1559 1166 relinquam:

149 1198 175 1220 »
202 1177 337 1228 Hunc
358 1178 494 1228 modo
519 1191 770 1247 serpentem
784 1216 797 1238 ‚
819 1177 1034 1227 baculum
1062 1177 1140 1245 qui
1163 1176 1354 1226 nexibus
1377 1177 1519 1227 ambit
1533 1215 1546 1235 ‚

145 1293 222 1339 491.
243 1292 356 1327 Sortes
377 1293 495 1327 dicunt
520 1298 556 1327 et
579 1290 658 1326 alibi
683 1290 813 1338 legitur
822 1318 833 1336 ,

144 1350 316 1379 monente
331 1344 491 1380 Heinsio.
507 1345 591 1381 Non
609 1351 730 1380 tamen
746 1344 835 1379 Bur-

144 1410 299 1434 mannus
316 1392 452 1444 spernit
467 1399 656 1434 lectionem
675 1397 834 1432 nonnul-

146 1450 262 1485 lorum
281 1450 381 1487 MSS
394 1477 404 1496 ,
415 1458 525 1487 certas
535 1453 694 1487 addicere
702 1458 809 1486 sortes
819 1462 834 1494 ‚·

146 1515 231 1538 narn
242 1505 400 1539 addicere
414 1504 565 1539 verbum
581 1504 617 1538 in
628 1503 693 1538 hac
704 1517 742 1539 re
754 1516 837 1549 pro-

146 1556 410 1603 prium.—-Reg.
418 1564 539 1592 noster
548 1557 579 1592 A
589 1557 695 1592 habet
706 1563 849 1608 certant·

145 1611 321 1645 addiscere
327 1615 456 1652 sortes‚·
474 1609 584 1645 codex
598 1610 629 1644 B
647 1616 777 1644 certant
786 1613 837 1645 ita

145 1663 256 1697 dicere
262 1669 380 1698 sortes.
394 1663 556 1698 Verbum
571 1669 718 1702 certant,
736 1662 773 1697 id
785 1669 838 1698 est
856 1690 858 1692 -

146 1714 369 1758 contendunt
378 1741 388 1759 ,
404 1714 547 1762 plurimi
558 1714 723 1750 exhibent
738 1729 746 1750 :
758 1715 836 1750 lec-

147 1766 283 1802 tionem
292 1775 422 1803 certant
429 1770 587 1803 addicere
596 1767 838 1804 defenderunt

147 1818 308 1865 Raphael
326 1819 458 1866 Regius
471 1847 482 1864 ‚
513 1819 688 1864 Ciosanus
712 1821 838 1856 Hein—

148 1871 287 1918 siusque
302 1885 312 1915 ;
328 1885 478 1919 eamque
502 1886 622 1908 veram
647 1881 770 1919 putare
788 1873 839 1910 sas

150 1929 331 1969 est‚quum
341 1924 378 1959 in
389 1925 572 1971 permultis
582 1927 791 1971 reperiatur,
803 1933 840 1962 et

148 1977 313 2013 nonnulli
326 1985 466 2014 tantum
474 1988 585 2016 certas
595 1980 731 2016 habean
737 1989 759 2015 t.
772 1983 838 2015 Ed.

193 2029 269 2074 648.
291 2031 452 2067 Dissidet
470 2037 664 2076 sententia‚‘
691 2033 771 2068 vide
795 2032 839 2068 ad

150 2093 240 2117 vers.
262 2096 314 2129 ²7-
330 2101 375 2111 —-
387 2085 459 2120 Pro
474 2090 622 2121 emittere
636 2099 731 2130 opem
749 2086 840 2120 Bur-

151 2147 305 2172 mannus
313 2136 412 2173 malit
421 2142 574 2174 amittere
582 2152 675 2185 opem
686 2151 727 2174 ex
739 2138 841 2174 Oxo-

151 2186 266 2223 niensi
283 2215 293 2233 ,
316 2197 442 2235 quarto
459 2189 624 2226 Mediceo
641 2218 651 2234 ‚
673 2191 840 2226 Aronde-

151 2239 247 2277 liano
257 2249 439 2289 etpeptem
452 2243 524 2278 aliis
537 2270 546 2287 ,
564 2243 645 2289 quia
658 2256 738 2278 mox
747 2249 840 2279 emit-

151 2299 220 2330 tere
234 2294 404 2340 sequitur.
416 2314 459 2322 —
469 2296 652 2331 Ambobus
668 2298 703 2331 in
722 2297 840 2343 Regiis

153 2355 205 2384 est
220 2351 377 2383 emittere.
388 2366 431 2374 —
441 2350 522 2383 Sera
536 2351 597 2383 luz·
608 2375 616 2389 ‚
636 2348 758 2383 ultima
770 2349 842 2384 diei

153 2411 243 2445 pars.
262 2399 382 2435 Etiam
398 2412 540 2435 versum
557 2409 766 2445 sequentem
782 2402 842 2447 ju-

154 2450 250 2495 gulat
259 2452 427 2487 Heinsius
439 2479 448 2496 ,
466 2459 570 2498 atque
582 2452 771 2499 frigiditate
779 2467 841 2488 sua

156 2503 288 2539 ovidio
313 2505 501 2551 indignum
525 2506 741 2551 pronuntiat.
768 2506 841 2541 Sed

156 2558 272 2594 abesse
293 2571 368 2594 non
385 2566 498 2606 potest
518 2574 526 2600 ;
552 2558 842 2604 quandoquidem

155 2609 318 2646 homines
341 2614 534 2656 crepusculi
555 2619 715 2657 tempore
742 2624 842 2646 non-

156 2661 244 2698 dum
261 2663 454 2699 dormiunt.
482 2664 632 2699 Ovidius
655 2664 721 2699 tria
742 2671 843 2698 tem-

156 2725 241 2759 pora
257 2729 293 2751 se
311 2717 517 2762 excipientia
537 2717 690 2751 indicare
710 2717 842 2761 voluit,

157 2779 271 2801 seram
301 2767 415 2803 lucem
437 2794 448 2811 ‚
475 2769 675 2813 crepuscula
692 2794 702 2813 ‚
732 2769 843 2814 ipsam

903 1295 1048 1325 noctem
1062 1302 1071 1332 ;
1089 1288 1146 1324 cui
1159 1288 1281 1324 similis
1291 1301 1340 1323 vs.
1352 1288 1418 1324 663
1428 1302 1453 1324 s.
1466 1289 1593 1335 Neque

899 1341 1026 1388 frigide
1043 1348 1188 1376 noctem
1207 1340 1384 1386 expressit.
1406 1340 1460 1375 Ea
1477 1343 1595 1375 umbra

899 1395 1027 1441 passim
1045 1394 1113 1431 dici
1130 1395 1219 1430 solet
1233 1409 1241 1437 ;
1255 1393 1402 1430 AEneid.
1415 1394 1493 1439 111,
1508 1396 1593 1443 589,

900 1449 1164 1494 Humentemque
1189 1449 1327 1483 Aurora
1341 1449 1425 1492 polo
1447 1449 1596 1483 dimove-v

899 1510 956 1539 rat
970 1506 1131 1538 umbram.
1152 1502 1250 1538 Tum
1267 1504 1424 1538 inducere
1440 1505 1595 1537 tenebras

899 1560 997 1593 rebus
1014 1557 1106 1604 apud
1124 1557 1240 1604 ipsum
1257 1557 1430 1594 Nostrum
1451 1556 1592 1603 legitur,

901 1611 939 1647 11
954 1638 963 1655 ,
983 1611 1003 1645 3
1030 1613 1060 1646 5.

944 1625 1027 1699 6555.³
1038 1664 1209 1698 Baculum
1219 1668 1352 1708 agreste
1362 1675 1373 1698 .·
1385 1662 1465 1698 vide
1481 1661 1524 1697 ad
1537 1662 1574 1698 Π
1584 1688 1594 1705 ,

901 1717 979 1753 68ι.
1009 1717 1182 1752 Bacillum
1211 1716 1362 1751 habebat
1387 1715 1566 1751 nodosum
1584 1742 1595 1759 ‚

903 1770 997 1816 quod
1013 1769 1262 1805 difficultatem
1274 1769 1357 1804 artis
1369 1767 1595 1815 significabat.

902 1841 946 1848 -
964 1824 1127 1857 Caesaries
1154 1824 1287 1863 barbae,
1313 1821 1431 1856 barba.
1459 1819 1595 1857 Minui.

903 1874 1000 1909 Felix
1012 1900 1021 1917 ,
1037 1888 1054 1904 «
1070 1873 1291 1918 AEsculapius
1304 1873 1395 1907 bene
1406 1872 1571 1907 barbatus
1585 1897 1596 1915 ‚

905 1941 923 1957 υ
942 1926 1005 1960 etsi
1022 1938 1164 1971 semper
1181 1924 1411 1960 adolescentis
1423 1923 1597 1970 Apollinis

907 1993 925 2009 »
944 1978 1047 2012 filius.
1065 1993 1081 2008 »
1102 1977 1290 2012 Interdum
1314 1983 1435 2011 tamen
1460 1982 1497 2011 et
1519 1976 1596 2010 im·-

903 2030 1020 2065 berbis
1045 2029 1298 2072 exhibebatur-3
1331 2027 1526 2075 Spanhem.
1551 2028 1596 2062 de

906 2084 984 2119 Usu
1002 2090 1038 2117 et
1058 2083 1177 2117 Praest.
1195 2095 1295 2116 num.
1312 2095 1344 2127 p.
1366 2083 1438 2116 181.
1459 2081 1507 2115 Et
1524 2093 1598 2115 om-

903 2138 992 2171 nino
1012 2135 1106 2170 varie
1130 2135 1341 2181 fingebatur.
1366 2132 1598 2179 Epidauriam

873 2232 882 2239 ι
906 2189 982 2233 eius
999 2188 1193 2233 imaginem
1205 2186 1370 2222 describit
1384 2185 1575 2221 Pausanias
1587 2211 1596 2227 ‚

906 2241 940 2276 11
957 2267 966 2284 ,
985 2254 1035 2286 27.
1056 2240 1098 2274 ln
1115 2239 1202 2274 solio
1219 2239 1346 2274 sedens
1364 2238 1470 2273 altera
1487 2249 1598 2272 manu

905 2293 1068 2328 baculum
1096 2292 1240 2326 tenebat
1255 2318 1264 2335 ,
1294 2292 1403 2326 altera
1426 2289 1598 2336 serpentis

905 2354 1008 2392 caput
1025 2346 1210 2392 premebat
1223 2371 1233 2389 ‚
1250 2357 1337 2379 cane
1357 2344 1401 2378 ad
1422 2343 1528 2390 pedes
1545 2345 1600 2389 ja-

906 2407 1020 2435 cente.
1029 2400 1183 2434 Barbam
1192 2398 1389 2434 secundum
1398 2397 1582 2433 Albricum
1589 2424 1598 2441 ,

907 2453 951 2488 de
964 2453 1127 2488 Deorum
1143 2453 1274 2498 lmagg.
1288 2466 1331 2487 20
1342 2478 1352 2495 ,
1370 2452 1493 2486 dextra
1509 2457 1600 2486 tene-

906 2509 991 2548 bat‚·
1014 2507 1075 2542 sed
1098 2507 1228 2542 Noster
1243 2506 1370 2540 maluit
1386 2508 1523 2539 barbam
1542 2506 1599 2538 de-

907 2562 1027 2593 ducere
1041 2572 1143 2593 manu
1158 2571 1242 2603 pro,
1258 2569 1406 2592 manum
1423 2555 1598 2591 deducere

906 2613 945 2646 in
963 2611 1069 2645 barba
1084 2609 1322 2655 adprehensa:
1335 2610 1390 2645 lv
1404 2636 1414 2653 ‚
1433 2609 1472 2643 31
1482 2623 1495 2643 1
1508 2634 1519 2653 ,
1537 2609 1599 2643 de-

908 2665 1028 2698 ducere
1039 2667 1176 2708 pectine
1188 2666 1309 2697 crines.

955 2717 1031 2764 659.
1065 2717 1206 2761 Serpens
1238 2715 1340 2751 datus
1368 2714 1570 2760 lF-sculapio
1587 2739 1596 2755 ,

911 2768 1005 2813 quod
1030 2767 1334 2815 vigilantissimum
1364 2775 1416 2803 est
1442 2764 1572 2803 animal
1587 2791 1593 2804 ,
