1820 3106
326 259 1018 310 METAMORPHOSEON
1057 262 1188 306 LIB.
1223 262 1381 307 VIII.
1519 263 1570 319 41

148 358 307 426 Coepta
328 367 486 424 quater
508 356 685 404 tenuits
700 367 905 423 pugnant
926 368 1153 423 materque
1175 375 1389 424 sororque
1402 395 1413 415 ‚

144 438 199 486 In
219 435 389 484 diversa
411 433 595 482 trahunt
618 452 758 482 unum
780 434 870 482 duo
894 434 1078 484 nomina
1096 446 1253 502 pectus
1273 456 1283 485 ε

147 514 269 581 Saepe
290 524 414 562 metu
437 511 614 561 sceleris
638 511 864 579 pallebant
886 531 963 561 ora
983 512 1124 561 futuri
1143 532 1154 571 ;

1514 527 1579 574 465⁵

146 591 272 659 Saepe
288 610 429 640 suum
449 590 623 639 fervens
648 589 790 639 oculis
816 590 950 639 dabat
972 591 1036 639 ira
1057 591 1270 640 ruborem
1291 612 1301 641 :

145 671 207 719 Et
227 669 364 719 modo
389 669 538 719 nescio
564 669 674 737 quid
696 668 852 718 similis
875 668 1051 718 crudele
1073 669 1262 718 minanti

146 747 312 797 Vultus
335 759 453 806 erat;
477 747 617 796 modo
639 766 771 814 quem
793 747 993 797 misereri
1016 748 1193 798 credere
1215 767 1371 816 posses
1393 768 1404 808 ;

147 825 392 893 Quumque
411 826 533 876 ferus
556 825 758 876 lacrimas
780 827 916 875 animi
940 826 1175 876 siccaverat
1193 827 1326 875 ardor
1343 864 1354 885 ‚

145 905 493 955 Inveniebantur
515 904 704 955 lacrimae
725 918 872 955 tamen
893 926 902 954 :
922 918 1061 974 utque
1084 906 1229 954 carina
1242 944 1255 965 ,

147 983 298 1048 Quam
317 995 476 1034 ventus
491 1021 504 1043 ‚
528 995 751 1051 ventoque
773 985 892 1052 rapit
916 985 1166 1034 contrarius
1189 997 1321 1034 aestus
1336 1023 1347 1042 ‚

145 1062 251 1110 Vim
276 1062 495 1124 geminam
519 1061 654 1110 sentit
668 1098 680 1120 ‚
703 1073 915 1130 paretque
939 1062 1106 1111 incerta
1129 1062 1328 1111 duobus:

146 1140 355 1189 Thestias
376 1140 498 1206 haud
521 1139 649 1188 aliter
671 1140 821 1189 dubiis
845 1140 1093 1189 adfectibus
1121 1152 1261 1199 errat,

148 1220 293 1286 Inque
315 1219 456 1268 vicem
477 1219 635 1286 ponit,
659 1219 940 1286 positamque
963 1219 1196 1267 resuscitat
1217 1203 1357 1267 iram.'‘

150 1297 316 1364 Incipit
339 1317 434 1346 esse
458 1309 604 1347 tamen
626 1297 785 1346 melior
808 1316 1014 1360 germana
1038 1308 1244 1363 parente:
1524 1309 1589 1355 475

151 1376 236 1434 Et,
260 1376 609 1439 consanguineas
633 1388 685 1424 ut
706 1376 920 1440 sanguine
943 1374 1080 1424 leniat
1102 1375 1283 1423 umbras
1298 1411 1310 1430 ,

153 1453 385 1521 Impietate
406 1455 483 1521 pia
503 1466 571 1504 est
591 1475 601 1502 ε
620 1474 722 1503 nam
745 1466 985 1521 postquam
1008 1452 1192 1520 pestifer
1210 1452 1328 1516 ignis

154 1532 416 1591 Convaluit;
443 1556 467 1577 «
494 1535 654 1596 Rogus
678 1533 762 1582 iste
784 1544 946 1583 cremet
966 1551 1062 1581 mea
1083 1532 1269 1591 viscera,
1300 1554 1323 1574 n
1347 1530 1460 1579 dixit
1484 1551 1492 1578 :

153 1611 305 1678 thue
327 1630 462 1660 manu
485 1610 579 1660 dira
601 1610 775 1674 lignum
797 1610 928 1661 fatale
953 1611 1155 1670 tenebat,

152 1745 229 1780 loco
243 1744 403 1781 inhibere
415 1772 425 1791 ‚
443 1758 518 1781 non
533 1745 838 1793 perficere—Ma-

151 1804 204 1832 ter
221 1810 375 1843 sororque
384 1825 392 1839 ,
420 1797 576 1834 adfectus
598 1806 781 1834 maternus
804 1806 840 1834 et

152 1850 307 1885 sororius
323 1875 334 1894 ,
360 1849 421 1896 qui
440 1849 595 1886 adfectus
610 1851 683 1896 jam
702 1855 841 1887 nomina

153 1909 346 1947 vocantur,
362 1909 399 1938 et
414 1915 503 1938 vers.
521 1905 608 1946 5083
627 1903 679 1948 X,
692 1905 766 1949 346.
777 1906 842 1939 So-

153 1969 260 1991 rorem
276 1956 410 2001 adjuvit
425 1955 548 1991 odium
565 1957 601 1991 in
621 1957 735 1992 filium
753 1971 841 1993 con-

154 2016 298 2057 ceptum
307 2017 432 2045 contra
441 2015 580 2045 matrem
587 2037 595 2051 ‚
615 2009 790 2046 adfectum
805 2011 840 2046 il-

156 2062 230 2097 lum
247 2062 446 2098 naturalem
459 2089 469 2108 ‚
487 2075 559 2109 quo
574 2063 741 2099 seruntur
756 2077 843 2099 ma-

158 2123 230 2152 tres
240 2117 277 2152 in
286 2117 530 2153 liberos.-In
545 2120 693 2159 diversa,
712 2131 842 2164 nempe

157 2169 311 2205 consilia.
335 2170 462 2216 Pugna
491 2170 648 2216 primum
677 2183 751 2205 non
777 2171 843 2206 nisi

158 2221 258 2256 vultu
274 2234 311 2256 se
327 2221 455 2266 prodit.
470 2241 514 2248 -—
526 2223 627 2257 Suum
638 2250 647 2263 ‚
675 2223 735 2257 irae
752 2236 843 2269 pro—

159 2273 287 2320 prium.
313 2272 493 2308 Iratorum
511 2274 608 2308 enim
626 2278 721 2310 oculi
730 2275 845 2310 solent

160 2324 299 2368 ardere,
310 2331 346 2359 et
356 2337 427 2370 prae
441 2324 566 2360 ardore
576 2329 753 2362 rubescere.
771 2327 846 2362 Re-

161 2377 237 2424 gius
248 2377 281 2412 A
295 2389 359 2426 pro
372 2379 520 2412 ruborem
532 2377 637 2412 habet
649 2381 801 2414 colomm-

205 2426 281 2476 4'71.
291 2429 453 2465 amun...
464 2436 562 2464 errat.
574 2429 709 2475 AEstus,
720 2430 847 2466 fluctus

160 2482 331 2517 commoti
348 2482 475 2517 maris:
493 2482 560 2516 111.
577 2481 686 2517 Trist.
708 2493 739 2516 11
753 2508 763 2526 ,
785 2485 823 2517 15
835 2508 844 2526 ,

162 2535 412 2570 oenttkdubius
424 2534 594 2579 jactabar
608 2541 643 2569 et
658 2536 767 2569 undis.
789 2533 848 2569 Sic

162 2588 267 2621 dubia
274 2590 382 2628 παρὰ,
398 2587 476 2621 Art.
488 2587 606 2622 Amat.
618 2586 674 2630 11,
688 2587 762 2630 514.
775 2586 847 2621 Sed

162 2638 231 2673 hoc
246 2638 324 2673 loco
339 2639 598 2684 dubiiadsectus
610 2645 692 2673 sunt
707 2645 850 2673 contra-

163 2691 226 2734 rii,
246 2691 340 2726 inter
350 2703 437 2737 quos
447 2691 519 2737 ipsa
531 2691 635 2726 dubia
647 2691 849 2727 fluctuabat.

168 2742 286 2777 Etiam
297 2756 405 2778 errare
415 2756 435 2778 a
445 2743 666 2789 navigatione
678 2742 828 2789 petitum
839 2769 848 2787 ,

167 2795 226 2831 ubi
241 2795 338 2832 navis
352 2804 460 2842 errat,
478 2809 556 2843 quae
567 2797 636 2833 huc
647 2797 730 2832 illuc
743 2797 851 2843 agita-

904 1754 1018 1782 tur.—
1025 1748 1100 1782 Vim
1110 1748 1301 1792 geminam7·
1318 1743 1496 1790 duplicem
1509 1743 1592 1777 vio-

907 1800 1053 1836 lentiam
1071 1807 1107 1835 et
1123 1799 1219 1834 venti
1233 1806 1269 1834 et
1282 1805 1383 1834 aestus
1398 1797 1513 1832 maris.
1527 1797 1593 1831 Ed.

949 1853 1024 1898 476.
1036 1853 1206 1897 Sanguine
1215 1851 1402 1885 noxiorum
1415 1848 1595 1895 parentari

906 1904 1175 1939 interfectorum
1183 1903 1317 1938 umbris
1325 1901 1544 1938 credebatur.
1555 1901 1594 1936 Si

906 1964 1026 1992 autem
1042 1956 1156 1991 verbis
1171 1958 1441 2000 consanguineas
1450 1961 1487 1989 et
1502 1967 1594 1989 san-

902 2013 1005 2054 gaiae
1018 2008 1141 2043 ludere
1158 2008 1287 2054 yoluit,
1304 2007 1454 2053 ineptiit.
1465 2008 1595 2040 —Im—

902 2065 1031 2106 pietate
1040 2065 1104 2105 pia
1117 2066 1177 2096 est.
1196 2061 1278 2096 Hoc
1293 2072 1464 2108 oxymoro
1479 2059 1598 2094 delec—

910 2121 1005 2149 tatur
1020 2114 1150 2149 Noster
1168 2125 1176 2148 :
1193 2113 1269 2157 111,
1291 2115 1310 2148 5
1325 2128 1333 2155 ;
1353 2113 1426 2147 VII
1439 2139 1448 2156 ,
1467 2112 1597 2159 339.—

913 2167 1110 2210 Com’aluit5
1126 2173 1198 2201 tres
1210 2192 1219 2210 ‚
1241 2168 1408 2208 involutas,-
1430 2164 1570 2210 plurimi
1586 2190 1595 2207 ‚

914 2221 1104 2260 concaluit,
1125 2225 1165 2253 ut
1179 2217 1303 2253 Codex
1315 2217 1446 2263 Regius
1456 2217 1487 2251 A
1501 2231 1510 2259 ;
1531 2215 1599 2250 Co-

911 2271 977 2309 dex
992 2272 1021 2306 Β
1032 2298 1041 2316 ,
1066 2273 1252 2306 ΟοηνὰΙιιιῖ.
1268 2272 1504 2306 concalescere
1520 2269 1601 2303 dici-

911 2331 971 2359 tur
997 2323 1086 2370 ignis
1098 2351 1107 2366 ‚
1131 2337 1242 2369 quum
1269 2323 1521 2358 alimentorum
1547 2326 1599 2355 sat

913 2378 1045 2425 accipit.
1061 2397 1106 2404 —
1124 2381 1242 2423 Bogus
1262 2378 1414 2425 graviter
1438 2383 1471 2411 et
1492 2388 1598 2411 com-

912 2431 1018 2466 mode
1034 2437 1181 2465 vocatur
1197 2430 1253 2465 illa
1270 2431 1448 2476 lignorum
1461 2434 1572 2463 strues
1587 2455 1601 2471 ,

914 2495 991 2528 quae
1008 2495 1090 2518 cum
1107 2483 1222 2528 stipite
1242 2482 1348 2516 etiam
1361 2480 1475 2515 filium
1488 2479 1601 2525 perdi-

915 2541 994 2569 tura
1007 2542 1043 2569 et
1059 2534 1155 2580 quasi
1166 2540 1365 2567 crematura
1374 2539 1511 2567 erat.—
1521 2533 1601 2567 Cre-

914 2593 982 2621 met
996 2599 1071 2620 mea
1087 2588 1239 2628 viscera‚·
1264 2596 1331 2619 vox
1350 2595 1498 2619 summae
1515 2582 1577 2617 irae
1588 2608 1598 2625 ,

916 2650 992 2683 quae
1005 2650 1051 2672 ne
1066 2637 1276 2683 cogitatione
1290 2636 1433 2682 quidem
1450 2635 1578 2670 suroris
1591 2660 1601 2678 ‚

917 2702 987 2735 quo
1005 2690 1041 2724 in
1059 2702 1120 2725 sua
1140 2689 1247 2735 ipsius
1263 2690 1394 2724 viscera
1417 2688 1578 2723 saeviebat
1590 2714 1600 2729 ,

915 2743 1070 2778 coerceri
1093 2743 1217 2789 potuit.
1229 2761 1275 2770 —
1290 2745 1429 2777 Viscera
1445 2754 1519 2776 mea
1529 2768 1537 2783 ,
1559 2740 1604 2775 st-

915 2796 1001 2832 lium
1018 2809 1150 2832 meum.
1169 2795 1260 2831 Vide
1279 2795 1323 2831 ad
1341 2795 1394 2839 V,
1417 2795 1466 2829 18.
