1820 3106
247 274 335 336 490

618 276 670 319 P.
713 272 952 322 OVIDII.
984 275 1290 323 NASONIS

251 389 276 411 >³
303 367 468 418 Dixisti
488 387 498 416 τ
518 378 611 416 rata
633 368 692 416 sit
711 369 947 418 verborum
967 388 1135 418 summa
1160 381 1350 419 tuorum.
1376 392 1400 414 n

1595 383 1668 422 ans

250 446 421 495 Adnuit
444 448 738 513 Omnipotens
752 485 764 505 ,
791 459 833 495 et
855 447 1050 501 nubibus
1071 467 1167 496 aera
1189 449 1311 498 caecis

253 520 462 570 Occuluit
479 560 490 580 ‚
514 522 792 589 tonitruque,
819 535 862 571 et
883 523 1054 586 fulgure
1079 525 1234 572 terruit
1258 524 1438 572 Urbem.

250 597 364 660 Quae
387 597 473 645 sibi
494 598 719 663 promissae
741 598 878 647 sensit
901 598 1000 646 data
1022 598 1146 660 signa
1166 599 1354 665 rapinae,

249 673 522 740 Innixusque
543 675 697 733 hastae,
719 695 896 742 pressos
919 687 1092 724 temone
1114 688 1294 725 cruento

250 749 503 815 lmpavidus
525 751 778 799 conscendit
802 769 938 816 equos
965 751 1207 809 Gradivus,
1231 763 1274 799 et
1296 752 1386 801 ictu

1595 768 1664 803 820

251 827 461 875 verberis
485 828 724 895 increpuit,
747 849 1025 895 pronumque
1046 847 1125 895 per
1147 849 1243 878 aera
1265 829 1414 897 lapsus

257 903 469 951 Constitit
487 904 534 951 in
557 923 728 952 summo
749 905 972 953 nemorosi
995 904 1106 953 colle
1128 905 1269 953 Palati
1288 925 1299 954 :

253 979 612 1047 Reddentemque
637 1000 718 1030 suo
740 981 827 1045 jam
845 981 966 1044 regia
986 981 1085 1046 jura
1108 982 1275 1045 Quiriti

252 1058 455 1106 Abstulit
476 1058 670 1108 Iliaden:
696 1078 855 1125 corpus
880 1059 1062 1108 mortale
1086 1079 1166 1127 per
1189 1079 1314 1109 auras

253 1135 488 1204 Dilapsum
514 1148 664 1197 tenues
678 1175 690 1195 ,
716 1157 795 1186 ceu
817 1137 904 1202 lata
926 1138 1134 1204 plumbea
1155 1139 1292 1187 funda

1597 1153 1668 1190 825

253 1215 391 1264 Missa
415 1215 527 1264 solet
542 1215 691 1264 medio
713 1215 838 1279 glans
860 1217 1129 1266 intabescere
1150 1216 1266 1267 caelo.

254 1332 478 1376 coelz'Templa.
488 1331 604 1367 Etiam
613 1331 702 1378 apud
712 1332 927 1375 Lucretium,

258 1384 272 1417 1
286 1409 295 1425 ,
311 1385 407 1431 1089,
422 1384 468 1428 V,
483 1399 545 1431 770
556 1411 565 1428 ,
580 1387 703 1419 coerula
713 1387 832 1420 coelt'et
840 1399 929 1420 mun-

255 1437 485 1470 abt—Summa
494 1439 661 1470 verborum
673 1463 682 1477 ,
702 1437 806 1471 verba
818 1451 826 1480 3
840 1437 930 1471 Fast.

257 1485 290 1519 d.
308 1486 328 1520 l.
341 1490 413 1520 sint
420 1494 497 1521 rata
508 1490 600 1521 dicta
609 1490 717 1522 Jomte.

299 1538 373 1572 816.
385 1541 501 1580 Coecis,
518 1539 669 1573 obscuris
679 1565 688 1583 ,
706 1546 745 1574 ut
754 1552 843 1574 coeca
852 1553 928 1580 nox,

256 1602 345 1623 caeca
359 1593 470 1635 caltgo
486 1597 550 1625 etc.
561 1591 647 1624 Mox
665 1590 835 1625 Ciofanus
849 1603 931 1635 prae-

255 1641 326 1675 fert
336 1645 452 1676 terruit
463 1645 570 1676 orbem
580 1669 588 1682 ‚
609 1650 751 1688 propter
763 1643 853 1676 Fast.
866 1642 899 1675 d.
911 1642 931 1676 Ι.

253 1694 387 1736 Jupiter
404 1695 569 1727 adnuerat
590 1706 600 1727 :
615 1701 696 1728 nutu
722 1693 933 1736 tremefactus

257 1750 387 1789 uterque
409 1746 475 1778 Est
492 1748 601 1789 polus.
628 1746 678 1779 At
701 1745 735 1779 h.
754 1745 775 1779 l.
795 1752 933 1790 praestat

255 1801 364 1833 urbem
374 1806 517 1844 propter
530 1800 626 1835 MSS
640 1800 934 1835 auctoritatem.—

260 1849 470 1895 Complures
487 1851 629 1896 quidem
647 1851 814 1886 Heinsius
836 1858 933 1886 notat

258 1902 392 1937 codices
407 1902 444 1937 in
460 1903 584 1948 quibus
595 1903 676 1949 legit
685 1906 794 1937 urbem
806 1915 818 1945 ;
831 1904 933 1937 ambo

257 1961 375 1988 autem
397 1956 506 1990 nostri
524 1956 623 2001 Regii
641 1956 725 1990 dant
743 1959 851 1991 orbem
863 1984 871 1998 ‚
899 1964 934 1991 et

259 2008 344 2042 mihi
358 2016 451 2043 certe
464 2009 603 2044 videtur
612 2009 871 2055 significavisse,
887 2011 934 2044 ita

258 2061 381 2096 caelum
400 2062 551 2096 tonuisse
571 2069 610 2096 ut
626 2062 806 2097 universus
822 2070 935 2097 terra-

258 2126 339 2147 rum
358 2113 449 2148 orbis
466 2126 567 2148 ruere
583 2114 672 2148 visus
683 2115 726 2149 sit
743 2127 750 2148 :
766 2114 861 2149 idem
873 2115 935 2149 do-

258 2171 314 2198 cet
327 2164 455 2199 Livius.
470 2166 666 2208 Ed.—Quoe
679 2167 822 2199 sz'bt‘etc.
838 2165 935 2200 Mars

260 2216 385 2260 sentit,
413 2216 466 2251 his
484 2216 588 2262 signis
603 2216 747 2251 concedi
763 2217 825 2251 sibi
847 2217 932 2260 hoc,

259 2276 299 2304 ut
312 2270 505 2304 Romulum
522 2283 540 2304 e
556 2269 656 2304 terris
669 2278 798 2314 raptum
810 2269 936 2305 inferat

259 2320 351 2356 caelo.

303 2374 378 2420 819.
401 2375 539 2408 Pressas
554 2379 681 2408 temone
697 2385 760 2418 pro
771 2400 781 2417 ,
798 2373 935 2418 junctos

262 2425 390 2459 currui.
401 2426 471 2459 Pro
487 2438 590 2458 curru
606 2425 719 2470 posuit
736 2432 913 2459 temonem
924 2450 932 2466 ,

261 2477 320 2520 qui
336 2483 371 2510 et
378 2479 500 2520 premit
507 2490 610 2521 equos
626 2483 660 2511 et
673 2476 714 2510 ab
725 2476 764 2511 iis
770 2478 935 2519 premitur.

261 2529 316 2562 Ita
332 2528 453 2563 melius
468 2534 551 2573 puto
563 2554 571 2570 ,
588 2540 692 2572 qnam
709 2541 789 2562 cum
801 2527 936 2561 Grono-

260 2581 317 2614 vio
335 2580 370 2614 in
387 2580 534 2614 Diairih.
551 2581 638 2614 Stat.
657 2594 688 2625 p.
707 2582 766 2624 401
786 2606 795 2623 ,
814 2592 937 2614 emen-

262 2631 344 2665 dare
362 2656 371 2674 ‚
395 2644 535 2674 prensos
556 2637 703 2671 temone,
730 2633 746 2677 (
767 2638 869 2676 atque
889 2631 935 2664 ita

262 2690 380 2727 postea
405 2683 442 2717 in
466 2696 539 2717 uno
559 2683 628 2717 MS
653 2683 785 2717 Moreti
808 2682 936 2728 reperit

261 2733 534 2779 Burmannus),
549 2734 652 2780 idque
668 2734 798 2769 dictum
815 2741 935 2779 putare

262 2797 326 2829 pro
336 2799 478 2831 prensos
492 2786 595 2833 jugo,
610 2786 688 2831 quia
706 2793 800 2822 temo
813 2786 935 2831 jugum

993 1333 1160 1368 continet.
1171 1352 1214 1358 -
1224 1334 1366 1368 Cruento
1376 1359 1385 1374 ‚
1405 1345 1533 1378 nempe
1545 1346 1563 1370 e
1573 1345 1667 1379 prz-

992 1387 1100 1422 liis.—
1107 1388 1254 1421 Verbert's
1262 1414 1271 1427 ,
1293 1386 1428 1432 flagelli.
1435 1389 1665 1433 —Increpuit‚

994 1437 1296 1473 incitavit.—Oct0
1308 1438 1391 1472 dant
1395 1450 1593 1484 pronomen-,⁸
1603 1438 1627 1473 J
1630 1451 1667 1473 u-

994 1490 1087 1523 nian.
1099 1503 1296 1535 purumque,
1317 1497 1357 1525 ut
1373 1491 1497 1525 Horat.
1513 1491 1553 1535 1,
1570 1491 1668 1535 34.—

996 1540 1096 1585 Regii
1114 1541 1216 1574 ambo
1227 1554 1438 1586 pronumque.

1039 1593 1112 1627 823.
1127 1594 1350 1628 Reddentem.
1355 1596 1513 1629 abstulit.
1520 1594 1668 1648 Factum

995 1643 1062 1678 hoc
1075 1656 1159 1688 esse,
1171 1657 1280 1689 quum
1295 1644 1335 1679 ad
1351 1644 1495 1690 Capreae
1506 1628 1668 1690 paludem

994 1697 1182 1731 exercitum
1197 1695 1378 1739 lustraret,
1400 1696 1543 1731 tradunt
1553 1696 1670 1731 histo-

995 1748 1067 1783 rici.
1078 1750 1163 1782 Jura
1178 1748 1223 1782 ibi
1238 1750 1371 1782 dedisse
1381 1748 1485 1782 etiam
1498 1747 1587 1783 Fast.
1603 1746 1636 1782 d.
1647 1746 1670 1781 l.

997 1807 1168 1835 narratur.
1197 1801 1320 1845 Neque
1335 1801 1368 1834 h.
1385 1800 1406 1834 1.
1422 1801 1492 1845 ipse
1509 1799 1546 1834 in
1564 1801 1672 1834 Pala·

1001 1855 1048 1886 tio
1064 1851 1168 1886 fuisse
1186 1859 1401 1886 memoratur
1412 1877 1421 1895 ,
1441 1851 1501 1886 sed
1518 1851 1615 1885 Mars
1623 1850 1671 1885 ibi

998 1903 1173 1946 constitit,
1195 1910 1233 1937 ut
1254 1903 1380 1937 deinde
1403 1916 1421 1937 e
1441 1902 1566 1937 vicinia
1589 1902 1671 1936 Ro-

997 1955 1133 1989 mulum
1147 1955 1581 1989 auferret—Burmannus
1593 1966 1674 1988 mo-

999 2014 1060 2041 net
1074 2008 1171 2051 ‚jam
1187 2006 1475 2051 conjungendum
1491 2018 1571 2040 cum
1589 2018 1669 2047 suo,

1000 2060 1079 2104 quia
1104 2066 1181 2104 post
1206 2059 1297 2094 Tatii
1322 2066 1471 2093 mortem
1498 2061 1642 2103 Quin'tes
1657 2082 1668 2100 ,

999 2110 1034 2144 id
1059 2118 1110 2145 est
1135 2110 1281 2154 Sabini,
1304 2110 1340 2144 in
1367 2111 1442 2154 ejus
1464 2116 1671 2155 potestatem

999 2169 1258 2203 concesserant,
1277 2169 1312 2197 et
1327 2163 1375 2196 ita
1387 2163 1459 2207 jam
1479 2165 1536 2196 sui
1546 2168 1646 2196 erant
1658 2187 1668 2204 ,

999 2221 1038 2247 ut
1055 2220 1155 2247 antea
1167 2213 1269 2247 Tatii.
1282 2214 1334 2248 Ita
1350 2220 1451 2258 poeta
1465 2219 1600 2259 partem
1613 2213 1671 2247 in-

1000 2266 1154 2301 colarum
1171 2273 1396 2300 memorasset
1413 2278 1476 2311 pro
1494 2265 1672 2300 universis.

1000 2319 1148 2353 Lenzius
1162 2331 1245 2352 vero
1256 2319 1324 2353 sic:
1339 2317 1506 2352 reddebat
1519 2318 1595 2363 jura
1607 2330 1672 2362 po-

1000 2370 1082 2415 pulo
1095 2383 1175 2413 suo,
1193 2369 1348 2414 cuijam,
1366 2369 1528 2411 interim,
1546 2369 1671 2414 Quiri-

1000 2422 1089 2456 tium
1105 2434 1237 2455 nomen
1254 2421 1451 2455 obvenerat.
1468 2420 1565 2455 Olim
1581 2419 1671 2454 ede-

1000 2473 1102 2507 batur
1117 2487 1182 2507 non
1198 2476 1288 2517 regia
1304 2498 1313 2512 ‚
1335 2472 1437 2517 idque
1455 2472 1670 2516 interpreta-

1000 2526 1129 2563 bantur
1145 2525 1255 2559 civilia
1267 2550 1276 2568 ,
1295 2524 1435 2569 aequalia
1453 2537 1461 2557 :
1480 2523 1535 2557 alii
1550 2523 1673 2569 legunt

1000 2584 1086 2612 tunc.
1104 2595 1147 2603 ·—·
1162 2576 1262 2621 Regii
1277 2575 1351 2610 cod.
1369 2574 1552 2608 amborum
1569 2578 1670 2618 regia.

1001 2645 1044 2654 ·-
1061 2629 1192 2670 Quiriti.
1211 2627 1304 2661 Raro
1318 2626 1383 2660 hoc
1399 2637 1530 2659 nomen
1546 2625 1583 2659 in
1597 2625 1672 2659 sin-

1002 2681 1110 2727 gulari
1126 2693 1277 2714 numero
1294 2679 1475 2724 reperitur.-

1043 2733 1117 2767 825.
1140 2734 1205 2767 Ceu
1216 2730 1490 2776 plumbeasunda
1509 2736 1573 2764 etc.
1600 2728 1671 2763 Ea-

1002 2785 1082 2821 dem
1090 2784 1278 2821 similitudo
1286 2784 1389 2822 etiam
1400 2783 1449 2827 11,
1464 2795 1542 2828 7²73
1556 2787 1669 2816 sumta
