1820 3106
258 260 318 320 96
638 263 690 305 P.
726 263 965 309 OVIDII
1002 265 1302 313 NASONIS

253 353 552 420 Ambustique
578 366 739 403 sonant
759 357 880 405 nervi
898 376 908 414 3
934 354 1130 424 caecaque
1150 360 1357 409 medullis

253 431 377 479 Tabe
401 431 647 497 liquefactis
662 471 673 491 ‚
701 432 885 482 tendens
908 434 963 482 ad
987 435 1130 484 sidera
1153 436 1321 502 palmas
1339 475 1351 496 ,
1617 455 1679 503 ¹75

258 531 280 551 «
311 509 550 569 Cladibus,
577 510 811 569 exclamat,
837 511 1066 570 Saturnia,
1092 532 1268 580 pascere
1287 516 1482 574 nostris;

255 608 280 628 »
306 586 489 635 Pascere
508 625 520 644 ‚
546 600 589 635 et
610 589 723 636 hanc
747 600 914 654 pestem
940 602 1089 656 specta
1110 591 1299 640 crudelis
1323 592 1378 640 ab
1405 592 1524 641 alto:

252 686 275 707 »
323 683 480 730 ,orque
502 663 643 713 ferum
668 665 774 713 satia
795 685 805 712 :
825 665 891 713 vel
912 666 948 713 si
967 667 1241 716 miserandus
1264 680 1308 716 et
1329 668 1450 716 hosti

256 765 278 784 »
304 742 463 789 Hostis
482 742 598 790 enim
621 742 702 789 tibi
722 761 819 790 sum
833 780 845 801 ,
870 743 977 791 diris
999 744 1266 793 cruciatibus
1291 764 1447 808 aegram
1463 784 1476 804 ‚

254 841 274 861 >›
305 819 586 884 Invisamque
611 819 824 876 animam,
851 831 1085 887 natamque
1110 821 1340 870 laboribus
1358 860 1370 880 ‚
1396 823 1531 871 aufer.
1611 842 1673 874 180

255 920 276 938 »
303 898 431 944 Mors
459 896 568 944 mihi
590 916 752 945 munus
775 897 859 945 erit
878 918 888 946 τ
911 898 1035 947 decet
1055 900 1146 948 haec
1171 901 1272 949 dare
1294 901 1409 950 dona
1429 922 1671 952 novercam.

252 995 275 1016 n
303 976 426 1036 Ergo
451 993 534 1037 ego
558 973 795 1023 foedantem
821 976 1056 1042 peregrino
1078 978 1241 1044 templa
1260 998 1414 1028 cruore

248 1108 341 1141 hunc
350 1120 491 1141 versum
503 1107 676 1142 examinat
688 1113 722 1141 et
734 1107 926 1153 improbat3

240 1163 412 1203 flammam
428 1159 525 1193 enim
540 1171 635 1193 nunc
653 1158 719 1193 dici
736 1160 865 1205 tropice
884 1159 927 1195 de

248 1219 332 1246 aestu
355 1212 517 1254 interno,
535 1211 651 1256 itaque
674 1224 748 1245 non
770 1211 926 1248 debuisse

246 1271 389 1309 tropum
407 1264 448 1296 ab
466 1263 529 1296 alia
542 1275 578 1296 re
595 1263 761 1308 petitum,
777 1267 924 1303 sorbere,

247 1315 337 1350 addi.
355 1314 425 1349 Sed
442 1314 557 1357 facile,
577 1315 702 1359 opinor
714 1341 723 1358 ,
739 1316 868 1359 poterit
884 1316 925 1350 ab

246 1369 313 1402 hoc
330 1367 502 1413 vituperio
519 1366 671 1401 defendi.
687 1367 831 1402 Etenim
846 1368 926 1414 pri-

246 1433 344 1454 mum
351 1422 494 1464 flamma
506 1418 562 1453 hic
573 1419 830 1464 propemodum
842 1434 926 1466 pro-

246 1474 318 1519 prie
345 1473 450 1518 accipi
473 1479 587 1517 potest
604 1498 614 1515 ‚
640 1472 926 1518 quandoquidem

245 1526 278 1561 ei
294 1526 344 1560 vis
360 1524 534 1570 coquendi
553 1531 587 1559 et
605 1524 847 1569 liquefaciendi
865 1532 924 1559 at-

246 1592 312 1623 que
327 1577 459 1612 sonitus
474 1576 646 1611 tribuitur.
663 1576 803 1611 Deinde
820 1577 926 1611 etiam

244 1635 277 1667 τὲ
291 1634 421 1665 sorbere
434 1629 612 1675 rapacitati
630 1629 782 1664 flammae
798 1643 926 1675 prope—

244 1684 391 1718 modum
406 1683 545 1728 proprie
560 1684 733 1717 convenit.
760 1683 924 1727 Denique

244 1738 395 1773 calidum
426 1744 610 1781 poetarum
640 1736 823 1781 ingenium
850 1749 923 1770 non

243 1789 454 1835 exigendum
471 1795 522 1822 est
538 1789 574 1822 in
591 1787 732 1831 singulis
751 1788 863 1822 verbis
881 1787 922 1821 ad

244 1842 325 1876 artis
343 1847 522 1886 praecepta.
542 1839 622 1873 Vid.
651 1839 815 1882 Ernesti,
843 1839 924 1873 Init.

244 1894 349 1929 Rhet.
367 1894 396 1938 S
414 1894 501 1939 319,
521 1892 579 1926 ubi
594 1892 751 1926 similiter
767 1892 924 1926 defendit

243 1945 329 1979 illud
340 1944 488 1986 Catulli,
500 1947 609 1977 tenuis
616 1947 676 1977 sub
687 1946 925 1988 arlusflamma

243 1999 404 2031 dimanat.
413 1995 484 2030 Sed
494 1994 575 2028 ideo
585 1994 834 2039 vituperandus
846 2008 924 2040 poe-

244 2055 279 2081 ta
288 2046 439 2089 videtur,
453 2046 547 2090 quod
557 2059 681 2091 corpus
692 2059 764 2079 non
776 2046 874 2080 aliter
885 2060 923 2081 ac

243 2099 337 2145 ligna
351 2098 447 2132 arida
465 2098 590 2132 ardens
608 2098 716 2132 finxit.

290 2143 363 2197 173.
383 2153 559 2192 Coeruleus,
581 2151 694 2196 niger,
712 2158 750 2185 ut
766 2153 923 2185 ceruleus

241 2207 345 2239 imber
358 2204 450 2249 apud
464 2204 560 2248 Virg.
579 2211 638 2237 aut
649 2207 788 2238 coerulea
803 2207 915 2245 nubes,

241 2259 347 2296 κυανέη
366 2258 481 2301 νεφέλη.
510 2255 589 2290 Non
609 2255 715 2299 igitur
732 2254 822 2289 Rod.
839 2268 919 2288 ver-

240 2318 314 2345 tere
325 2309 490 2351 debehat,
502 2310 561 2341 der
567 2310 666 2341 blaue
674 2309 842 2349 Schwet'ss,
855 2321 921 2342 nec

240 2363 344 2408 paulo
360 2369 437 2407 post
451 2387 460 2404 ,
479 2363 534 2394 die
543 2362 670 2395 Nerven
686 2362 829 2404 klt'ngen.
846 2361 922 2395 Im-

240 2428 301 2450 mo
312 2442 322 2458 ,
346 2417 401 2448 die
422 2414 548 2448 Sehnen
563 2414 730 2455 prasseln.
745 2430 789 2437 —·
807 2414 921 2456 Fluit,-

242 2467 410 2501 Heinsius
430 2464 596 2500 suadebat
619 2468 694 2498 ruz'l.
710 2483 753 2490 —-
769 2466 917 2505 Sonant,-

241 2519 385 2553 Barber.
398 2523 551 2561 gemunt;
564 2515 657 2561 quod
670 2517 817 2550 verbum
829 2515 919 2560 apud

239 2578 358 2616 poetas
371 2570 517 2604 omnino
528 2576 599 2612 est,
611 2581 738 2603 sonum
751 2567 865 2603 edere.
877 2586 921 2594 —-

241 2623 342 2667 Regii
358 2622 486 2664 nostri,
505 2628 636 2655 sonant.
654 2639 695 2648 —-
710 2621 780 2654 Per
795 2633 919 2654 nervos

239 2675 389 2708 Veteres
406 2675 511 2707 etiam
530 2672 775 2707 intellexerunt
796 2671 919 2706 tendo-

239 2737 301 2758 nes
313 2750 322 2767 ,
341 2724 514 2758 musculos
531 2731 566 2757 et
584 2723 719 2758 vincula
734 2724 919 2757 membro-

238 2789 320 2811 rum
333 2775 484 2811 :Gellius
500 2801 508 2819 ,
527 2776 639 2819 XIII,
659 2777 856 2811 22.-Caeca
871 2782 920 2810 ta-

994 1112 1052 1151 be,
1073 1110 1137 1154 (ut
1154 1110 1232 1153 ΙΙΙ,
1258 1111 1343 1157 490,
1367 1124 1456 1153 caeco
1471 1111 1580 1156 igni)
1604 1125 1674 1147 ve-

993 1174 1089 1195 neno
1105 1161 1199 1196 intus
1213 1161 1414 1197 ardente.—
1421 1164 1453 1196 T
1447 1165 1573 1197 enda-ns
1585 1171 1636 1199 est
1653 1177 1672 1199 e

992 1213 1181 1248 Basileensi
1198 1221 1233 1248 et
1248 1213 1335 1257 alio;
1353 1214 1467 1249 caeteri
1483 1213 1545 1260 (et
1560 1215 1684 1250 nostri

993 1265 1094 1312 Regii
1109 1264 1125 1310 )
1144 1268 1274 1300 tollens.

1040 1331 1051 1351 1
1060 1317 1110 1362 76.
1132 1319 1294 1352 Cladibus
1306 1331 1447 1362 pascere
1463 1322 1587 1353 nostris
1605 1326 1670 1354 etc.

992 1369 1155 1403 Primum
1179 1369 1215 1403 in
1242 1370 1425 1404 Junonem
1451 1370 1561 1405 multa
1587 1384 1670 1406 cum

991 1421 1175 1455 acerbitate
1188 1421 1456 1465 invehitur-,non
1470 1422 1577 1456 modo
1589 1423 1671 1468 quia

989 1474 1114 1508 infesta
1133 1474 1164 1509 ei
1180 1487 1320 1520 semper
1333 1476 1447 1510 suerat
1458 1502 1468 1518 ‚
1486 1475 1546 1510 sed
1563 1477 1669 1511 etiam

991 1526 1071 1570 quia
1084 1538 1189 1570 opera
1200 1527 1276 1571 ejus
1287 1527 1447 1572 quaedam
1458 1528 1560 1562 fuisse
1571 1527 1671 1563 vide-

991 1583 1048 1610 tur
1068 1577 1104 1610 in
1123 1577 1190 1611 hoc
1210 1578 1282 1623 ipso
1303 1580 1457 1614 cruciatu
1473 1579 1670 1614 efficiendo.

993 1630 1099 1664 Certe
1113 1631 1220 1665 Hom.
1239 1631 1279 1666 Il.
1293 1638 1312 1665 Σ
1324 1658 1333 1674 ,
1355 1645 1435 1679 129,
1448 1633 1559 1666 satum
1572 1633 1671 1666 Her-

989 1680 1103 1715 culem
1123 1681 1243 1716 domat
1262 1689 1298 1715 et
1311 1686 1425 1726 gravis
1441 1685 1495 1716 ira
1512 1684 1669 1716 Junom's.

990 1732 1094 1777 Apud
1109 1732 1321 1778 Sophoclem
1330 1740 1448 1767 autem
1458 1733 1501 1768 de
1512 1747 1582 1768 una
1589 1746 1670 1768 con-

989 1786 1070 1831 juge
1082 1786 1477 1831 queritur.—Corfi‘rum
1487 1814 1495 1826 ,
1514 1786 1667 1826 animus.

990 1837 1048 1882 qui
1058 1841 1221 1880 pascitur,
1241 1837 1445 1881 delectatur,
1456 1844 1562 1882 peste,
1580 1851 1669 1873 cru—-

988 1889 1132 1924 ciatibus
1148 1889 1297 1924 alterius.
1315 1890 1350 1923 Is
1372 1893 1534 1929 satiatur,
1558 1902 1669 1935 quum

988 1942 1136 1975 immani
1157 1942 1232 1987 ejus
1254 1942 1434 1987 cupiditati
1455 1943 1576 1978 satisfit
1598 1943 1669 1978 im-

988 2007 1109 2028 mensa
1137 1994 1243 2028 hostis
1271 1994 1420 2028 miseria.
1446 1994 1555 2039 Atqui
1584 1995 1667 2029 tales

989 2049 1185 2096 χαιρεκάκους
1213 2048 1365 2082 maximo
1396 2055 1431 2082 et
1463 2047 1666 2093 dignissimo

988 2099 1068 2132 odio
1083 2111 1292 2133 aversamur.
1303 2099 1438 2133 Eadem
1449 2100 1554 2135 verba
1564 2107 1600 2134 et
1612 2113 1665 2135 su—

987 2164 1048 2196 pra
1059 2158 1249 2185 occurrunt
1261 2150 1314 2185 Vl
1326 2177 1335 2194 ,
1355 2153 1430 2186 280.

1034 2204 1106 2237 182.
1118 2204 1209 2246 Ergo
1223 2215 1283 2245 ego
1289 2202 1477 2246 foedanlem
1493 2209 1557 2237 etc.
1573 2203 1664 2237 Inci-

986 2255 1037 2299 pit
1052 2254 1186 2289 labores
1201 2267 1281 2289 suos
1291 2267 1569 2289 commemorare
1582 2280 1591 2297 ,
1604 2254 1664 2299 qui

987 2308 1028 2342 ab
1040 2308 1235 2342 innumeris
1246 2309 1319 2342 sere
1332 2308 1528 2342 auctoribus
1540 2320 1666 2341 recen-

986 2366 1109 2393 sentur
1121 2386 1130 2402 ,
1148 2359 1190 2393 de
1207 2360 1330 2404 quibus
1342 2359 1411 2393 vid.
1423 2360 1602 2406 Heynius,
1620 2358 1663 2392 ad

988 2411 1243 2456 Apollodorum
1259 2438 1268 2455 ,
1293 2412 1328 2446 11
1343 2438 1352 2454 ‚
1377 2422 1434 2454 Ν,
1459 2413 1488 2446 8.
1513 2411 1665 2455 Propter

988 2476 1046 2497 eos
1060 2490 1069 2507 ,
1088 2477 1197 2509 quum
1214 2464 1378 2498 salutares
1395 2462 1524 2497 Graecis
1539 2470 1598 2496 aut
1613 2476 1664 2498 es-

986 2523 1064 2550 sent
1083 2542 1091 2559 ,
1118 2523 1178 2550 aut
1203 2529 1274 2550 esse
1296 2513 1546 2558 crederentur,
1571 2515 1665 2549 inter

988 2568 1083 2603 Deos
1095 2569 1220 2613 relatus
1232 2575 1291 2603 est.
1300 2567 1433 2601 Minuit
1444 2574 1563 2601 tamen
1574 2569 1665 2603 Her·

986 2620 1069 2655 culis
1092 2620 1210 2654 laudes
1231 2619 1433 2661 Lucretius,
1456 2619 1510 2662 V,
1529 2620 1661 2662 22—43,

987 2672 1045 2705 ubi
1056 2671 1173 2711 docet,
1191 2671 1314 2705 divinis
1323 2670 1514 2705 honoribus
1524 2670 1604 2716 dign
1610 2671 1663 2704 io·-

986 2736 1062 2757 rem
1073 2737 1157 2766 esse,
1167 2723 1225 2767 qui
1234 2735 1321 2767 puro
1330 2729 1469 2767 pectore
1477 2723 1590 2756 vivere
1602 2722 1661 2756 ho-

986 2776 1099 2810 mines
1115 2775 1245 2810 doceat.
1262 2775 1387 2819 Neque
1403 2774 1558 2810 Lactant.
1574 2774 1660 2810 Inst.
