1820 3106
291 269 374 330 196

648 272 702 316 P.
747 272 989 318 ovln11
1024 261 1326 337 NAsoNis

281 364 420 412 Nacta
445 382 618 426 gravem
641 364 746 413 vino
768 365 974 432 Cinyram
996 365 1107 415 male
1133 367 1286 416 sedula
1308 368 1458 417 nutrix
1470 381 1486 427 ‚⁴

284 440 474 489 Nomine
497 441 683 489 mentito
698 479 710 500 ‚
736 461 865 490 veros
887 444 1069 510 exponit
1092 463 1261 493 amores
1277 483 1289 504 ‚

281 520 343 566 Et
364 518 517 566 faciem
538 517 689 567 laudat
708 538 717 567 ε
741 520 935 586 quaesitis
957 521 1140 584 virginis
1160 523 1287 571 annis
1301 559 1314 581 ‚

1640 540 1710 587 440

284 619 308 641 «
328 598 425 655 Par,
437 597 510 655 ait,
523 609 589 645 est
597 597 813 663 Myrrhae:
834 620 856 641 »
874 618 1002 664 quam
1017 611 1254 666 postquam
1268 599 1481 649 adducere
1493 602 1614 667 jussa
1624 616 1705 662 est,

282 676 432 740 thue
458 674 636 723 domum
659 674 817 732 rediit3
843 697 865 718 «
894 675 1049 724 Gaude
1068 695 1186 734 mea,
1209 676 1345 735 dixit,
1372 677 1574 739 alumna;

285 774 309 794 »
334 752 547 800 Vicimus.
575 774 598 794 »
625 751 785 800 Infelix
807 771 902 800 non
925 764 1021 801 toto
1046 766 1226 819 pectore
1249 755 1385 803 sentit

281 829 500 877 Laetitiam
520 829 668 892 virgo3
693 847 977 895 praesagaque
1000 842 1181 896 pectora
1203 844 1402 880 moerent.

282 906 370 955 Sed
394 918 541 955 tamen
563 919 606 954 et
631 906 791 969 gaudet
812 927 821 954 :
844 918 966 955 tanta
988 919 1056 956 est
1079 908 1298 957 discordia
1318 910 1504 958 mentis!

1641 925 1708 970 44⁵

280 986 478 1050 Tempus
501 996 615 1041 erat,
643 1003 733 1050 quo
757 996 915 1032 cuncta
938 984 1072 1033 silent
1086 1023 1098 1044 ‚
1119 986 1323 1053 interque
1343 989 1533 1037 Triones

282 1061 482 1110 Flexerat
503 1062 691 1128 obliquo
715 1061 963 1127 plaustrum
987 1074 1161 1112 temone
1183 1065 1365 1113 Bootes.

280 1140 354 1188 Ad
377 1140 548 1188 facinus
570 1138 688 1188 venit
711 1138 787 1187 illa
812 1158 941 1187 suum
962 1159 972 1187 :
996 1139 1113 1204 fugit
1136 1160 1265 1190 aurea
1289 1141 1393 1191 caelo

278 1274 471 1318 coniugum
489 1283 668 1306 sacrorum
691 1282 793 1305 causa
813 1271 959 1305 seorsim

279 1325 438 1367 secubat,
451 1331 502 1358 est
514 1323 621 1357 etiam
633 1322 756 1356 Amor.
767 1322 843 1365 ΙΙΙ,
859 1334 880 1356 x
890 1349 900 1366 ,
916 1336 934 1356 2
947 1348 958 1366 ‚

280 1385 316 1413 et
333 1376 474 1423 Epiced.
495 1375 611 1410 Tibul.
633 1388 721 1410 vers.
739 1375 792 1409 33.
816 1376 959 1409 Viduam

280 1432 391 1465 cubile
414 1429 536 1463 Amor.
564 1427 600 1461 II
614 1452 623 1470 ,
652 1438 675 1460 x
687 1453 695 1466 ‚
726 1440 776 1472 ¹7·
800 1427 963 1460 Desertus

278 1485 385 1517 lectus
402 1479 549 1515 Heroid.
567 1480 604 1522 Ι,
623 1492 651 1524 7.
669 1477 716 1512 Et
727 1477 785 1522 qui
797 1477 888 1512 solus
902 1490 962 1511 cu-

277 1535 337 1570 bat
349 1561 359 1578 ‚
377 1536 499 1568 viduas
511 1534 617 1576 exiffl't
626 1538 740 1565 noctes
754 1530 836 1564 ibid.
851 1531 939 1565 XIX
950 1556 960 1574 ,

280 1589 334 1634 69.
349 1605 393 1612 --
409 1587 524 1620 Nacta
544 1596 685 1628 gravem.
709 1581 815 1627 Apud
839 1582 962 1628 Hygi-

280 1652 370 1673 num
380 1665 390 1682 ,
403 1637 470 1672 sab.
490 1636 568 1679 154,
582 1634 731 1681 Myrrha
742 1634 814 1679 ipsa
826 1640 962 1679 patrem

279 1691 440 1726 inebriat.
461 1707 506 1715 --
524 1689 666 1722 Nomine
689 1689 834 1720 mentito.
857 1685 963 1720 Basi—

282 1742 407 1778 leensis
422 1743 554 1776 nomine
571 1745 709 1773 mutato.

326 1796 400 1839 441.
418 1794 604 1828 Adducere.
631 1791 794 1825 Lenones
818 1789 964 1828 etdenae

283 1847 364 1882 alibi
390 1853 426 1880 et
458 1843 597 1890 proprie
624 1842 825 1876 meretrices
852 1841 963 1886 stupri

283 1911 385 1936 causa
394 1897 558 1933 dicuntur
571 1895 613 1930 ad
623 1895 774 1939 aliquem
784 1895 944 1941 deducere
951 1918 960 1934 ‚

282 1951 386 1998 (Cic.
403 1949 488 1984 Ver.
505 1947 582 1991 111,
600 1947 644 1991 34
658 1945 694 1993 ),
718 1953 752 1981 et
762 1948 961 1991 perducere,

283 2005 369 2037 Ver.
386 2001 420 2033 V
432 2028 441 2044 ,
463 2015 511 2035 12.
531 1999 628 2034 Hinc
646 1998 729 2033 Ver.
747 1998 785 2040 Ι,
811 2011 846 2031 12
860 2022 870 2040 ‚
882 2010 964 2041 per-

280 2057 434 2090 ductores
453 2059 535 2087 sunt
555 2052 700 2085 lenones
717 2065 726 2093 ;
751 2049 829 2084 vide
856 2050 964 2084 Grae-

284 2108 382 2142 vium
399 2105 440 2139 ad
461 2104 606 2139 Sueton.
623 2102 711 2137 Caes.
736 2104 779 2149 49
792 2128 801 2144 ,
826 2109 860 2136 et
886 2102 963 2136 Er-

284 2160 374 2195 nesti
395 2157 493 2192 Clav.
512 2156 585 2190 Cic.
599 2169 626 2190 s.
642 2155 694 2190 his
711 2155 860 2189 vocibus.

328 2211 401 2256 443.
424 2211 591 2248 Vicimus,
615 2207 765 2241 formula
786 2207 961 2241 exsultan-

284 2266 327 2301 tis
338 2270 479 2309 propter
489 2273 587 2306 spem
598 2266 783 2293 certam—
791 2261 873 2293 Toto
881 2272 963 2303 pec-

282 2325 353 2352 tore
367 2315 470 2359 vulgo
482 2339 491 2356 ,
513 2311 606 2357 quod
623 2310 755 2356 spernit
772 2311 938 2345 Heinsius
950 2336 961 2355 ,

285 2370 365 2414 quia
382 2369 419 2402 in
435 2378 536 2400 versu
550 2364 708 2408 sequenti
719 2368 855 2407 pectora
871 2363 960 2408 legi-

288 2430 362 2462 tur;
380 2419 499 2454 mallet
515 2430 556 2451 ex
572 2416 687 2451 Oxon.
704 2422 827 2460 quarto
843 2414 963 2449 Medi-

284 2488 346 2509 ceo
358 2499 367 2517 ,
385 2479 420 2507 et
436 2478 585 2516 quatuor
600 2469 687 2512 aliis,
705 2469 964 2513 corpore—Re-

284 2529 358 2574 gius
377 2534 496 2561 noster
513 2526 542 2559 A
554 2551 564 2568 ,
576 2529 711 2568 pectore
721 2548 728 2556 .
740 2550 747 2558 .
760 2549 768 2556 .
780 2548 787 2555 .
797 2519 958 2566 βάψω,-

284 2587 320 2613 et
333 2579 362 2612 B
374 2604 383 2622 ,
396 2583 580 2622 pectore...
594 2587 748 2618 corpora,
772 2575 853 2607 etin
865 2586 962 2606 mar-

285 2632 364 2676 gine
383 2636 529 2674 pectora.
558 2627 689 2661 Melior
714 2627 830 2660 sorsan
861 2626 962 2660 lectio

286 2695 392 2726 quarn
408 2681 530 2726 probat
545 2678 720 2713 Heinsius.
732 2679 797 2712 Ed.

327 2735 400 2777 445.
410 2734 477 2766 Sed
482 2739 593 2765 tamen
601 2737 636 2765 et
641 2732 772 2774 gaudet.
781 2728 920 2763 Secund
926 2742 963 2764 us

285 2784 466 2821 Mediceus
479 2785 648 2828 gaudeam·
667 2781 769 2818 Unus
775 2783 842 2826 stet
853 2787 963 2816 lamen

1024 1277 1059 1306 et
1074 1274 1201 1316 gaudet
1210 1284 1223 1315 ‚·
1254 1273 1421 1308 Heinsius
1445 1274 1586 1320 conjicit
1605 1275 1709 1310 Flens

1023 1330 1134 1359 tamen
1143 1351 1151 1366 ,
1168 1331 1203 1359 et
1210 1328 1337 1370 gaudet
1346 1339 1355 1360 t
1367 1333 1464 1361 tauta
1474 1334 1527 1362 est
1535 1329 1708 1362 discordia

1024 1380 1185 1412 menti.·-
1195 1377 1295 1423 Regii
1311 1379 1420 1413 nostri
1436 1378 1568 1414 habent
1582 1393 1704 1425 recep-

1024 1436 1152 1464 tam.—
1159 1430 1307 1465 Triones.
1316 1431 1541 1467 Florentinus
1550 1432 1585 1467 S.
1594 1433 1710 1468 Marci

1030 1481 1203 1523 Trionem;
1214 1481 1292 1516 vide
1303 1481 1346 1516 ad
1355 1483 1372 1517 Ι
1385 1508 1394 1526 ,
1406 1482 1504 1526 64-
1510 1483 1610 1530 Regii
1623 1497 1708 1519 nos-

1025 1531 1070 1565 tri
1087 1532 1190 1566 ambo
1213 1534 1362 1567 Triones.
1379 1552 1421 1559 —
1435 1537 1639 1570 Plaustrum.
1652 1564 1660 1572 .
1676 1563 1685 1570 .
1699 1564 1707 1572 .

1024 1585 1262 1618 Bootes.--De
1275 1587 1385 1619 Boote
1401 1586 1545 1631 ejusque
1555 1591 1709 1630 plaustro

1024 1635 1103 1670 vide
1120 1635 1163 1669 ad
1176 1636 1212 1670 ΙΙ
1224 1662 1233 1678 ,
1255 1637 1326 1681 ι76.
1347 1638 1381 1671 Is
1398 1638 1456 1672 ubi
1472 1639 1587 1673 media
1604 1648 1707 1675 nocte

1025 1686 1166 1721 culmen
1182 1687 1258 1721 coeli
1274 1687 1406 1733 attigit,
1421 1696 1457 1723 et
1471 1689 1552 1724 inde
1564 1704 1708 1736 vergere

1025 1737 1147 1783 incipit
1157 1765 1166 1782 ,
1169 1740 1284 1783 flectit
1291 1741 1495 1783 plaustrum,
1515 1741 1609 1786 quod
1624 1749 1708 1777 tunc

1024 1792 1191 1835 obliquum
1203 1797 1363 1825 temonem
1380 1791 1503 1833 habet;
1523 1792 1684 1828 Lucanus
1697 1821 1707 1836 ‚

1027 1842 1063 1877 II
1076 1867 1085 1884 ,
1106 1841 1167 1887 237
1180 1868 1191 1885 ‚
1217 1844 1399 1877 Parrhasis
1420 1846 1571 1888 obliquos
1591 1846 1709 1879 Helice

1026 1907 1124 1939 quum
1140 1900 1279 1929 verteret
1299 1905 1406 1937 axes;
1425 1896 1515 1930 infra
1526 1896 1579 1931 XI
1592 1922 1602 1940 ,
1621 1900 1682 1943 257
1696 1924 1706 1940 ‚

1025 1950 1187 1981 inclinato
1207 1952 1338 1982 temone
1355 1961 1365 1981 .·
1386 1955 1508 1983 contra
1531 1949 1611 1993 equi
1631 1949 1708 1984 solis

1026 2005 1175 2043 surgunt
1190 2000 1280 2032 elato
1294 2006 1421 2033 temone
1437 1999 1528 2044 apud
1547 1999 1709 2035 Claudia-

1026 2062 1113 2083 num
1127 2075 1136 2093 ,
1151 2048 1275 2096 Olybr.
1288 2049 1396 2085 Cons.
1404 2052 1434 2094 4.
1445 2051 1527 2085 Jam
1539 2052 1710 2097 antiquis—

1026 2101 1104 2135 simi
1120 2107 1230 2145 poetae
1241 2114 1260 2135 a
1272 2101 1428 2136 siderum
1439 2104 1708 2148 septemtriona-

1026 2153 1112 2187 lium
1128 2153 1377 2188 culminatione
1396 2154 1550 2189 mediam
1566 2163 1706 2191 noctem

1027 2204 1254 2250 designarunt
1273 2220 1281 2247 ;
1310 2205 1388 2240 vide
1409 2207 1542 2254 Heynii
1565 2207 1706 2243 Excur*

1025 2259 1103 2292 suin
1115 2283 1124 2299 ‚
1143 2258 1178 2292 11
1190 2283 1199 2300 ,
1220 2257 1263 2291 ad
1279 2257 1362 2292 AEn.
1375 2259 1432 2300 11;
1450 2267 1486 2293 et
1497 2259 1652 2294 Broukh.
1662 2260 1706 2294 ad

1028 2310 1253 2355 Propertium
1265 2337 1273 2351 ‚
1293 2311 1310 2345 Ι
1323 2336 1332 2352 ,
1354 2310 1437 2356 eleg.
1455 2322 1537 2350 XVI,
1557 2312 1609 2345 23.

1071 2363 1144 2405 448.
1153 2363 1218 2396 Ad
1213 2361 1357 2405 facinus
1366 2365 1464 2397 venit.
1476 2363 1622 2408 Egregie
1633 2363 1707 2399 haec

1027 2413 1127 2447 finxit
1158 2413 1209 2448 rei
1240 2412 1464 2458 turpitudinis
1490 2412 1706 2449 declarandae

1027 2479 1138 2500 causa.
1156 2467 1256 2500 Luna
1274 2473 1309 2500 et
1326 2465 1438 2499 sidera
1456 2479 1492 2500 se
1514 2467 1707 2502 absconde-

1026 2519 1124 2562 bant,
1134 2532 1177 2553 ne
1187 2518 1453 2552 offenderentur
1460 2519 1621 2564 adspectu
1633 2527 1705 2554 tam

1027 2570 1150 2605 nesarii
1167 2570 1327 2605 facinoris
1338 2596 1347 2612 ,
1366 2577 1401 2604 et
1413 2577 1451 2604 ut
1462 2578 1598 2606 restam
1609 2578 1707 2606 atrox

1027 2623 1063 2656 in
1083 2621 1291 2656 densissimis
1308 2622 1462 2656 tenebris
1478 2629 1705 2668 perpetrare-

1027 2682 1096 2709 tur.
1106 2676 1258 2717 —Fugit
1267 2677 1347 2708 calo
1359 2701 1367 2714 ‚
1386 2675 1515 2719 tegitur
1531 2675 1680 2710 nubibus
1693 2701 1703 2718 ,

1028 2733 1067 2761 ut
1085 2739 1155 2760 non
1174 2732 1339 2760 cernatur
1352 2751 1361 2769 ,
1385 2732 1424 2760 ut
1439 2726 1562 2772 fugisse
1578 2725 1704 2760 videa'-

1028 2787 1104 2825 tux-3
1125 2779 1311 2825 Virgilius,
1339 2779 1523 2825 Georg.1‚
1546 2781 1629 2824 441,
1652 2781 1709 2814 sol
