1820 3106
374 223 473 271 ME
487 221 1083 268 TAMORPHOSEON
1119 224 1244 267 LIB.
1276 224 1390 270 XV.

1520 225 1609 269 535

172 316 519 385 Quadrupedes,
543 314 828 382 monstrique
853 326 976 364 metu
1003 314 1243 364 turbantur
1258 354 1270 375 ‚
1295 328 1340 365 et
1364 314 1465 366 altis

169 392 634 462 Praecipitant‘curru's
659 392 854 460 scopulis
875 413 885 441 :
908 412 991 456 ego
1017 393 1175 443 ducere
1197 412 1307 442 vana

170 475 312 524 Frena
335 491 493 531 manu,
519 471 690 538 spumis
715 470 971 521 albentibus
997 471 1159 531 oblita,
1185 471 1357 532 luctor;

172 551 235 600 Et
254 561 374 600 retro
398 549 539 599 lentas
562 550 696 599 tendo
721 549 957 618 resupinus
978 550 1203 600 habenas:

171 630 265 678 Nec
283 628 399 678 vires
421 640 567 695 tamen
592 628 673 678 has
694 629 841 679 rabies
862 641 1114 697 superasset
1135 649 1349 697 equorum
1364 668 1377 690 ‚

143 736 146 737 ν
170 704 232 754 Νὶ
255 717 376 764 rota,
401 718 666 774 perpetuum
693 726 781 774 qua
802 707 1156 756 circumvertitur
1178 726 1303 757 axem

172 782 350 851 stipitis
374 803 562 834 occursu
585 785 723 834 fracta
744 804 794 835 ac
820 785 1000 852 disjecta
1023 785 1193 834 suisset.

167 860 386 910 Excutior
407 880 540 912 curru
561 883 572 912 :
592 862 795 930 lorisque
819 861 1072 912 tenentibus
1096 875 1219 912 artus

167 939 351 989 Viscera
370 941 466 990 viva
489 940 630 1001 trahi,
650 961 809 991 nervos
829 941 877 990 in
898 941 1036 1010 stirpe
1059 941 1222 1000 teneri,

1544 956 1565 991 ov

1569 968 1587 990 20

1591 956 1611 991 :a

168 1019 376 1069 Membra
395 1020 493 1089 rapi
515 1021 678 1088 partim
696 1059 708 1081 ‚
734 1021 897 1088 partim
919 1039 1128 1089 reprensa
1145 1019 1363 1087 relinqui,

171 1097 288 1147 Ossa
310 1117 484 1163 gravem
506 1099 608 1150 dare
631 1100 771 1150 fracta
794 1120 955 1151 sonum
970 1139 982 1161 ,
1006 1100 1256 1167 fessamque
1276 1099 1448 1149 videres

167 1173 619 1248 Exhalafianimam,
645 1177 880 1246 nullasque
903 1179 951 1227 in
974 1198 1163 1247 corpore
1186 1190 1336 1247 partes
1354 1217 1365 1238 ‚

137 1300 139 1303 ,
168 1251 364 1303 Noscere
387 1273 498 1320 quas
521 1274 677 1322 posses
697 1276 707 1304 :
729 1275 958 1324 unumque
981 1268 1074 1306 erat
1096 1257 1244 1305 omnia
1268 1255 1445 1305 vulnus.

169 1331 291 1395 Num
314 1345 447 1399 potes
461 1371 473 1393 ,
498 1346 577 1383 aut
599 1334 735 1385 audes
759 1335 874 1385 cladi
897 1355 1163 1404 componere
1186 1347 1348 1385 nostrae
1362 1373 1374 1394 ,

1547 1350 1613 1387 530

169 1411 400 1480 Nympha,
425 1415 580 1463 tuam?
601 1415 692 1483 yidi
716 1436 896 1483 quoque
921 1415 1019 1465 luce
1043 1416 1237 1465 carentia
1258 1435 1421 1479 regna,

167 1489 230 1538 Et
253 1488 448 1541 lacerum
468 1492 560 1542 fovi
587 1492 961 1557 Phlegethontide
986 1511 1150 1560 corpus
1173 1493 1221 1541 in
1242 1492 1362 1541 unda
1381 1512 1393 1542 τ

166 1567 260 1617 Nec
274 1606 286 1627 ‚
310 1569 398 1619 nisi
420 1569 668 1638 Apollineae
690 1571 838 1621 valido
863 1570 1154 1620 medicamine
1178 1569 1345 1636 prolis,

166 1644 360 1696 Reddita
378 1646 469 1696 vita
485 1648 604 1698 foret
623 1669 633 1697 :
659 1669 791 1716 quam
815 1660 1054 1717 postquam
1077 1648 1276 1696 fortibus
1298 1647 1450 1696 herbis
1465 1685 1476 1707 ‚
1501 1659 1504 1663 '

164 1722 317 1791 Atque
341 1743 428 1792 ope
452 1726 656 1786 Paeonia,
682 1727 787 1775 Dite
811 1728 1097 1790 indignante,
1122 1726 1292 1794 recepi,

213 1853 289 1888 525.
304 1854 433 1890 Nereos
447 1857 482 1890 in
491 1858 595 1899 stirpe
608 1858 723 1890 teneri.
735 1854 855 1890 Hein-

169 1907 240 1943 sius
255 1906 399 1952 coniicit
410 1919 529 1942 nervos
548 1909 586 1941 in
610 1919 707 1951 vepre
724 1909 847 1948 teneri,

168 1960 252 2007 quia
266 1960 403 1996 Seneca
415 1986 425 2005 ,
443 1958 590 2006 Hippot.
610 1972 692 1994 1002
706 1984 716 2003 ,
734 1972 752 1989 «
769 1958 854 1994 inde

167 2029 189 2046 ι»
205 2013 439 2050 semanimem
450 2020 569 2049 secant
578 2012 741 2059 Virgulta
748 2039 758 2057 ,
771 2025 856 2048 acu-

171 2082 191 2100 »
207 2067 250 2103 tis
271 2066 384 2113 asperi
408 2066 660 2113 vepresvrubis.
681 2080 697 2096 »
714 2084 760 2092 ·—
774 2067 855 2100 Bc-

162 2117 308 2167 prensa,
334 2126 484 2156 retracta
502 2147 512 2164 ‚
536 2122 683 2165 relinqui
705 2119 744 2154 in
767 2131 855 2154 cor-

169 2186 267 2220 pore.
277 2173 383 2209 Hanc
398 2173 552 2219 corporis
569 2172 855 2209 dilacerationem

169 2227 337 2274 expressit
351 2233 389 2262 et
401 2226 556 2271 Seneca,
574 2239 662 2262 vers.
678 2228 763 2263 1082
779 2241 854 2274 sqq.

169 2281 230 2316 ubi
244 2295 262 2312 ι(
275 2278 446 2326 implicuit
454 2280 582 2317 cadens
591 2281 734 2326 Laqueo
743 2281 856 2317 tenaci

170 2348 191 2365 »
207 2346 332 2380 corpus
345 2359 355 2378 ,
372 2333 501 2369 illisum
511 2339 615 2379 caput
628 2333 786 2380 Scopulis
799 2347 856 2370 re-

168 2399 189 2418 »
209 2385 314 2422 sultat
331 2399 340 2422 ς
355 2386 523 2421 auferunt
533 2385 630 2421 dumi
644 2399 760 2422 comas
772 2399 780 2422 ε
793 2400 856 2423 ora

169 2453 189 2471 υ
206 2439 316 2476 durus
341 2439 484 2486 pulchra
508 2439 696 2486 populatur
720 2440 815 2486 lapis.
835 2456 854 2472 »

168 2493 398 2540 Aliquamdiu
415 2508 433 2524 «
452 2500 594 2539 raptum
614 2500 760 2529 truncus
777 2507 856 2529 am-

168 2561 188 2578 »
205 2547 306 2582 busta
331 2546 418 2582 sude
445 2545 604 2580 medium
634 2559 698 2592 per
721 2545 854 2592 inguen

170 2614 190 2631 »
206 2599 322 2644 stipite
333 2599 445 2643 ejecto
456 2605 552 2634 tenet
565 2624 575 2642 ,
589 2613 607 2628 »
619 2605 683 2634 etc.
699 2617 744 2626 —
761 2597 856 2634 Con-

169 2651 226 2686 fer
233 2651 277 2686 de
290 2650 473 2698 Hippolyti
482 2656 596 2685 morte
604 2656 767 2687 nostrum
778 2653 857 2687 Ra-

171 2706 263 2743 εἰπε,
289 2705 421 2738 Ρῇὲᾶνε
438 2729 448 2744 ,
469 2703 548 2738 Act.
565 2703 618 2747 V,
634 2716 679 2739 sc.
696 2703 727 2739 6.
743 2705 810 2739 Ed.

219 2758 294 2804 529.
314 2757 486 2801 Unumque
500 2760 575 2791 emt
589 2759 704 2791 onmia
725 2757 856 2792 vulnus.

1544 1740 1611 1776 535

920 1854 1027 1890 Silius
1038 1879 1048 1897 ,
1067 1855 1100 1889 X
1113 1880 1123 1898 ‚
1144 1857 1208 1901 5¹9
1219 1880 1229 1899 ‚
1250 1869 1267 1885 «ι
1283 1860 1358 1889 toto
1373 1867 1520 1901 corpore
1532 1856 1612 1892 vul-

923 1922 941 1938 »
958 1921 1025 1943 nus
1039 1922 1068 1941 ».
1092 1908 1223 1944 Lucan.
1241 1908 1293 1943 lx
1305 1935 1315 1952 ,
1332 1909 1418 1953 814,
1439 1923 1456 1940 «
1475 1909 1611 1945 Omnia

922 1974 941 1991 »
959 1960 1071 2006 plenis
1077 1960 1243 1996 Membra
1254 1961 1486 1997 ssuuntvenis:
1494 1969 1610 1998 totum

923 2027 941 2044 »
959 2020 1010 2047 est
1025 2026 1089 2059 pro
1106 2013 1251 2049 vulnere
1269 2026 1407 2060 corpus.
1418 2029 1435 2046 »
1453 2017 1521 2050 Ed.

966 2068 1040 2103 532.
1058 2070 1109 2103 Et
1121 2071 1267 2103 lacerum
1275 2068 1435 2113 fiwae'etc.
1454 2069 1502 2104 Et
1523 2083 1609 2104 cor-

921 2134 986 2168 pus
1001 2121 1172 2157 laniatum
1188 2122 1225 2157 in
1244 2121 1486 2158 ardentissima
1501 2122 1611 2158 Phle-

921 2175 1099 2222 gethontis
1125 2188 1214 2221 aqua
1242 2175 1320 2211 lavi.
1346 2177 1412 2211 Ed.
1429 2195 1474 2202 —
1489 2177 1612 2211 Favere

921 2229 1108 2265 notionem
1125 2229 1231 2265 habet
1250 2229 1400 2266 omnino
1419 2235 1526 2275 gratae
1544 2241 1611 2263 re-

920 2282 1105 2325 sectionis;
1123 2282 1282 2326 Plinius,
1303 2283 1357 2326 V,
1377 2282 1442 2328 Ep.
1460 2293 1499 2315 v1
1512 2308 1522 2326 ,
1544 2293 1587 2316 20
1599 2306 1610 2325 ,

915 2337 1080 2380 platanos
1098 2337 1287 2380 dispergine
1297 2335 1404 2380 fovet.
1429 2334 1510 2370 Hoc
1534 2333 1612 2368 loco

923 2385 1099 2423 abluendo
1115 2387 1272 2423 reficere.
1295 2386 1367 2422 Sed
1385 2386 1536 2422 Ovidius
1552 2386 1612 2420 in-

922 2440 1026 2485 genio
1045 2440 1170 2475 abusus
1183 2441 1477 2485 est-Apollinea
1486 2441 1610 2484 proles.

923 2492 1143 2537 AEsculapius
1169 2492 1341 2537 Apollinis
1365 2490 1457 2526 filius
1471 2517 1481 2534 ‚
1504 2503 1611 2536 quem

922 2545 968 2580 ob
985 2543 1221 2591 Hippolytum
1234 2544 1271 2579 in
1283 2544 1391 2578 vitam
1407 2550 1612 2579 revocatum

921 2597 1073 2631 fulmine
1091 2596 1260 2642 percussit
1280 2596 1444 2642 Jupiter3
1470 2595 1549 2631 vide
1568 2595 1610 2630 ad

923 2649 962 2685 11
976 2676 986 2693 ,
1005 2649 1081 2692 643.
1093 2667 1138 2675 —
1153 2649 1224 2693 Ope
1232 2650 1371 2684 Poeom'a
1384 2648 1528 2694 simplic.
1548 2661 1612 2693 ope

923 2702 1059 2739 medica
1073 2729 1083 2747 ‚
1112 2710 1153 2738 nt
1175 2702 1342 2749 Virgilius
1361 2730 1371 2748 ,
1401 2717 1488 2739 vers.
1523 2704 1586 2750 769
1600 2729 1610 2747 ‚

922 2757 1072 2791 Paeoaiazr
1086 2758 1207 2792 herbar.
1226 2755 1349 2792 Atium
1373 2756 1538 2804 mythum
1559 2768 1616 2790 se-
