1820 3106
380 255 1087 304 METAMORPHOSEON
1120 257 1256 300 LIB.
1292 258 1389 301 IX.

164 354 366 420 Namque
387 349 614 401 laboriferi
639 368 778 416 quum
799 349 888 415 jam
911 348 1071 399 natalis
1100 349 1271 399 adesset

1514 273 1595 320 107

1535 367 1601 400 285

165 429 370 480 Herculis
383 467 396 488 ‚
419 440 464 478 et
482 427 700 476 decimum
722 439 995 495 premeretur
1016 427 1157 476 sidere
1185 427 1388 491 signum;

164 507 395 558 Tendebat
418 506 609 571 gravitas
630 517 807 556 uterum
824 505 935 554 mihi
957 526 966 555 :
988 506 1199 574 quodque
1219 507 1437 565 ferebam,

163 587 358 635 Tantum
380 597 500 645 erat,
523 597 576 634 ut
597 604 752 652 posses
776 597 1003 634 auctorem
1026 585 1169 635 dicere
1191 585 1294 634 tecti

163 663 381 714 Ponderis
406 682 501 712 esse
521 665 679 712 Jovem
702 684 713 712 ε
736 683 818 712 nec
840 664 930 730 jam
955 663 1142 715 tolerare
1163 662 1344 712 labores

161 743 363 793 Ulterius
388 754 589 810 poteram
610 761 620 789 :
643 742 754 808 quin
776 761 898 790 nunc
924 761 1106 809 quoque
1130 741 1321 804 frigidus
1346 753 1468 790 artus
1484 780 1495 800 ‚
1536 767 1602 802 290

104 829 108 832 ’
160 822 283 871 Dum
296 820 485 888 loquor,
500 820 667 869 horror
679 819 837 879 habet;
858 839 1050 888 parsque
1068 832 1136 868 est
1146 820 1402 869 meminisse
1419 818 1602 869 doloris.

161 900 343 968 Septem
367 919 451 963 ego
475 918 556 967 per
580 910 762 957 noctes,
789 898 976 948 totidem
998 898 1195 947 cruciata
1219 898 1379 955 diebus
1394 936 1406 957 ‚

159 979 294 1028 Fessa
316 978 445 1028 malis
459 1017 471 1037 ‚
499 977 773 1045 tendensque
796 977 852 1027 ad
874 976 1029 1026 caelum
1052 977 1235 1027 brachia
1250 1014 1262 1035 ,
1286 996 1449 1040 magno

160 1055 375 1106 Lucinam
388 1093 400 1114 ‚
421 1055 654 1123 Nixosque
675 1074 805 1123 pares
823 1093 836 1115 ,
862 1055 1052 1105 clamore
1076 1055 1302 1105 vocabam.

206 1194 281 1229 285.
295 1193 479 1239 laborifer
492 1193 669 1229 delectum
684 1193 851 1228 ‘Herculis

163 1246 357 1292 epitheton.
372 1264 417 1273 —-·
430 1247 626 1281 Decimum.
636 1272 643 1279 .
655 1271 663 1279 .
674 1271 682 1278 .
693 1248 825 1290 stgvnum
836 1271 845 1286 ,

164 1300 302 1336 decimo
315 1313 450 1336 mense.
462 1301 612 1345 Signum,
625 1298 723 1335 sidus
734 1298 852 1333 zodia-

163 1352 258 1387 ci.-·
268 1353 477 1393 Prema-tetus
487 1351 680 1398 elegantius
691 1378 702 1396 ,
719 1363 825 1397 quam
840 1376 849 1394 ,

164 1418 277 1451 quum
295 1405 623 1447 intravisset-sidus,
645 1404 681 1439 id
699 1411 751 1440 est
763 1430 773 1449 ,
796 1403 848 1439 sol

162 1457 342 1506 decimum
359 1458 511 1505 siguum.
536 1457 597 1493 Sol
607 1461 733 1504 premit
752 1456 845 1500 loca,

163 1509 206 1545 ad
222 1523 300 1558 que
315 1511 465 1551 accedit,
485 1510 589 1556 XIV,
608 1510 734 1555 41ss.—
747 1511 848 1545 Gra-

162 1566 259 1605 vitas,
273 1576 377 1611 grave
387 1576 533 1599 onus.—
540 1565 721 1604 Tendebat,
732 1569 850 1598 exten-

161 1613 266 1650 debat
277 1641 287 1660 ,
306 1622 346 1650 ut
362 1616 396 1650 X
409 1642 419 1660 ,
439 1616 515 1652 505.
524 1634 569 1644 --
581 1617 684 1660 Quod
679 1615 847 1660 serebam-

162 1667 298 1703 Amant
312 1667 426 1704 Graeci
438 1675 473 1704 et
486 1668 604 1703 Latini
620 1675 790 1703 neutrum
803 1667 848 1703 de

161 1721 283 1766 quovis
292 1721 483 1756 soetu.vide
494 1720 668 1756 Gronovii
681 1719 768 1756 obs.
779 1720 845 1761 ΙΙΙ,

160 1775 537 1820 2.-—Tectiponder1:r‚·
555 1774 690 1810 Seneca
704 1801 715 1819 ,
735 1774 846 1820 Epist.

164 1827 226 1871 124
236 1853 245 1871 ,
262 1827 328 1862 Ille
338 1854 347 1869 ,
371 1830 433 1873 qui
445 1834 668 1863 maternorum
685 1830 848 1862 viscerum

159 1879 246 1913 on'us
259 1881 370 1914 latens
383 1880 674 1915 esa—Auctorem
683 1907 692 1921 ‚
709 1886 749 1914 ut
762 1880 848 1914 He—

159 1929 248 1965 roid.
272 1930 327 1966 VI
339 1957 349 1974 ,
370 1944 415 1966 20
426 1957 436 1975 ‚
460 1933 546 1966 mihi
560 1931 852 1976 gran'doefi‘cerat

160 1990 281 2018 auctor
286 1996 382 2020 onus.
389 2003 434 2010 —
443 1986 516 2021 Nec
521 1985 620 2030 jam.-
640 1983 764 2020 Codex
773 1982 850 2020 Re-

161 2037 236 2083 gius
247 2037 278 2072 A
290 2063 300 2083 ,
309 2038 391 2082 jam
406 2051 484 2074 non.

198 2103 273 2138 ²9¹·
287 2092 415 2134 Habet,·
432 2091 495 2135 (sic
504 2091 617 2127 nostri
627 2090 749 2139 Regii)
758 2092 848 2128 Nea-

160 2141 347 2186 poiitanus,
359 2143 534 2179 secundus
541 2144 726 2180 Mediceus
737 2152 772 2180 et
781 2145 849 2181 Ur·

161 2194 260 2230 binas
277 2197 381 2238 adit,·
404 2195 488 2231 inde
509 2197 677 2233 Heinsius
697 2198 849 2243 conjecit

161 2243 417 2284 obit—Hormi·
423 2250 526 2284 habet
531 2257 634 2285 anus.
643 2251 673 2285 A
679 2259 752 2286 mat
761 2251 850 2287 Nos-

162 2307 218 2336 ter
232 2301 324 2337 hanc
340 2302 493 2337 sormam
513 2302 681 2349 loquendi
695 2319 704 2346 ;
724 2304 821 2340 VIII
837 2332 846 2349 ,

101 2356 105 2362 ’
162 2356 205 2399 84
215 2381 224 2399 ,
238 2357 342 2389 habet
344 2362 484 2400 pectora
492 2367 648 2399 somnus5
660 2356 734 2392 VII
748 2384 757 2401 ,
770 2359 847 2403 547,

161 2409 265 2442 habet
277 2409 423 2452 languor
435 2410 567 2451 omnia5
582 2408 618 2443 ΙΙ
631 2434 642 2450 ,
660 2408 750 2445 Fast.
766 2411 847 2455 754,

160 2461 264 2495 habet
280 2467 421 2506 pectora
432 2459 550 2506 frigus
567 2473 577 2494 :
597 2459 676 2495 vide
700 2468 736 2496 et
758 2461 850 2497 infra

162 2511 206 2547 ad
223 2512 257 2547 X
269 2539 279 2557 ‚
299 2515 352 2549 81.

208 2566 284 2613 294.
308 2567 482 2611 Nixosque
497 2579 611 2610 pares.
638 2565 756 2611 Vulgo
770 2592 778 2609 ‚
804 2569 855 2601 ad

161 2631 268 2654 nexos
275 2627 409 2664 partus.
421 2620 526 2655 Unus
539 2620 701 2655 Vatican.
716 2627 752 2655 et
765 2619 851 2655 Cio-

162 2671 277 2715 sanus,
287 2673 511 2718 adactusque
514 2686 627 2717 pares.
635 2672 726 2707 Dan.
737 2673 850 2707 Hein-

162 2723 231 2758 sius
244 2736 285 2758 ex
298 2723 406 2759 MSS.
417 2725 563 2770 protulit
574 2727 848 2770 adnt'suspares,

163 2783 199 2811 et
213 2777 386 2823 conjecit,
406 2780 458 2813 ad
469 2781 564 2814 nisus
580 2779 634 2815 vel
653 2783 754 2814 nisus
767 2792 854 2823 par-

917 1201 978 1228 tes.
1000 1193 1166 1240 Plerique
1188 1194 1418 1238 vetustiores,
1440 1194 1605 1242 Lucinam

917 1259 1089 1292 nexusque
1106 1259 1210 1291 pares
1225 1274 1233 1287 ‚
1259 1246 1326 1282 nisi
1340 1246 1446 1292 quod
1463 1246 1607 1292 quidam

917 1302 1098 1344 nixusque,
1119 1299 1214 1344 quod
1225 1299 1397 1341 Turnebo
1407 1299 1607 1344 probatum.

919 1351 1077 1386 Florent.
1096 1350 1132 1386 S.
1154 1351 1267 1386 Marci
1288 1344 1505 1398 pro‘diversa
1527 1351 1606 1387 lec—-

914 1402 1010 1438 tione
1022 1429 1032 1447 ,
1057 1406 1115 1438 vel
1128 1406 1230 1438 nixus
1248 1406 1307 1438 vel
1320 1416 1441 1438 noxas.
1462 1403 1606 1438 Primus

914 1455 1100 1491 Mediceus
1117 1483 1127 1501 ‚
1155 1455 1331 1492 secundus
1359 1455 1540 1492 Palatinus
1570 1463 1606 1490 et

914 1507 986 1543 duo
994 1508 1049 1543 alii
1059 1535 1068 1552 ,
1079 1521 1362 1554 nexosquepares.
1371 1508 1485 1544 Nicol.
1493 1507 1605 1542 Hein-

912 1561 983 1597 sius
998 1562 1102 1609 elegit
1119 1576 1160 1597 ex
1174 1575 1247 1597 uno
1261 1575 1325 1598 suo
1340 1589 1349 1605 ,
1367 1565 1530 1607 nixosque
1535 1575 1607 1606 pa-

912 1628 986 1658 res,
1003 1615 1172 1662 idemque
1195 1615 1279 1650 olim
1298 1615 1457 1662 legebat,
1484 1619 1607 1649 nixum

907 1683 1020 1714 pates.
1030 1689 1075 1696 -
1086 1669 1218 1716 Regius
1231 1676 1352 1705 noster
1364 1670 1397 1704 A
1410 1696 1419 1713 ,
1436 1681 1606 1713 nexusque

906 1734 1009 1766 pares
1019 1735 1031 1766 ,·
1049 1722 1183 1769 Regius
1193 1723 1222 1758 B
1232 1749 1241 1767 ,
1258 1725 1309 1757 ad
1315 1735 1422 1757 nexos
1428 1729 1605 1766 partus.—

912 1776 1025 1810 Nixos
1039 1782 1099 1810 aut
1112 1777 1235 1811 leios
1249 1774 1427 1822 puerperii
1441 1772 1604 1819 praesides

911 1827 1015 1863 fuisse
1033 1827 1157 1862 volunt
1176 1854 1186 1872 ‚
1212 1841 1231 1862 a
1255 1829 1392 1862 nitendo
1411 1826 1460 1861 sic
1481 1825 1603 1860 dictos.

913 1878 1037 1914 Festus
1056 1892 1064 1915 ε
1085 1880 1188 1913 Νιὶτιῖ
1198 1879 1268 1913 D1'1'
1277 1881 1346 1913 tria
1360 1881 1461 1923 signa
1476 1879 1599 1923 appel——

911 1932 1027 1965 lantur
1037 1934 1075 1966 in
1095 1932 1264 1976 Capitolio
1280 1936 1362 1965 ante
1379 1929 1504 1964 cellam
1519 1930 1601 1964 Mi-

911 1997 1017 2018 nerva·
1033 2011 1042 2025 ‚
1066 1986 1208 2028 genibus
1229 1987 1314 2018 mssxa
1329 2010 1338 2025 ‚
1363 1985 1456 2018 velut
1470 1985 1601 2027 praesi-

911 2037 1028 2070 dentes
1032 2038 1237 2080 parientium
1245 2038 1393 2071 nixibus.
1405 2034 1524 2070 Etiam
1531 2035 1602 2071 No-

912 2088 992 2123 nius
1002 2101 1060 2123 eos
1068 2088 1284 2135 parientibus
1296 2088 1472 2134 praefuisse
1486 2087 1602 2123 tradit.
1641 2094 1645 2099 ’

913 2141 957 2177 In
977 2141 1059 2176 MS.
1078 2140 1285 2176 Twisdenio
1310 2141 1471 2176 additum
1494 2139 1601 2176 schol.

912 2195 1008 2230 Nexi
1013 2200 1093 2229 sunt
1099 2195 1166 2236 Di,
1179 2198 1241 2240 qui
1245 2202 1449 2230 connectunt
1454 2197 1602 2229 membra

912 2249 1084 2282 multi-rum
1096 2249 1210 2282 soluta
1225 2250 1277 2282 ad
1281 2255 1434 2293 partum,
1450 2250 1539 2283 unde
1554 2250 1603 2281 di-

913 2306 1034 2335 cuntur
1046 2302 1145 2336 chi.
1157 2319 1202 2326 —-
1217 2303 1393 2346 Nixusque
1398 2314 1510 2346 pares.
1522 2301 1602 2334 Duo

912 2362 993 2390 sunt
997 2354 1145 2399 fratres,
1166 2357 1374 2399 Diipartus‚
1392 2359 1484 2390 sicut
1493 2361 1527 2388 et
1533 2355 1603 2389 Lu-

913 2412 1008 2443 cinoe.
1037 2409 1176 2443 Verum
1206 2417 1334 2454 praeter
1357 2408 1603 2454 grammaticos

913 2474 1024 2496 nemo
1045 2469 1230 2496 auctorum
1254 2469 1415 2495 veterum
1440 2461 1603 2495 mentio-

914 2528 999 2549 nem
1026 2515 1107 2549 sacit
1132 2515 1306 2549 Nixorum
1334 2521 1394 2548 aut
1418 2514 1601 2549 Nexorum

914 2567 1089 2603 Deorum.
1111 2567 1187 2602 Nec
1214 2574 1380 2612 apparet,
1406 2579 1476 2612 quo
1498 2580 1603 2602 sensu

914 2620 971 2655 hic
982 2620 1268 2664 dicanturparcs‚
1284 2619 1378 2666 quod
1391 2619 1514 2655 Burm.
1528 2633 1606 2654 mu·

914 2679 1030 2707 tatum
1040 2672 1176 2708 volebat
1187 2672 1224 2707 in
1236 2673 1354 2714 Lares,
1369 2679 1408 2707 ut
1416 2672 1605 2707 Nixiinter

918 2724 1016 2759 Deos
1039 2724 1146 2760 Lares
1166 2724 1235 2759 sint
1251 2724 1369 2761 habiti.
1386 2724 1610 2760 Schirachius

915 2776 1073 2814 defendit
1090 2777 1166 2814 lect.
1184 2777 1274 2825 vulg.
1290 2780 1342 2813 ad
1353 2791 1459 2813 nexos
1468 2784 1602 2823 partus,
