1820 3106
325 257 1046 306 METAMORPHOSEON
1085 259 1216 304 LIB.
1259 263 1352 307 IX.

1489 282 1550 326 99

126 381 150 403 u
175 359 272 408 Hac
292 356 444 407 caelum
466 355 631 405 cervice
656 353 739 403 tuli
759 374 770 404 :
795 354 963 404 defessa
982 355 1183 425 jubendo
1208 369 1276 406 est

124 459 149 480 »
175 437 295 486 Saeva
309 434 437 484 Jovis
458 433 646 500 conjux3
672 451 754 497 ego
775 453 873 482 sum
895 434 1145 484 indefessus
1168 436 1356 499 agendo.

125 537 151 558 n
178 514 266 564 Sed
289 532 406 562 nova
426 512 567 580 pestis
587 512 739 570 adest,
765 511 837 561 cui
859 531 941 562 nec
962 513 1126 563 virtute
1149 515 1324 575 resisti,

1491 542 1556 566 2«)st

124 614 150 637 »
176 593 269 641 Nec
293 589 393 643 telis
413 590 598 640 armisve
622 601 804 657 potest:
825 589 1119 657 pulmonibus
1144 605 1259 641 errat

124 692 150 715 »
175 670 303 734 Ignis
327 669 437 719 edax
460 668 563 718 imis
578 706 590 727 ‚
610 687 779 736 perque
803 687 956 718 omnes
977 669 1177 736 pascitur
1197 682 1332 720 artus.

125 771 150 793 ι)
175 749 240 798 At
259 747 376 798 valet
398 746 703 815 Eurystheus,
726 759 770 796 et
794 758 927 806 sunt,
954 747 1033 814 qui
1058 749 1234 798 credere
1256 750 1434 818 possint

125 850 150 872 »
174 829 286 877 Esse
309 828 467 877 Deos?
492 849 515 870 »
536 825 680 874 dixit:
700 845 870 893 perque
895 826 1028 875 altam
1054 828 1230 877 saucius
1255 830 1406 879 OEten

122 906 258 957 Haud
279 906 407 957 aliter
431 905 656 970 graditur,
683 924 815 971 quam
838 905 876 953 si
898 904 1116 953 venabula
1143 905 1271 969 tigris

1496 925 1562 957 205

122 987 324 1054 Corpore
346 984 432 1034 fixa
456 995 580 1048 gerat
594 1022 606 1042 ‚
629 983 822 1050 factique
844 982 1060 1046 refugerit
1080 995 1249 1033 auctor.

122 1060 249 1147 Saepe
272 1063 401 1114 illum
422 1063 614 1127 gemitus
637 1061 839 1110 edentem
855 1098 867 1120 ‚
891 1080 1005 1128 saepe
1029 1062 1289 1112 frementem
1306 1102 1320 1122 ‚

171 1211 243 1259 198.
278 1210 402 1245 celum
425 1211 552 1244 cervice
574 1209 670 1249 tult‚·
700 1219 812 1252 quum

126 1262 310 1299 Atlantem
319 1263 468 1298 misisset
478 1261 521 1296 ad
533 1260 625 1295 mala
640 1259 814 1306 Hesperi-

125 1315 214 1351 dum
229 1314 447 1363 apportanda
458 1341 468 1358 ,
486 1314 589 1360 eique
604 1313 730 1348 caelum
741 1325 813 1347 sar-

125 1367 412 1413 cinapawasuit;
423 1366 493 1409 vid.
505 1365 653 1402 Heroid.
666 1365 718 1400 lx
726 1391 736 1409 ‚
749 1365 811 1408 583

128 1428 166 1457 et
174 1423 314 1467 firmior
333 1421 504 1455 Herculea
521 1420 666 1453 mundus
687 1420 817 1453 cervice

121 1475 284 1519 pependit
305 1471 399 1519 apud
422 1471 680 1514 Claudianum,
700 1470 744 1505 R.
773 1469 814 1504 P.

129 1525 167 1561 11
178 1551 189 1570 ,
205 1524 302 1571 pref.
318 1526 359 1570 47
375 1537 384 1559 :
403 1522 494 1559 adde
513 1522 624 1558 Laud.
641 1522 749 1558 stilic..
771 1522 788 1556 1
801 1547 812 1565 ,

129 1577 202 1622 143.
218 1575 388 1613 Fabulam
403 1575 657 1622 interpretatur
670 1574 816 1610 Servius

125 1628 172 1668 ad
189 1629 275 1666 AEn.
293 1629 332 1674 Ι,
346 1631 406 1676 741
427 1643 436 1665 :
455 1643 472 1659 κ
487 1628 559 1664 Hic
571 1628 700 1673 (Atlas)
718 1627 815 1674 quod

127 1697 146 1714 ι·
162 1694 300 1718 annum
327 1682 365 1717 in
390 1689 550 1728 tempora
574 1681 751 1724 diviserit,
778 1686 815 1714 et

126 1751 146 1768 ²·
164 1735 300 1783 primus
318 1735 500 1771 stellarum
520 1747 642 1770 cursus
661 1734 716 1768 vel
737 1733 814 1768 cir-

126 1804 144 1821 ι·
161 1788 325 1825 culorum
338 1814 349 1833 ,
375 1787 431 1822 vel
451 1786 609 1822 siderum
627 1785 815 1825 transitum

126 1855 145 1872 ιι
162 1847 377 1886 naturaque
406 1838 628 1884 descripserit
648 1864 658 1882 ,
689 1837 816 1873 caelum

126 1909 145 1925 κ
163 1893 277 1939 dictus
285 1899 337 1929 est
345 1891 530 1928 sustinere.
539 1890 575 1936 Q
581 1891 637 1925 uia
645 1898 815 1936 nepotem

127 1964 145 1980 »v
161 1961 266 1985 suum
296 1946 519 1982 Mercurium
553 1953 590 1980 et
620 1946 817 1981 Herculem

127 2017 147 2034 ιο
163 2001 322 2037 docuisse
346 1999 499 2044 dicitur,
523 1998 606 2034 inde
641 1999 816 2035 Hercules

129 2070 148 2085 ι·
163 2055 289 2090 celum
304 2053 347 2089 ab
359 2052 504 2088 Atlante
521 2059 723 2099 susceptum
739 2065 818 2087 sus-

131 2121 149 2138 »
165 2106 310 2142 tinuisse
340 2112 507 2140 narratur
524 2132 534 2149 ,
565 2112 711 2151 propter
741 2105 816 2141 caeli

132 2174 150 2189 ›-
168 2158 350 2194 scientiam
366 2158 541 2194 traditam.
557 2173 574 2188 »ι
592 2156 739 2195 Confer.
750 2158 818 2193 ΑΙ-

130 2210 246 2247 bricus
259 2210 303 2246 de
314 2210 477 2245 Deorum
487 2210 619 2256 Imagg.
628 2223 701 2256 cap.
719 2225 818 2246 22.—

131 2262 283 2308 Descssa
293 2263 449 2307 jubendo
470 2268 525 2297 est
546 2270 611 2298 etc.
638 2263 720 2299 Hoc
743 2263 818 2309 ipsa

131 2317 231 2352 Juno
247 2317 378 2351 fatetur
393 2314 486 2361 apud
499 2315 672 2350 Senecam
685 2342 694 2359 ,
709 2316 817 2351 Herc.

132 2369 218 2405 Fur.
234 2368 319 2403 XLI
338 2381 346 2402 :
362 2368 538 2412 umorque
551 2369 650 2402 labor
661 2375 714 2403 est
727 2370 819 2403 Her·-

130 2425 219 2463 culi‚
231 2421 340 2466 jussa
353 2423 508 2465 exsequi,
531 2420 640 2462 Quam
655 2421 818 2465 mihiju-

133 2474 325 2511 ὗεν-ε.Ηίυο
337 2472 501 2508 Valerius
514 2471 605 2507 Flac.
618 2471 665 2515 V,
681 2473 742 2516 43,
755 2486 819 2507 vo-

133 2534 233 2563 catur
248 2526 466 2571 monstrgserae
473 2538 544 2569 par
551 2538 706 2560 novercoe.

178 2593 254 2615 201.
271 2580 364 2613 Telis
376 2579 426 2614 vis
439 2579 591 2613 insertur
601 2603 611 2619 ,
626 2582 730 2613 armis
739 2592 820 2613 cor-

135 2646 201 2680 pus
209 2632 598 2679 tegituretdesenditur.
611 2632 705 2667 Male
715 2633 825 2679 igitur

138 2685 231 2722 Rod.
250 2687 336 2720 noch
358 2687 549 2727 Geschoss,
571 2688 657 2720 noch
677 2687 819 2721 Gewehr.

137 2739 427 2779 —Pulmom‘bus‚
451 2751 515 2784 per
531 2739 737 2784 pulmonum
758 2738 795 2774 11
808 2764 818 2782 ,

138 2791 200 2827 801
215 2816 225 2835 ,
242 2792 352 2825 medio
360 2793 530 2834 pulmone.

925 1207 1001 1241 203.
1021 1209 1074 1243 At
1084 1211 1177 1244 valet
1184 1211 1414 1256 Eurystheum
1431 1211 1487 1247 hic
1499 1214 1566 1248 suit

878 1258 1038 1294 Stheneli
1049 1260 1286 1308 Mycenarum
1298 1264 1387 1309 regis
1399 1264 1566 1312 filius,qui

877 1311 1080 1357 impellente
1092 1314 1239 1350 Junone
1259 1316 1454 1352 Herculem
1471 1319 1567 1353 varia

878 1365 1031 1410 pericula
1047 1365 1143 1401 adire
1160 1367 1270 1412 jussit.
1283 1370 1348 1402 Ed.
1359 1371 1499 1405 —Sunt
1511 1374 1573 1416 qui

877 1419 1009 1452 credere
1016 1425 1080 1454 etc..
1094 1418 1218 1454 Miseri
1229 1433 1340 1466 quum
1352 1421 1568 1459 adversarios

875 1467 957 1506 suos
979 1470 1134 1506 valentes
1158 1471 1281 1507 vident
1292 1498 1302 1516 ,
1327 1474 1426 1509 facile
1451 1474 1568 1510 indu-

876 1530 1009 1558 cuntur
1026 1549 1036 1567 ,
1061 1530 1102 1558 ut
1127 1522 1171 1557 de
1199 1524 1422 1569 providentia
1450 1526 1570 1563 divina

877 1574 1050 1610 dubitent.
1060 1576 1324 1618 -EsscDeos‚
1339 1578 1468 1614 scilicet
1478 1606 1487 1623 ,
1507 1581 1569 1625 qui

877 1639 999 1661 curam
1025 1634 1150 1672 gerant
1172 1641 1295 1663 rerum
1316 1629 1567 1667 humanarum.

880 1677 1017 1713 Confer
1030 1677 1269 1715 Claudianum
1281 1682 1317 1716 in
1330 1682 1454 1718 Rufin.
1465 1685 1500 1728 Ι,
1519 1688 1569 1721 13.

877 1733 968 1766 Esse
977 1731 1128 1768 omnino
1136 1732 1232 1768 Deos
1247 1746 1376 1780 negare
1387 1749 1459 1770 non
1473 1745 1570 1782 pote-

877 1792 932 1819 rat
940 1811 951 1829 ,
965 1798 1075 1830 quum
1087 1794 1190 1821 antea
1200 1787 1271 1833 ipse
1278 1789 1465 1824 Junonem
1475 1804 1570 1826 com·

878 1837 1213 1883 pellasset.·—-Altum
1230 1840 1328 1876 dedit
1347 1842 1516 1878 Heinsius
1528 1857 1570 1879 ex

880 1890 1089 1928 Florentino
1105 1891 1141 1927 S.
1155 1892 1269 1928 Marci
1286 1901 1322 1928 et
1336 1894 1408 1929 aliis
1424 1896 1571 1940 quibus-

879 1942 982 1985 dam;
999 1943 1142 1990 plurimi
1154 1948 1271 1981 altam.
1281 1946 1451 1983 -Nostri
1467 1948 1570 1995 Regii

878 1996 986 2030 altam
1012 1995 1108 2042 quod
1135 1998 1384 2043 reponendum
1411 2013 1539 2035 censeo
1557 2028 1568 2044 ,

880 2050 962 2094 quia
974 2050 1064 2085 insra
1074 2077 1084 2095 ‚
1097 2051 1134 2085 in
1147 2063 1250 2087 versu
1261 2053 1327 2088 230
1335 2079 1346 2097 ‚
1361 2067 1448 2099 quas
1460 2057 1570 2089 ardua

876 2109 1032 2147 gesserat
1044 2105 1130 2138 OEte.
1142 2103 1209 2140 Ed.
1225 2107 1388 2141 ——Jlaud
1392 2109 1496 2141 aliter
1503 2114 1570 2143 etc.

882 2156 949 2191 His
959 2163 995 2191 et
1003 2158 1229 2203 sequentibus
1237 2159 1389 2205 graviter
1395 2161 1569 2195 cruciatus

882 2211 1046 2247 Herculis
1057 2219 1238 2248 notantur.
1248 2233 1293 2241 —
1307 2216 1418 2260 Tigris
1428 2216 1571 2260 praesert

882 2263 1079 2299 Florentin.
1089 2264 1264 2308 S.Marci;
1279 2266 1341 2301 sed
1355 2267 1443 2301 alter
1452 2268 1570 2301 Ham-

881 2315 981 2362 burg.
989 2311 1142 2361 pardus}
1155 2317 1227 2352 duo
1236 2331 1372 2360 cervum
1383 2320 1488 2364 vulgo
1496 2326 1568 2353 lau-

879 2382 948 2404 rus.
957 2370 1068 2414 Tigrtk
1074 2370 1208 2416 optime
1215 2371 1381 2406 convenit
1388 2371 1469 2406 huic
1475 2384 1570 2405 com-

882 2423 1066 2468 parationi.
1082 2442 1128 2450 --—
1144 2424 1246 2470 Regii
1269 2425 1380 2458 nostri
1395 2450 1404 2467 ‚
1428 2432 1544 2459 taurus
1556 2451 1564 2464 ,

884 2476 977 2520 quod
993 2477 1134 2512 mallem
1147 2504 1157 2521 ‚
1170 2478 1250 2523 quia
1261 2478 1451 2523 simplicior
1461 2485 1496 2513 et
1506 2491 1548 2524 ap
1556 2498 1569 2504 -

883 2531 954 2565 tior
968 2533 1183 2576 comparatio
1196 2536 1376 2567 tauricum
1390 2533 1545 2568 Hercule
1555 2559 1565 2577 ‚

884 2596 991 2628 quam
1009 2586 1153 2627 tigridis.
1171 2583 1236 2618 Ed.
1254 2602 1298 2610 —
1309 2585 1443 2619 Auctor
1447 2585 1548 2629 facti
1554 2612 1564 2625 ‚

883 2627 1073 2669 &vulnerum
1089 2643 1210 2670 auctor
1230 2637 1290 2682 qui
1309 2637 1488 2672 venabulis
1506 2639 1568 2672 se-

884 2699 961 2721 ram
971 2687 1124 2722 confixit.
1138 2689 1203 2723 Ed.

929 2752 1003 2783 207.
1023 2742 1224 2775 Fre-mentem
1246 2740 1424 2791 adoptavit
1445 2741 1571 2777 Heia-¹

884 2792 954 2828 sius
970 2806 1010 2827 ex
1030 2792 1161 2830 Codice
1181 2793 1298 2829 Caroli
1312 2794 1461 2840 Sprotii,
1482 2802 1568 2829 tan—-
