1820 3106
262 253 353 310 424

642 257 696 299 P.
736 255 964 300 OVIDII
1003 254 1298 300 NASONIS

268 372 292 392 n
319 351 472 399 Unum
492 361 560 399 est
582 351 629 398 in
654 351 796 401 media
818 350 963 405 lumen
984 350 1092 398 mihi
1116 350 1284 409 fronte,
1309 350 1385 400 sed
1406 351 1545 401 instar

266 450 290 471 »
318 429 515 491 Ingentis
540 429 678 496 clypei
697 449 708 477 :
733 429 873 496 quid?
892 448 983 477 non
1003 429 1095 477 haec
1115 429 1258 477 omnia
1284 449 1470 492 magnus

266 527 290 549 >›
318 505 395 553 Sol
418 505 537 554 videt
561 525 583 553 e
606 505 742 555 caelo?
764 505 857 555 Soli
879 516 1022 555 tamen
1043 506 1200 555 unicus
1227 507 1360 556 orbis.

265 606 290 627 »
318 584 470 642 Adde,
498 584 617 651 quod
639 585 684 632 in
708 597 852 632 vestro
874 583 1045 647 genitor
1063 602 1187 632 meus
1210 603 1385 650 aequore
1406 596 1557 648 regnat
1578 604 1588 632 ε

265 681 289 702 >›
315 660 447 708 Hunc
467 659 554 708 tibi·
569 661 625 708 do
645 679 842 709 socerum
864 680 874 708 :
899 671 1070 708 tantum
1087 660 1312 718 miserere,
1338 678 1578 726 precesque
1610 675 1678 710 855

266 758 289 779 »
320 735 543 803 Supplicis
567 737 741 795 exaudi;
764 737 845 785 tibi
868 736 981 785 enim
1002 735 1327 784 succumbimus
1343 735 1448 784 uni:

266 833 289 854 »
316 813 497 879 Quique
514 814 543 861 J
546 832 689 871 ovem,
709 825 753 862 et
769 812 922 862 caelum
941 830 1122 878 sperno,
1143 824 1186 860 et
1201 811 1473 878 penetrabile
1489 803 1676 870 fulmen,

266 912 289 933 »
316 890 475 949 Nerei,
500 903 542 939 te
566 909 718 939 vereor
738 910 747 938 :
769 902 843 938 tua
864 889 1045 938 fulmine
1071 889 1223 939 saevior
1244 889 1309 936 ira
1333 899 1428 936 est:

264 988 288 1009 >›
317 966 466 1033 Atque
488 987 573 1030 ego
595 980 842 1016 contemtus
865 986 1003 1016 essem
1026 967 1265 1035 patientior
1288 967 1447 1032 hujus,

263 1063 288 1084 »
317 1042 365 1090 Si
387 1042 559 1106 fugeres
586 1062 737 1092 omnes
766 1064 776 1092 ε
801 1044 879 1093 sed
905 1063 1000 1101 cur,
1029 1043 1221 1110 Cyclope
1241 1042 1449 1110 repulso,

1612 1058 1680 1093 860

263 1141 287 1163 n
314 1121 430 1169 Acin
452 1141 590 1180 amas,
612 1122 877 1188 praefersque
897 1122 1005 1170 meis
1026 1121 1302 1189 amplexibus
1322 1122 1471 1170 Acin?

263 1222 287 1243 »
314 1199 392 1248 Ille
416 1212 561 1249 tamen
582 1200 840 1267 placeatque
860 1201 947 1248 sibi
961 1237 973 1258 ‚
999 1200 1252 1268 placeatque
1273 1200 1425 1249 licebit
1439 1238 1451 1258 ‚

263 1300 287 1320 >›
317 1277 453 1341 Quod
473 1276 634 1326 nollem
650 1315 661 1336 ‚
691 1278 891 1337 Galatea,
920 1277 1030 1336 tibi;
1056 1278 1189 1326 modo
1214 1277 1341 1344 copia
1362 1276 1514 1335 detur,

263 1378 287 1398 »
316 1356 484 1404 Sentiet
505 1374 598 1405 esse
616 1357 726 1405 mihi
748 1369 871 1406 tanto
895 1377 977 1425 pro
1002 1376 1183 1423 corpore
1204 1357 1330 1406 vires.

265 1455 289 1475 »
317 1432 495 1481 Viscera
516 1434 612 1482 viva
637 1434 819 1492 traham,
845 1434 1100 1500 divulsaque
1124 1434 1319 1482 membra
1337 1451 1417 1500 per
1439 1452 1591 1496 agros,
1610 1447 1677 1483 865

264 1533 287 1553 »
315 1512 486 1577 Perque
511 1523 607 1559 tuas
632 1530 858 1579 spargam,
884 1511 946 1559 sic
972 1530 1017 1559 se
1041 1511 1125 1558 tibi
1147 1510 1354 1559 misceat!
1378 1510 1532 1559 undas.

304 1620 378 1655 852.
396 1622 510 1655 Instar
526 1623 674 1665 Ingentis
693 1623 809 1666 clypei.
826 1620 935 1656 Sum—

261 1680 336 1707 tum
351 1673 418 1707 hoc
431 1685 471 1707 ex
479 1673 626 1718 Virgilio
637 1699 646 1716 ,
661 1673 743 1707 AEn.
758 1674 831 1717 ΙΙΙ,
848 1674 932 1709 636:

260 1726 381 1768 Ingens
399 1727 489 1769 quod
506 1730 598 1759 torva
618 1727 726 1759 solum
746 1728 809 1759 sub
819 1726 939 1769 fronte

258 1778 388 1810 latebat
398 1802 406 1816 ,
428 1779 584 1820 Argolici
593 1779 705 1823 clypei
718 1783 780 1811 aut
789 1779 937 1812 Phaebea·

258 1831 427 1872 lampadis
434 1832 550 1864 instar.
562 1829 679 1864 Etiam
689 1829 935 1875 Callimachus,

262 1881 384 1927 hymn.
402 1880 443 1914 ad
462 1881 613 1915 Dianam
626 1908 634 1924 ‚
655 1883 715 1925 53,
738 1882 832 1917 hunc
853 1896 937 1918 ocu-

262 1933 335 1967 lum
352 1946 432 1967 cum
454 1935 538 1968 σάκει
555 1939 732 1984 τετραθσείῳ
749 1942 936 1980 comparat.

264 1984 310 2018 Et
325 1984 405 2029 quia
422 1985 563 2031 clypeus
581 1985 673 2020 orbis
684 2011 694 2029 ,
717 1988 822 2021 κύκλου
833 2012 843 2030 2
859 1985 938 2019 for—

263 2048 357 2069 mam
366 2036 482 2080 habet,
493 2036 574 2070 inde
585 2039 741 2076 Κύκλωπες
751 2036 832 2072 dicti
843 2043 937 2078 sunt;

264 2089 408 2123 Hesiod.
425 2089 557 2134 Theog.
579 2091 650 2133 144.
668 2108 710 2115 —-
723 2092 807 2124 Hoec
826 2093 938 2125 omnia

265 2146 417 2179 δεικτικῶς
428 2167 437 2184 ,
452 2148 491 2175 ut
506 2155 553 2175 vs.
569 2143 628 2176 801
640 2167 649 2184 ,
667 2144 722 2175 his
738 2145 939 2185 scopulis.—

261 2195 408 2237 Magnus
422 2219 430 2233 ‚
458 2199 636 2238 tamquam
662 2194 843 2238 proprium
858 2193 937 2228 solis

262 2245 441 2291 epitheton
454 2273 463 2288 ‚
477 2246 605 2290 recepit
618 2246 861 2287 Burmannus;
874 2246 935 2280 sed

262 2300 366 2345 vulgo
378 2327 386 2342 ‚
403 2306 437 2334 et
448 2299 563 2345 priscis
572 2299 609 2333 in
621 2298 828 2333 editionibus
838 2323 847 2340 ,
867 2299 934 2334 sic-

262 2351 313 2385 uti
333 2359 368 2385 et
388 2352 424 2385 in
448 2351 573 2386 nostris
597 2350 770 2386 codicibus
798 2350 934 2396 Regiis,

261 2403 387 2446 legitur
401 2416 522 2446 magno
536 2409 575 2436 ut
590 2402 759 2436 referatur
774 2401 815 2436 ad
833 2404 913 2435 caelo
924 2428 933 2442 ,

262 2455 360 2498 cujus
385 2454 564 2500 proprium
594 2467 732 2498 quoque
756 2453 934 2498 epitheton

263 2513 375 2551 potest
391 2506 467 2540 (lici.
481 2506 663 2540 Eat—Pro
675 2507 746 2539 Soli
757 2506 859 2551 vulgo
873 2506 934 2539 So-

262 2562 360 2593 lis.——
370 2557 489 2593 Codex
502 2558 629 2603 Regius
642 2558 670 2592 B
683 2558 787 2592 habet
797 2570 934 2603 quoque

262 2614 331 2645 soli
343 2624 422 2645 cum
440 2611 583 2656 Neapol.
602 2610 740 2645 Thuan.
762 2618 797 2645 et
820 2610 936 2645 multis

264 2664 334 2697 aliis
347 2690 355 2706 ,
367 2663 461 2698 unde
471 2663 538 2698 boc
548 2665 678 2709 recepit
688 2663 934 2698 Heinsius.Ed.

263 2715 417 2750 —Lusus
426 2716 462 2749 in
474 2729 547 2751 voc.
557 2719 647 2751 orbis
657 2729 780 2762 parum
791 2716 936 2761 proban-

266 2767 327 2802 dus
341 2782 349 2810 3
366 2775 612 2813 comparantur
622 2769 716 2803 enim
731 2768 914 2804 dissimilia.

1044 1621 1117 1663 854.
1134 1621 1175 1653 In
1187 1625 1298 1653 vestro
1310 1632 1450 1664 equore,
1471 1619 1532 1654 ubi
1548 1632 1609 1655 vos
1623 1621 1678 1655 vi-

999 1671 1075 1706 vitis
1086 1697 1094 1713 ,
1111 1683 1132 1704 o
1142 1670 1319 1705 Nereides.
1329 1672 1448 1704 Ed.—-
1459 1673 1600 1706 Genitor
1608 1672 1678 1706 Po-

1000 1722 1153 1770 lyphemi
1166 1723 1369 1768 Neptunus;
1395 1722 1462 1757 vid.
1478 1723 1655 1759 Homerus
1665 1750 1675 1768 ,

1002 1774 1106 1812 Od.A
1118 1801 1127 1819 ,
1144 1775 1187 1810 68
1204 1788 1277 1820 sqq.
1289 1775 1458 1810 Amantes
1470 1776 1576 1810 etiam
1587 1789 1607 1810 a
1619 1790 1678 1822 ge-

1002 1840 1086 1862 nere
1097 1840 1132 1861 se
1143 1826 1390 1861 commendare
1403 1827 1515 1862 solent
1526 1841 1535 1871 ς
1549 1828 1565 1862 I
1577 1854 1587 1871 ‚
1599 1830 1675 1874 517;

1002 1881 1075 1922 lx,
1098 1881 1196 1923 14—
1212 1880 1312 1914 Viros
1332 1880 1459 1915 virtute
1476 1887 1677 1926 praestantes

1002 1932 1099 1966 Jovis
1114 1932 1201 1967 filios
1217 1939 1328 1978 poetae
1345 1932 1523 1977 dixerunt,
1541 1940 1580 1967 ut
1590 1933 1677 1968 AEa-

1002 1995 1083 2018 cum
1097 2010 1106 2026 ,
1133 1983 1255 2017 Minoa
1265 2010 1274 2027 ,
1297 1983 1500 2028 Sarpedona
1514 1998 1522 2026 ;
1544 1983 1676 2020 stroces

1002 2048 1086 2069 vero
1103 2041 1138 2069 et
1154 2035 1325 2069 immanes
1340 2035 1496 2081 Neptuni
1515 2036 1621 2080 filios,
1637 2043 1677 2071 ut

1005 2085 1157 2133 Cyclopa
1175 2112 1185 2129 ,
1217 2085 1401 2133 Cercyona
1421 2113 1430 2129 ‚
1460 2087 1616 2134 Scyrona
1641 2093 1677 2122 et

1002 2138 1230 2184 Laestrigonas
1244 2151 1252 2173 ε
1269 2138 1332 2173 hos
1349 2139 1437 2173 mari
1457 2140 1592 2185 genitos
1603 2167 1613 2183 ,
1633 2139 1676 2174 il—

1000 2191 1051 2225 los
1067 2191 1159 2226 caelo.
1175 2193 1241 2226 Ed.

1045 2245 1119 2277 858.
1139 2246 1185 2278 Te
1195 2257 1317 2285 vereor,
1335 2251 1430 2279 tuam
1444 2245 1531 2280 iram
1544 2253 1675 2281 metuo.

1001 2295 1069 2331 Alii
1083 2295 1139 2341 (ut
1151 2296 1226 2331 cod.
1242 2297 1326 2341 Reg.
1341 2297 1388 2340 B)
1403 2297 1674 2342 leguntvencror.

1046 2348 1119 2383 863.
1141 2350 1241 2391 Quod
1252 2351 1370 2382 nollem
1379 2360 1392 2391 ‚·
1411 2348 1575 2383 Heinsius
1591 2345 1672 2394 legit

999 2405 1090 2447 quod
1101 2404 1212 2436 nolim.
1222 2421 1266 2428 -—
1275 2402 1415 2443 Sentiet,·
1433 2401 1509 2435 vide
1522 2401 1564 2435 ad
1575 2403 1646 2438 XII
1659 2429 1668 2447 ,

1001 2456 1120 2501 595.-
1127 2456 1262 2489 Viscera
1271 2461 1333 2489 etc.
1344 2461 1446 2499 atque
1458 2454 1544 2489 adeo
1558 2459 1672 2491 visce-

998 2508 1090 2539 ribus
1103 2510 1293 2540 miscrorum
1307 2510 1342 2540 ct
1353 2509 1514 2550 sanguine
1524 2511 1598 2542 atro
1613 2521 1671 2542 ve-

999 2562 1166 2601 uebatur,-
1178 2559 1310 2604 Virg.v.
1324 2559 1488 2605 ὅπα-697.
1497 2560 1566 2595 Sed
1580 2560 1670 2608 Acin

1000 2610 1074 2645 vult
1086 2615 1138 2645 sic
1151 2614 1286 2646 miscere
1296 2610 1555 2647 Galateae.—Sic
1563 2625 1601 2647 se
1610 2615 1673 2647 te'bt

1000 2667 1141 2699 misceat
1158 2677 1167 2698 ,⁶
1191 2664 1294 2710 vulgo
1308 2667 1346 2699 si
1357 2677 1394 2698 se
1413 2671 1476 2699 etc.
1489 2684 1534 2691 —
1549 2664 1671 2700 Codex

1000 2716 1131 2761 Regius
1155 2715 1187 2750 A
1208 2719 1283 2758 sic,·
1307 2715 1355 2750 ita
1378 2722 1412 2750 et
1433 2715 1540 2751 codex
1557 2716 1587 2751 B
1608 2727 1672 2761 pro

999 2765 1095 2803 varia
1109 2768 1266 2803 lectione.
