1820 3106
342 222 1033 283 ‘METAMORPHOSEON
1077 237 1207 280 LIB.
1254 238 1346 280 xl.

1468 236 1547 292 241

145 331 326 381 Tmolus
347 331 396 380 in
414 329 656 388 adscensu3
681 327 882 396 clivoque
903 340 1103 378 extentus
1126 340 1316 395 utroque
1329 366 1340 387 ,

146 402 357 459 Sardibus
377 407 481 456 hinc
495 444 507 466 ‚
531 406 653 455 illinc
671 407 819 474 parvis
841 407 995 455 finitur
1015 407 1242 475 Hypaepis.

144 486 240 535 Pan
260 484 324 533 ibi
347 484 451 533 dum
473 484 633 533 teneris
651 483 786 548 jactat
808 484 1094 533 sua'carmina
1116 482 1334 551 Nymphis
1348 521 1360 542 ‚

145 564 206 612 Et
223 562 314 612 leve
338 574 480 612 cerata
502 560 756 610 modulatur
777 562 990 611 arundine
1013 582 1210 620 carmem

145 643 293 691 Ausus
310 640 580 708 Apollineos
603 658 693 708 prae
713 660 758 690 se
782 651 1058 689 contemnere
1081 652 1234 688 cantus
1253 677 1264 697 ‚

1499 652 1558 686 155

143 720 300 769 Judice
322 719 406 768 sub
428 719 589 768 Tmolo
610 731 827 769 certamen
850 718 970 767 venit
992 717 1048 766 ad
1072 717 1225 784 impar.

144 798 303 847 Monte
326 816 408 846 suo
431 797 578 846 senior
596 797 729 863 judex
752 795 979 853 consedit3
1001 806 1045 842 et
1067 813 1192 843 aures

142 875 322 924 Liberat
345 875 582 924 arboribus
605 894 615 923 :
637 893 810 941 quercu*
823 892 948 923 coma
972 872 1127 921 caerula
1151 884 1321 921 tantum

145 952 376 1016 Cingitur3
402 965 446 1002 et
466 952 662 1019 pendent
683 952 845 1002 circum
869 969 971 999 cava
991 963 1188 1016 tempora
1211 948 1404 1013 glandes.

143 1079 242 1125 quasi
256 1079 379 1125 legerit
393 1081 488 1114 ridet.
505 1078 554 1113 At
568 1091 632 1124 ego
647 1077 738 1113 hanc
753 1091 822 1113 va-

121 1163 126 1169 .
142 1131 306 1166 rietatem
322 1131 484 1176 nuspiam
500 1138 657 1165 notatam
677 1131 790 1176 reperi
811 1157 821 1175 ,

143 1194 260 1228 neque
276 1189 392 1218 vastus
406 1189 442 1218 et
455 1181 583 1218 arduus
598 1195 701 1217 mons
716 1185 823 1216 ridere

144 1233 212 1270 dici
230 1241 354 1281 potest.
370 1234 443 1270 Sed
457 1247 522 1280 pro
538 1234 748 1280 simplicio-st
763 1240 823 1268 aut

143 1291 216 1322 stat
221 1287 343 1322 maluit
352 1285 552 1332 exquisitius
559 1291 651 1331 riget,
666 1285 759 1331 quod
767 1286 823 1320 be-

147 1351 194 1374 ne
210 1339 376 1374 convenit
385 1345 519 1374 naturae
532 1339 721 1373 montium.
734 1338 823 1372 Lac-

148 1390 299 1435 tantius,
322 1390 436 1426 lnstit.
451 1390 510 1434 11,
537 1400 617 1425 xvn
629 1416 639 1435 ,
657 1404 698 1436 9,
716 1392 826 1424 homi-

146 1457 221 1479 nem
234 1445 554 1490 rigt'dumfiguravae't,
569 1442 606 1477 id
615 1449 667 1477 est
677 1449 823 1483 rectum

149 1495 248 1542 Opis.
272 1495 367 1531 VIII
378 1521 390 1539 ‚
411 1509 431 1529 2
445 1521 455 1539 ,
474 1496 563 1529 bunc
582 1496 634 1528 ad
645 1497 823 1529 celicon-

145 1549 392 1593 templatabnem
400 1549 541 1591 rtkidum
556 1549 669 1581 erexit.
679 1564 724 1571 —
730 1546 824 1580 Alto.

149 1601 308 1648 Quidam
324 1601 380 1645 (et
388 1600 498 1636 nostri
509 1600 625 1646 Regii)
639 1602 718 1634 alte.
728 1598 826 1645 Quia

145 1654 217 1700 ipse
233 1654 368 1688 Tmolus
380 1654 523 1694 arduus,
535 1652 623 1687 altus
638 1659 709 1696 est,
720 1654 825 1687 altum

144 1705 251 1741 babet
273 1707 483 1740 adscensum.
511 1705 611 1739 Inter
637 1704 764 1740 Sardes
789 1712 826 1740 et

145 1757 321 1804 Hypaepas
331 1755 534 1791 extenditur
547 1756 710 1800 Tmolus,
722 1768 826 1791 mons

144 1807 234 1843 latus
249 1814 284 1857 et
297 1807 396 1843 altus.
412 1806 511 1843 Olim
523 1807 737 1843 scribebatur
755 1809 827 1854 Ty-

136 1858 276 1906 ‘molus;
292 1860 425 1896 Grecis
440 1861 538 1896 enim
555 1867 608 1895 est
622 1864 768 1906 Τύμωλος
790 1867 828 1895 et

145 1919 293 1958 Τμῶλοςς
307 1912 455 1956 Plinius,
467 1911 559 1947 dicto
569 1912 659 1956 loco,
677 1913 824 1954 Tmolus,

145 1968 207 2010 qui
215 1972 318 2000 antea
334 1965 493 2011 Tymolus
501 1966 743 2009 appellabatur.
755 1964 827 2000 Sed

147 2019 221 2064 iam
237 2017 329 2064 apud
346 2018 548 2053 Homerum
566 2044 576 2062 ,
601 2019 641 2053 ΙΙ.
657 2018 686 2053 Β
705 2045 715 2062 ,
737 2019 802 2053 866
814 2045 825 2063 ,

151 2071 303 2106 occurrit
317 2076 455 2115 Τμῶλος.
469 2089 514 2098 —·
532 2073 574 2106 In
584 2071 828 2107 redundanter

151 2122 560 2158 additum—Eatenus.
573 2124 695 2170 Vulgo
715 2124 775 2167 (et
789 2125 828 2159 in

151 2181 273 2209 nostro
288 2174 400 2220 Regio
417 2175 468 2218 B)
481 2181 647 2210 extensus.
657 2195 701 2202 —
713 2178 828 2211 Clivus

149 2234 294 2273 uterque,
305 2234 494 2272 utrumque
505 2227 593 2264 latus
602 2229 740 2264 montis.
749 2229 829 2264 Sar-

151 2279 213 2315 des
226 2283 263 2314 io
276 2281 380 2314 latere
399 2281 512 2314 ΤιιιοΙι
524 2280 623 2325 ponit
636 2281 740 2316 etiam
754 2282 829 2317 Pli-

152 2331 254 2375 nius,
267 2331 359 2366 Hist.
376 2331 455 2365 Nat.
474 2331 520 2375 V,
540 2343 643 2378 29.—
652 2331 707 2367 De
711 2345 830 2377 parus

151 2385 312 2431 Hspoepis
325 2383 405 2418 vide
421 2382 464 2418 ad
486 2384 636 2427 V1,13.

200 2437 272 2471 153.
289 2438 365 2472 Pan
378 2438 432 2471 iba
436 2438 513 2470 dum
526 2439 645 2470 tenm's
658 2443 722 2472 etc.
733 2437 830 2471 Pana

87 2508 91 2517 ι
153 2486 284 2523 elatum
293 2486 396 2523 fuisse
409 2500 470 2522 sua
483 2494 555 2522 arte
572 2501 591 2522 e
605 2489 830 2533 sequentibus

153 2545 307 2584 apparet.
322 2539 420 2574 Bene
436 2539 541 2585 igitur
550 2539 668 2583 jactat
679 2553 743 2574 sua
753 2554 832 2575 car-

154 2593 248 2624 mina
255 2616 264 2630 ‚
276 2596 405 2635 cantat,
416 2603 452 2626 se
462 2591 659 2626 ostentandi
671 2599 706 2626 et
715 2592 831 2638 gloriae

156 2643 355 2689 quaerendae
363 2644 558 2678 causa-De
565 2647 718 2691 nymphis
725 2646 831 2680 Tmo-

155 2694 180 2730 li
195 2694 316 2730 conser
331 2696 385 2730 VI
401 2722 411 2739 ,
434 2698 483 2730 15.
499 2715 543 2722 ·—
559 2698 666 2738 Leve,
685 2698 833 2742 pastori-

157 2745 256 2782 tium.
271 2765 315 2772 —-
331 2747 452 2781 Cerata
464 2750 608 2790 arundo,
628 2747 741 2784 fistula
758 2761 833 2794 pas-

315 2813 408 2859 IV.

886 1078 1003 1112 toritia
1026 1078 1112 1113 ceris
1134 1077 1321 1124 glutinata,
1341 1076 1384 1111 de
1403 1089 1471 1122 qua
1486 1075 1563 1110 vide

887 1130 929 1164 ad
946 1131 984 1174 1,
1004 1142 1078 1175 7¹0·
1101 1148 1144 1155 —-
1159 1131 1336 1163 Modalan·
1353 1141 1486 1163 carmen
1497 1155 1507 1170 ,
1526 1135 1565 1162 ut

888 1181 978 1227 apud
996 1181 1190 1227 Virgilium
1205 1207 1214 1223 ,
1241 1180 1313 1215 Ecl.
1333 1180 1387 1223 X,
1409 1182 1445 1214 51
1460 1205 1470 1223 ,
1487 1191 1567 1213 car—

888 1237 980 1268 mina
989 1237 1139 1278 pastoris
1155 1234 1264 1267 Siculi
1275 1234 1471 1266 modulabor
1486 1244 1568 1265 aoe-

888 1300 949 1327 na,
966 1293 1001 1321 et
1009 1299 1119 1331 saepe;
1136 1284 1214 1319 vide
1225 1284 1484 1318 Burmannum.
1495 1282 1567 1318 Sed

888 1345 924 1373 et
949 1341 1137 1373 moderatur
1149 1364 1159 1380 ,
1186 1336 1282 1382 quod
1307 1336 1438 1370 habent
1465 1334 1569 1370 multi

887 1390 999 1434 MSS,
1013 1396 1048 1424 et
1065 1388 1159 1434 quod
1175 1388 1324 1425 Heinsio
1338 1389 1470 1434 placet,
1483 1387 1570 1423 ferri

886 1440 1305 1502 posset,quandoquidem
1316 1441 1443 1486 passim
1452 1453 1570 1475 occur-

887 1494 934 1529 rit
947 1496 1117 1529 moderari
1113 1494 1259 1554 'lyram‚
1275 1492 1383 1536 fides,
1402 1505 1545 1527 carmen
1558 1518 1568 1535 ‚

889 1559 1092 1607 quanquam
1111 1546 1149 1581 in
1172 1546 1343 1601 plerisque
1366 1545 1448 1580 locis
1470 1545 1568 1580 MSS

887 1611 961 1633 non
973 1599 1090 1634 minus
1103 1583 1260 1642 variant,
1275 1610 1381 1643 quam
1395 1597 1462 1632 hoc
1481 1597 1568 1631 loco.

888 1650 959 1687 Sed
966 1663 1031 1696 ego
1040 1650 1152 1686 miror
1160 1651 1369 1685 Burmauno
1376 1661 1450 1683 non
1461 1649 1572 1683 inele-

890 1712 1032 1751 gantem
1049 1706 1158 1740 visam
1176 1718 1248 1740 esse
1271 1705 1375 1739 unius
1392 1703 1571 1739 Leidensis

891 1757 982 1792 Cod.
993 1758 1194 1802 lectionem,
1195 1758 1383 1803 jaculatur.
1394 1756 1489 1792 Dicit
1498 1757 1572 1801 qui-

888 1809 985 1854 dem,
998 1823 1034 1846 se
1041 1810 1077 1844 id
1087 1809 1270 1845 illustrasse
1282 1809 1325 1844 ad
1336 1810 1544 1844 Petronium
1557 1834 1567 1852 ,

889 1876 962 1909 cap.
978 1876 1061 1911 ¹093
1077 1863 1137 1899 sed
1147 1876 1284 1907 vereor,
1297 1871 1336 1898 ut
1346 1863 1393 1898 ibi
1403 1862 1482 1898 satis
1494 1862 1571 1897 ido-

889 1915 964 1950 neis
976 1916 1139 1961 exemplis
1152 1928 1233 1951 usus
1242 1916 1294 1951 sit.
1310 1916 1414 1950 Unus
1428 1917 1573 1950 medita-

889 1973 1000 2002 tur.—
1013 1967 1116 2013 Regii
1133 1967 1244 2003 nostri
1256 1968 1360 2002 ambo
1374 1969 1574 2002 modulatur.

939 2020 1012 2055 156.
1023 2022 1150 2055 Tmolo.
1159 2020 1240 2055 Deo
1250 2020 1380 2056 montis
1391 2035 1399 2064 ;
1414 2033 1570 2066 namque

891 2079 926 2108 et
949 2072 1127 2108 montibus
1146 2086 1208 2108 sua
1228 2073 1374 2109 suerunt
1398 2073 1548 2108 numina
1561 2099 1571 2118 ,

890 2125 978 2160 sicut
990 2131 1026 2159 et
1041 2124 1206 2160 fontibus.
1221 2127 1287 2161 Ed.
1299 2145 1344 2152 —
1362 2126 1458 2160 Hinc
1473 2125 1571 2160 Deus

892 2177 1039 2212 Tmolus
1049 2177 1269 2222 describitur,
1283 2185 1322 2212 ut
1333 2178 1412 2213 alibi
1422 2176 1571 2213 Inachus

892 2228 990 2264 Deus
1005 2229 1102 2264 fluvii
1120 2230 1250 2265 Inachi.
1269 2229 1373 2265 cons.
1386 2230 1571 2276 descriptio

893 2281 1045 2316 Atlantis
1057 2282 1149 2328 apud
1161 2282 1287 2317 Silium
1299 2309 1308 2326 ,
1324 2283 1341 2317 1
1352 2309 1361 2326 ,
1379 2285 1443 2317 205
1453 2295 1572 2327 sqq.—

894 2336 1068 2377 Consedit,
1080 2348 1178 2370 more
1188 2335 1357 2380 judicum,
1370 2335 1463 2370 unde
1474 2338 1572 2370 sede-

891 2399 927 2421 re
936 2387 1075 2432 proprie
1085 2387 1128 2422 de
1145 2387 1325 2432 judicibus.
1341 2387 1486 2422 Cinctus
1498 2395 1573 2423 erat

892 2442 1066 2473 arboribus
1079 2466 1087 2480 ,
1118 2439 1255 2473 coronis
1272 2439 1446 2474 variarum
1463 2440 1573 2477 arbo-

893 2502 974 2523 rum
986 2516 995 2534 ,
1014 2490 1093 2535 quia
1110 2490 1239 2524 montis
1255 2503 1422 2526 cacumen
1439 2490 1574 2526 arbori-

895 2542 958 2576 bus
977 2542 1149 2577 consiturn
1174 2554 1182 2576 ε
1205 2555 1261 2577 eas
1287 2556 1382 2578 nunc
1406 2542 1550 2589 deponit
1562 2570 1572 2588 ,

895 2593 955 2628 sed
970 2606 1034 2639 pro
1047 2606 1090 2627 eo
1101 2594 1239 2638 melius,
1251 2598 1373 2631 liberat
1382 2590 1572 2642 arboribus;

898 2647 1037 2680 auribus
1059 2647 1155 2680 enim
1184 2649 1311 2692 apertis
1330 2662 1416 2695 opus
1438 2659 1512 2686 erat
1537 2652 1575 2687 iu

896 2698 964 2735 hoc
977 2701 1167 2738 certamine
1178 2702 1320 2738 musico.
1336 2721 1380 2729 -
1393 2706 1496 2739 Coma
1508 2718 1575 2742 coev

897 2754 971 2786 rula
980 2778 988 2794 ,
1017 2753 1098 2797 quia
1117 2753 1255 2790 arbores
1278 2762 1313 2789 et
1335 2763 1473 2792 montes
1488 2758 1575 2791 lon-

1334 2824 1385 2867 16
