1820 3106
316 198 1016 260 METAMORPHOSEON
1049 215 1179 258 LIB.
1217 216 1354 259 v111
1517 218 1567 261 31

129 309 279 359 Crinis
300 321 394 359 erat
415 307 602 375 simplex
618 345 630 367 ‚
655 307 827 356 nodum
852 307 1066 357 collectus
1090 307 1137 355 in
1159 326 1300 356 unum
1318 328 1328 356 :

128 389 200 437 Ex
220 387 408 436 humero
429 384 629 452 pendens
653 385 892 435 resonabat
916 387 1110 435 eburnea
1137 384 1246 434 laevo

1508 403 1574 436 320

128 465 341 516 Telorum
362 476 540 523 custos;
565 483 715 513 arcum
741 462 925 531 quoque¹
947 463 1053 512 laeva
1075 463 1268 512 tenebat.

128 542 251 593 Talis
274 553 368 591 erat
391 540 560 600 cultus3
586 542 719 590 facies
734 579 746 600 ,
774 561 905 609 quam
933 541 1075 590 dicere
1099 560 1199 590 vere

128 617 387 686 Virgineam
407 621 456 669 in
479 640 619 688 puero
634 659 646 680 ,
669 620 887 688 puerilem
911 619 955 668 in
979 620 1147 683 virgine
1171 619 1333 686 possis.

129 701 259 749 Hane
279 699 446 767 pariter
466 698 603 758 vidit,
628 698 796 765 pariter
820 697 1095 766 Calydonius
1119 698 1252 747 heros

131 779 343 846 Optavit,
366 790 580 827 renuente
604 778 725 834 Dec,
751 777 1037 844 flammasque
1061 776 1249 826 latentes

1507 794 1572 828 3215

129 856 294 907 Hausit
313 876 324 905 z
345 867 414 912 et,
444 877 467 897 «
494 855 538 903 Ο
561 853 692 912 felix,
718 854 757 902 si
782 874 915 921 quem
940 854 1222 917 dignabitur,
1249 854 1424 922 inquit,

133 957 158 978 »
183 936 277 983 Ista
298 934 471 982 virum!
496 955 518 976 »
545 952 626 982 nec
649 932 780 1000 plura
803 933 959 982 sinunt
981 945 1273 1000 tempusque,
1297 934 1533 1001 pudorque

129 1016 292 1065 Dicere
311 1036 320 1064 ε
342 1015 482 1082 majus
506 1034 623 1082 opus
646 1015 801 1079 magni
824 1016 1076 1064 certaminis
1101 1028 1242 1079 urget.

198 1099 317 1148 Silva
338 1098 549 1165 frequens
574 1098 805 1155 trabibuS‚
834 1118 966 1164 quam
988 1097 1112 1147 nulla
1136 1098 1354 1148 ceciderat
1378 1112 1503 1159 aetas,

131 1183 298 1250 Incipit
318 1202 344 1231 a
365 1181 527 1249 plano,
552 1181 803 1248 devexaque
825 1182 1047 1249 prospicit
1068 1202 1194 1230 arva:

1511 1199 1577 1233 330

133 1267 241 1332 Quo
265 1278 508 1335 postquam
528 1285 684 1314 venere
709 1265 818 1324 viri,
844 1285 947 1333 pars
967 1266 1078 1314 retia
1102 1266 1318 1314 tendunt:

134 1350 328 1409 Vincula
348 1369 454 1418 pars
476 1349 678 1399 adimunt
701 1349 887 1399 canibus
910 1370 919 1397 :
941 1368 1043 1417 pars
1065 1369 1218 1417 pressa
1241 1363 1493 1418 sequuntur

133 1477 188 1512 vel
194 1477 284 1512 cirea
291 1483 413 1524 peetus
421 1476 739 1524 constringebatur.
748 1475 821 1511 Illae

134 1529 490 1580 dicebantur‘aeepo'uaet,
501 1529 569 1574 hae,
583 1532 704 1580 πέρκαι.
715 1530 821 1564 AElia-

132 1594 200 1617 nus
211 1608 222 1626 ,
252 1581 346 1618 dicto
376 1582 454 1618 loco
465 1609 475 1626 ,
504 1583 536 1617 ei
559 1582 684 1617 tribuit
714 1588 821 1624 στολὴν

133 1635 312 1691 ἄιράγμονξε
325 1641 383 1672 καὶ
399 1638 545 1677 τοιαύτην
559 1662 570 1679 ,
601 1640 666 1671 οἵαν
681 1641 725 1680 μὴ
744 1636 822 1670 ἄπο-

134 1691 199 1722 δεῖν
211 1695 266 1729 τῆς
280 1690 462 1738 Ape-cipitia.
474 1706 519 1714 -
532 1689 645 1723 Cre‘mk
653 1690 798 1733 simplex
809 1715 818 1729 ,

132 1739 246 1775 cultus
260 1740 469 1786 capillorum
484 1740 641 1786 simplex.
659 1740 741 1786 Ope
758 1741 820 1775 sas-

133 1791 195 1828 cioe
221 1792 475 1839 colligebantur
504 1793 540 1828 in
566 1795 689 1828 nodum
715 1799 819 1838 atque

131 1848 257 1881 nodari
268 1845 488 1881 dicebantur.
516 1845 671 1880 Auctore
701 1844 820 1890 Apol-

133 1897 262 1933 lodoro
279 1923 289 1942 ,
315 1901 492 1948 ,θηρεύουσα
522 1900 550 1933 ἓν
575 1900 688 1948 ἐρημίᾳ
719 1906 822 1933 καθω-

136 1952 284 1996 πλισμένη
301 1953 438 1987 διετέλει,
448 1950 546 1985 Hinc
555 1963 600 1985 ear
607 1952 742 1985 humero
756 1957 819 1985 etc.

136 2022 181 2030 -
198 2004 361 2038 Custodes
375 2016 498 2038 rerum
525 2002 691 2038 dicuntur
714 2016 793 2038 vasa
812 2030 821 2047 ,

138 2055 507 2101 quoeillascontinent;
519 2055 627 2099 XIII,
643 2056 719 2102 703,
732 2069 823 2091 acer-

138 2120 178 2142 ra
192 2114 307 2143 custos
320 2111 415 2143 tae-125.

183 2160 261 2195 322.
297 2161 394 2199 Talis
417 2166 492 2196 erat
514 2163 625 2196 cultus
641 2172 652 2202 ;
671 2161 820 2206 [αείω-,·

144 2211 278 2258 Regius
294 2212 326 2247 A
338 2238 348 2255 ,
378 2213 478 2247 Talis-
490 2219 566 2248 erat
572 2212 690 2257 facies
707 2215 798 2247 cultu
811 2224 823 2255 ,·

143 2263 268 2299 Codex
282 2264 313 2299 B
324 2290 335 2308 ‚
363 2265 460 2298 Talis
481 2272 553 2300 erat
572 2267 664 2299 cultu
674 2264 791 2309 facies
809 2277 821 2307 ,-

142 2317 270 2362 quibus
295 2316 504 2354 lectionibus
520 2315 601 2351 data
615 2317 715 2352 sicuti
732 2318 826 2353 sim-

144 2371 266 2416 plicior
283 2383 323 2406 ac
338 2370 455 2405 verior
472 2370 731 2415 anteponenda.
759 2373 825 2407 Ed.

144 2425 320 2458 —Facies
331 2422 447 2457 media
460 2429 534 2457 erat
545 2422 638 2457 inter
654 2423 827 2468 puerilem

144 2484 180 2512 et
195 2476 412 2522 virgineam,
432 2475 541 2521 qualis
559 2474 704 2510 decebat
723 2476 829 2522 virgi-

145 2541 231 2564 nem
246 2529 486 2571 venatricem3
513 2529 636 2564 confer
655 2529 708 2563 IX
724 2555 733 2572 ,
755 2543 827 2573 712.

147 2581 308 2616 AElianus
334 2581 368 2616 ei
392 2581 514 2616 tribuit
539 2580 712 2626 insignem
743 2582 829 2627 pul-

144 2632 384 2668 chritudinem
395 2641 430 2669 et
440 2633 613 2680 fulgorem
625 2633 807 2668 oculorum
819 2661 828 2678 ‚

146 2686 206 2731 qui
222 2686 476 2733 perstringeret
489 2687 666 2721 intuentes
678 2712 687 2730 ‚
708 2693 743 2721 et
756 2700 830 2732 per·

148 2739 305 2775 turbaret
321 2739 462 2786 ignavos
481 2739 652 2774 homines.

932 1476 1008 1519 324.
1022 1477 1125 1510 Hanc
1135 1479 1266 1520 pariter
1274 1479 1365 1512 vidit
1372 1504 1382 1519 ‚
1401 1484 1466 1513 etc.
1477 1478 1576 1514 Prae-

887 1528 978 1563 clare
997 1535 1099 1563 notat
1116 1522 1232 1563 herois
1244 1541 1382 1573 mores,
1396 1530 1452 1565 cui
1466 1531 1576 1577 gloria

888 1594 906 1616 e
923 1587 1085 1616 monstro
1096 1581 1284 1616 interfecto
1295 1583 1411 1627 potior
1422 1595 1495 1618 esse
1511 1583 1577 1618 de·-

886 1634 1001 1669 bebat.
1015 1634 1138 1679 Neque
1154 1634 1257 1680 plane
1270 1635 1490 1671 omittendus
1500 1644 1576 1671 erat

886 1686 944 1722 hic
963 1699 1082 1730 amor,
1110 1693 1256 1732 propter
1271 1700 1311 1721 ea
1326 1714 1336 1731 ,
1359 1701 1437 1733 quae
1455 1688 1537 1723 inde
1557 1703 1576 1723 a

886 1752 990 1774 versu
1006 1739 1071 1783 426
1083 1766 1092 1783 ,
1120 1747 1331 1785 sequuntur.
1359 1740 1476 1775 Simul
1501 1741 1575 1776 haec

886 1791 1004 1826 valent
1014 1791 1054 1825 ad
1066 1791 1391 1827 commendandam
1402 1792 1576 1827 Atalantae

886 1844 940 1879 vel
961 1844 1261 1890 pulchritudinem
1279 1845 1333 1879 vel
1353 1845 1575 1891 dignitatem.

887 1914 932 1921 -——
951 1899 1045 1941 Opus
1060 1900 1254 1931 certaminis
1269 1898 1342 1931 sere
1361 1897 1494 1932 dictum
1506 1926 1515 1943 ,
1537 1907 1576 1934 ut

888 1956 1054 1983 certamen
1069 1962 1190 1993 pugnoe
1205 1977 1213 1990 ‚
1243 1950 1315 1984 Xll
1327 1975 1337 1992 ‚
1361 1951 1432 1985 180.

933 2001 1010 2048 329.
1019 2000 1275 2046 St'lvafiequens
1289 2009 1354 2036 etc.
1368 2002 1481 2037 Locus
1491 2030 1500 2046 ‚
1516 2004 1574 2038 ubi

890 2067 975 2099 aper
989 2055 1278 2089 commorabatur
1290 2081 1300 2098 ‚
1330 2062 1365 2089 et
1385 2055 1479 2090 unde
1496 2057 1577 2101 pri·-

890 2119 969 2141 mus
985 2106 1199 2152 impetus.-
1212 2109 1321 2150 Quam
1333 2110 1429 2141 nulla
1444 2111 1576 2142 cecide-

889 2167 947 2194 rat
956 2167 1059 2195 oetas:
1068 2161 1148 2195 alibi
1165 2163 1320 2196 nemoris
1335 2161 1464 2196 indicat
1479 2175 1578 2197 sanc*

891 2213 1028 2248 titatem
1039 2239 1048 2258 ,
1060 2213 1116 2247 hic
1127 2212 1348 2258 densitatem.
1359 2233 1405 2240 —-
1416 2215 1499 2249 Post
1514 2219 1578 2249 ln-

890 2268 978 2310 c1‘p1‘t
997 2279 1021 2300 a
1034 2268 1143 2310 plano
1159 2267 1259 2311 sequi
1276 2266 1443 2310 debebat,
1469 2269 1579 2313 surgit

892 2318 930 2352 in
946 2325 1070 2352 monte
1090 2325 1149 2353 aut
1165 2319 1253 2353 clivo
1269 2319 1423 2354 molliter
1438 2319 1578 2354 adscen—

892 2370 1000 2406 dente
1014 2386 1022 2412 ς
1039 2370 1099 2405 sed
1115 2371 1281 2416 exquisite
1299 2385 1364 2417 pro
1375 2385 1418 2405 eo
1429 2398 1437 2414 ‚
1454 2374 1579 2406 devexa

887 2426 1054 2468 prospicit
1067 2436 1148 2457 arva
1162 2437 1171 2458 :
1185 2426 1310 2458 devexa
1323 2451 1330 2460 ,
1346 2424 1418 2457 loca
1428 2424 1553 2469 supina
1568 2451 1578 2468 ,

894 2476 1061 2520 paulatim
1079 2474 1327 2509 descendentia
1344 2473 1387 2508 ad
1405 2475 1550 2519 planum
1571 2489 1578 2509 :

889 2532 1102 2572 prospiciunt
1123 2528 1221 2570 loca,
1260 2527 1355 2562 unde
1379 2536 1581 2574 prospectus

896 2582 934 2616 in
951 2581 1129 2616 inferiora.

955 2633 1030 2667 332.
1063 2634 1208 2667 Vincula
1219 2659 1227 2674 ,
1254 2633 1399 2668 funiculi
1416 2661 1425 2678 ,
1456 2634 1583 2679 quibus

897 2685 1118 2720 ducebantur
1145 2698 1248 2720 canes
1274 2686 1315 2721 ad
1346 2687 1586 2721 venationem.

899 2756 943 2765 -
956 2740 1123 2773 Adt'munt
1143 2739 1292 2773 verbum
1309 2739 1344 2774 in
1361 2739 1424 2775 hac
1443 2753 1479 2774 re
1500 2753 1586 2784 pro-
