1820 3106
770 247 1020 293 INDEX.

365 361 533 399 LIBER
559 361 677 400 xrn.

182 466 270 518 Aiax
283 468 322 504 in
337 466 557 518 hyac'nthum
574 464 704 501 florem.

183 522 367 556 Armorum
381 519 524 556 Achillis
539 519 714 568 judicium.

183 572 297 622 Aiacis
305 572 430 608 oratio.

185 623 470 661 Artificiosissima
483 623 605 673 Ulyxis
623 621 739 659 oratio.

185 677 325 719 Hecuba
341 677 378 712 in
395 690 523 712 canem.

184 727 351 782 Polydori
365 733 480 768 caedes.

185 784 373 834 Polyxena:
390 785 589 821 immolatio.

187 837 429 886 Polymestoris
455 838 610 873 Thraciae
642 837 732 886 regis
765 849 878 872 excae-

234 891 332 925 catio.

190 943 388 978 Memnonis
403 942 530 978 cineres
546 942 583 976 in
600 955 688 978 aves.

191 995 317 1030 AEneae
333 995 371 1030 in
387 995 521 1030 Latium
540 995 724 1043 navigatio.

192 1049 277 1084 Anii
292 1047 374 1093 filim
386 1075 397 1094 ,
421 1049 539 1084 omnia
557 1062 619 1084 suo
639 1057 727 1084 tactu
748 1050 784 1084 in
805 1050 884 1084 fru-

235 1111 390 1138 mentum
399 1129 409 1147 ,
422 1103 542 1138 vinum
552 1127 562 1145 ,
577 1103 731 1138 oleumve
743 1115 884 1146 conver-

236 1163 342 1191 tentes
355 1181 365 1199 ,
385 1155 423 1190 in
443 1156 625 1191 columbas.

194 1208 276 1243 Duo
293 1208 431 1257 juvenes
449 1222 487 1242 ex
501 1208 576 1256 rogi
592 1207 718 1243 favilla.

195 1261 302 1296 Index
317 1260 356 1295 in
371 1273 499 1296 saxum.

199 1313 328 1349 siciliae
343 1313 529 1362 descriptio.

201 1366 317 1415 Scylla
331 1366 370 1401 in
384 1373 583 1400 monstrum.

200 1418 281 1454 Acis
298 1418 336 1453 in
352 1417 507 1454 fluvium.

200 1470 404 1520 Polyphemi
421 1471 598 1506 cantilena.

203 1524 352 1560 Glaucus
369 1523 407 1558 in
423 1525 538 1558 Deum
553 1523 726 1558 marinum

390 1627 557 1663 LIBER
588 1627 697 1663 xlv.

205 1733 331 1784 Seyllae
347 1734 492 1782 inguina
510 1734 549 1768 in
564 1747 673 1769 canes.

205 1787 371 1836 Cercopes
389 1787 427 1821 in
444 1787 569 1822 simias.

206 1841 341 1889 Sibylla
356 1841 394 1875 in
409 1854 539 1876 vocem.

207 1894 304 1931 Socii
318 1893 438 1944 Ulyxis
453 1895 491 1930 in
510 1908 637 1943 porcos.

209 1947 305 1982 Socii
322 1947 443 1996 Ulyxis
458 1947 495 1982 in
511 1947 687 1996 pristinam
704 1947 860 1981 formam.

206 1999 308 2036 Picus
323 2000 488 2043 imavem.

207 2052 284 2088 Pici
299 2052 436 2087 comites
452 2051 489 2086 in
506 2052 601 2087 feras.

210 2106 346 2142 Canem
362 2106 438 2141 Pici
452 2119 536 2141 uxor
549 2105 618 2141 loci
636 2118 774 2141 nomen.

209 2159 390 2194 Diomedis
405 2159 490 2194 socii
505 2159 544 2194 in
561 2172 647 2194 aves.

211 2212 365 2261 Appulus
379 2220 491 2261 pastor
508 2212 545 2246 in
561 2212 751 2246 oleastrum.

212 2265 338 2300 AEneae
354 2278 455 2300 naves
472 2266 510 2299 in
526 2265 702 2314 nymphas.

213 2317 321 2352 Navis
336 2317 375 2352 in
391 2318 577 2366 scopulum.

213 2371 329 2406 Ardea
344 2371 382 2405 in
397 2385 503 2407 avem.

215 2424 345 2459 AEneas
361 2423 399 2458 in
413 2423 528 2459 Deum
546 2424 743 2473 indigetem.

215 2476 344 2511 Albani
357 2489 464 2525 reges.

214 2529 425 2564 Vertumnus
441 2530 478 2563 in
495 2529 604 2563 varias
624 2528 758 2577 figuras.

215 2579 423 2615 Vertumnus
439 2580 478 2614 in
493 2581 654 2615 vetulam,

216 2632 406 2666 Anaxarete
424 2633 536 2681 puella
552 2633 588 2667 in
603 2646 730 2668 saxum.

218 2685 321 2720 Urbis
334 2684 451 2719 Romae
471 2686 671 2721 conditores.

220 2737 331 2783 Aquae
346 2737 481 2786 frigidae
498 2738 535 2772 in
552 2738 686 2774 calidas.

220 2788 386 2825 Romulus
401 2789 438 2823 in
454 2790 578 2826 Deum.

383 2858 482 2905 IV.

1528 244 1610 287 561

929 356 1076 391 Hersilia
1093 380 1103 398 ‚
1129 355 1271 390 Romuli
1299 367 1384 389 uxor
1400 379 1410 396 ,
1441 355 1480 390 in
1508 355 1620 390 Deam

975 410 1114 445 Horam.

1131 478 1298 514 LIBER
1318 477 1408 515 XV.

936 569 1067 605 Calculi
1083 569 1150 604 albi
1166 569 1203 603 in
1220 569 1346 616 nigros.

936 623 1053 657 Numa
1071 623 1114 657 ad
1129 622 1371 670 Pythagoram.

938 674 1142 723 Pythagorae
1160 675 1327 722 dogmata.

939 729 1144 777 Pythagorae
1159 742 1279 764 sermo.

941 783 1144 831 Pythagorae
1162 781 1466 830 metempsychosis.

942 834 1153 884 Pythagoras
1171 834 1207 867 in
1222 834 1457 882 Euphorbum.

945 888 1111 923 Omnium
1125 902 1236 923 rerum
1252 888 1519 925 vicissitudinem
1533 904 1611 925 esse.

946 942 1066 975 Annus
1085 941 1120 975 in
1134 949 1278 988 quatuor
1296 950 1412 990 parles.

949 994 1103 1039 Quatuor
1118 993 1267 1028 hominis
1286 1002 1407 1029 aetates.

950 1047 1092 1094 Sperma
1109 1045 1256 1080 hominis
1274 1046 1311 1080 in
1326 1046 1522 1083 hominem.-

949 1101 999 1134 Ex
1017 1108 1159 1146 quatuor
1176 1099 1348 1134 elementis
1363 1101 1479 1134 omnia
1496 1099 1579 1138 fieri.

951 1153 1081 1187 Omnia
1097 1153 1134 1186 in
1148 1161 1291 1200 quatuor
1308 1153 1471 1188 elementa
1486 1156 1617 1191 resolvi.

950 1207 1055 1241 Terra
1074 1206 1109 1240 in
1128 1219 1231 1242 mare.

952 1262 1051 1295 Mare
1067 1260 1103 1294 in
1120 1269 1253 1294 terram.

951 1311 1044 1347 ’Mira
1064 1314 1145 1360 Lyci
1166 1311 1317 1347 fluminis
1334 1321 1463 1348 natura.

955 1365 1117 1400 Erasinus
1136 1363 1272 1401 fluvius.

956 1417 1077 1452 Caicus
1094 1415 1228 1452 fluvius.

956 1472 1144 1504 Amasenus
1161 1468 1295 1504 fluvius.

956 1523 1106 1570 Anigrus
1123 1521 1258 1556 fluvius.

956 1575 1111 1624 Hypanis
1127 1573 1262 1609 fluvius.

958 1628 1082 1662 Insulae
1100 1627 1136 1661 in
1154 1627 1393 1662 continentem.

957 1681 1010 1715 Ex
1027 1681 1214 1715 continenti
1233 1681 1362 1715 insulae.

958 1734 1076 1768 Helice
1091 1733 1249 1780 Ruraque
1265 1733 1364 1769 urbes
1382 1733 1571 1772 submersae.

960 1788 1011 1822 Ex
1027 1786 1167 1835 planitie
1181 1795 1322 1822 montes.

959 1840 1053 1874 Mira
1071 1852 1235 1886 aquarum
1254 1848 1383 1874 natura.

965 1893 1097 1928 Crathis
1114 1901 1146 1927 et
1161 1893 1300 1940 Sybaris
1317 1891 1424 1929 fluvii.

964 1946 1165 1982 Salmacidis
1182 1946 1285 1980 fontis
1301 1954 1430 1985 natura,

963 1999 1152 2048 AEthiopiae
1163 1999 1270 2034 lacus.

968 2052 1104 2087 Clitorii
1120 2051 1219 2086 fluvii
1235 2060 1365 2086 natura.

965 2107 1147 2154 Lyncestus
1163 2103 1297 2140 fluvius.

965 2158 1121 2193 Arcadiae
1136 2157 1238 2193 lacus.

967 2213 1112 2261 Ortygia
1126 2212 1238 2247 insula
1249 2226 1286 2246 ex
1300 2211 1421 2246 mobili
1436 2211 1633 2245 immobilis.

968 2266 1213 2315 Symplegades
1230 2266 1350 2300 insulae
1369 2265 1453 2299 olim
1474 2265 1645 2300 instabiles

967 2319 1085 2354 AEtnae
1102 2318 1226 2352 montis
1244 2317 1451 2352 incendium.

967 2371 1133 2406 Homines
1150 2371 1187 2404 in
1203 2384 1289 2405 aves.

971 2423 1138 2472 Scythicae
1156 2423 1312 2457 mulieres
1328 2422 1366 2458 in
1384 2435 1471 2457 aves.

970 2477 1059 2524 Apes
1077 2489 1116 2509 ex
1132 2475 1256 2509 vitulis.

971 2528 1161 2562 crabrones
1177 2541 1215 2561 ex
1232 2527 1336 2574 equis.

972 2580 1133 2628 Scorpius
1151 2593 1190 2613 ex
1207 2592 1338 2613 cancro.

972 2634 1002 2667 Τ
1004 2634 1090 2668 ineae
1108 2642 1250 2682 agrestes
1266 2634 1304 2667 in
1318 2633 1513 2683 papiliones.

973 2686 1091 2720 Limus
1112 2686 1148 2719 in
1164 2699 1274 2720 ranas.

972 2738 1134 2772 Informis
1151 2752 1228 2773 caro
1246 2738 1283 2772 in
1297 2751 1424 2774 ursum.

975 2792 1064 2839 Apes
1080 2790 1153 2827 sine
1169 2791 1320 2839 pedibus.

1417 2856 1474 2899 36
