1820 3106
1099 214 1591 235 mmmmm

554 375 839 433 INDEX
883 374 1185 432 RERUM

827 531 935 565 Quae

506 650 570 687 IN
605 647 1024 696 UNOQUOQUE
1062 647 1254 685 muno

163 794 294 865 ME
312 792 517 866 TAM
536 792 888 865 ORPHO
911 791 1104 862 SEO
1125 792 1185 862 N
1244 789 1586 863 OVIDII

668 978 1099 1016 CONTINENTUR.·

400 1457 571 1493 LIBER
598 1458 625 1493 Ι.

173 1523 278 1580 CBA
287 1552 310 1580 0
319 1555 337 1580 s
354 1545 391 1580 in
405 1554 549 1593 quatuor
566 1547 742 1582 elementa.

173 1595 305 1631 Caelum
328 1606 361 1632 et
382 1606 504 1634 terram
520 1597 670 1646 quinque
690 1598 855 1648 distingui

213 1648 318 1688 zonis.

171 1700 327 1746 Quatuor
341 1710 521 1738 ventorum
536 1685 701 1752 regiones.

170 1753 332 1789 Hominis
349 1755 458 1802 origo.

171 1807 329 1851 Quatuor
343 1815 480 1842 aetatum
494 1808 681 1857 descriptio.

171 1858 361 1906 Gigantum
381 1860 520 1908 sanguis
539 1861 578 1895 in
597 1861 752 1897 homines
776 1875 858 1897 cru-

217 1911 316 1947 deles.

166 1965 311 2015 'Lycaon
328 1966 366 2001 in
382 1966 511 2016 lupum.

172 2019 285 2053 Lactei
301 2019 418 2055 circuli
432 2019 622 2070 descriptio.

171 2072 195 2106 J
199 2070 271 2105 ovis
285 2071 403 2106 oratio.

173 2123 310 2158 Diluvii
327 2124 511 2173 descriptio.

174 2175 317 2224 Lapides
333 2176 372 2211 in
390 2177 557 2212 homines.

174 2228 280 2263 Terra
295 2229 333 2262 in
349 2229 457 2264 varias
475 2229 675 2264 animalium
692 2228 827 2279 figuras.

176 2279 344 2328 Pythonis
360 2282 521 2329 serpentis
539 2282 656 2317 caedes.

177 2331 303 2378 Pythia
317 2331 401 2367 ludi.

180 2383 359 2432 Cupidinis
376 2384 572 2433 sagittarum
589 2386 775 2436 descriptio.

178 2437 325 2487 Daphne
342 2438 379 2473 in
396 2438 542 2474 laurum.

179 2491 306 2539 Tempe
327 2490 513 2540 descriptio.

181 2543 219 2578 Io
236 2543 275 2578 in
293 2556 441 2578 vaccam.

182 2594 270 2643 Argi
287 2595 378 2630 oculi
395 2595 434 2629 in
450 2594 593 2630 caudam
613 2596 763 2643 pavonis.

185 2646 312 2694 Syrinx
330 2647 480 2696 nympha
498 2647 534 2682 in
552 2648 729 2683 calamum.

184 2696 222 2733 Io
242 2712 342 2734 vacca
360 2699 396 2733 in
416 2700 599 2734 humanam
618 2701 773 2735 formam.

186 2751 406 2790 Phaethontis
421 2753 618 2803 Epaphique
635 2753 816 2790 contentio.

1141 1457 1305 1494 LIBER
1332 1458 1383 1495 IL

918 1544 1035 1594 Regiae
1052 1545 1130 1581 solis
1147 1546 1336 1596 descriptio.

921 1598 1075 1643 Quatuor
1092 1599 1173 1633 anni
1193 1608 1311 1648 partes.

921 1649 1011 1685 Solis
1027 1664 1142 1686 currus
1160 1651 1348 1699 descriptio.

920 1702 1099 1749 Equorum
1117 1703 1207 1739 Solis
1227 1704 1378 1739 nomina.

921 1755 1035 1790 Terrae
1051 1755 1260 1790 incendium.

921 1807 1066 1843 Telluris
1084 1809 1240 1855 querelae.

921 1861 1144 1895 Phaethontis
1165 1875 1268 1897 casus.

920 1913 1081 1947 Heliades
1097 1913 1135 1947 in
1151 1913 1302 1962 populos·

923 1967 1062 2015 Cycnus
1078 1980 1134 2000 rex
1153 1967 1317 2014 Ligurum
1338 1968 1375 2002 in
1393 1968 1530 2006 olorem.

925 2019 1064 2053 Callisto
1079 2020 1248 2067 Lycaonis
1263 2019 1336 2055 filia
1354 2021 1392 2054 in
1410 2036 1531 2058 ursam.

925 2075 1030 2108 Arcas
1047 2086 1123 2107 cum
1142 2073 1281 2108 Callisto
1302 2083 1407 2109 matre
1421 2075 1459 2109 in
1473 2077 1593 2112 sidera.

927 2125 1056 2160 Corvus
1073 2139 1111 2160 ex
1129 2126 1275 2160 candido
1293 2126 1400 2174 niger.

930 2178 1075 2213 Coronis
1091 2179 1128 2213 in
1142 2179 1325 2213 cornicem.

927 2230 1168 2266 Erichthonius
1189 2231 1261 2266 sine
1282 2240 1385 2266 matre
1401 2241 1508 2273 natus.

928 2286 1132 2333 Nyctimene
1149 2286 1185 2329 in
1203 2294 1371 2321 noctuam.

928 2338 1064 2385 Ocyroe
1082 2337 1243 2373 Chironis
1262 2337 1334 2373 filia
1348 2339 1386 2374 in
1402 2353 1532 2387 equam.

930 2389 1054 2438 Apollo
1072 2390 1110 2424 in
1130 2398 1309 2438 pastorem.

930 2443 1048 2478 Battus
1062 2443 1099 2478 in
1115 2443 1263 2491 lapidem
1279 2443 1438 2480 indicem.

932 2495 1100 2542 Aglauros
1114 2493 1272 2542 Cecropis
1287 2493 1360 2529 filia
1374 2495 1412 2529 in
1427 2510 1553 2534 saxum.

932 2547 1078 2582 Invidiae
1095 2548 1215 2582 domus
1236 2548 1426 2597 descriptio.

933 2599 1077 2634 Invidiae
1095 2598 1229 2642 effictio.

934 2651 1066 2700 Jupiter
1084 2651 1122 2686 in
1139 2661 1285 2688 taurum.

935 2703 1072 2752 Europa
1092 2717 1130 2738 ex
1151 2704 1332 2742 Phoenicia
1355 2707 1393 2744 in
1416 2707 1549 2748 Cretam
1566 2722 1624 2757 per

981 2757 1103 2792 Jovem
1124 2765 1248 2792 avecta.
