1820 3106
241 257 327 301 360

599 261 650 302 P.
694 260 938 304 OVIDII
982 260 1283 308 NASONIS

240 350 404 399 Ultima
431 353 506 418 qui
531 353 672 419 cepit,
699 353 1034 421 detrectavitque
1060 357 1210 405 furore

207 451 209 454 ⁴
243 427 448 477 Militiam
472 429 574 479 ficto
601 451 611 478 ε
638 431 775 480 donec
795 430 1014 480 sollertior
1037 432 1151 490 isto,

240 505 327 553 Sed
349 507 432 554 sibi
457 507 682 564 inutilior,
706 509 846 558 timidi
871 521 1114 558 commenta
1136 510 1292 558 retexit

238 585 505 652 Naupliades
527 587 685 646 animi,
709 588 927 655 vitataque
951 588 1081 636 traxit
1102 587 1148 635 in
1171 607 1286 636 arma
1305 588 1328 635 ?

240 661 424 727 Optima
448 682 563 711 nunc
586 676 750 723 sumat,
780 664 854 730 qui
878 682 1046 713 sumere
1070 662 1216 711 noluit
1238 661 1328 711 ulla
1347 681 1358 711 :
1609 676 1654 720 4ο

237 739 333 787 Nos
357 740 635 799 inhonorati,
663 754 705 791 et
725 742 851 790 donis
876 740 1150 808 patruelibus
1174 739 1298 798 orbi,

241 818 500 867 Obtulimus
520 821 596 886 qui
622 840 706 870 nos
730 821 784 869 ad
807 821 948 887 prima
971 817 1183 885 pericula,
1209 817 1357 866 simus.

236 896 385 963 Atque
407 897 574 946 utinam
597 911 673 947 aut
697 918 826 947 verus⁴
842 900 967 947 furor
986 897 1058 946 ille
1074 934 1085 955 ‚
1108 908 1184 945 aut
1207 896 1398 952 creditus
1421 908 1561 955 esset;

237 972 327 1021 Nec
353 994 496 1023 comes
521 975 593 1023 hic
619 976 831 1042 Phrygias
857 994 1051 1042 unquam
1075 974 1264 1023 venisset
1286 974 1341 1022 ad
1364 993 1483 1023 arces

238 1052 454 1101 Hortator
478 1053 715 1102 scelerum!
739 1074 829 1102 non
852 1067 919 1113 te‚
943 1053 1142 1102 Poeantia
1170 1052 1341 1119 proles,
1610 1065 1653 1110 45

237 1178 357 1201 versus
390 1166 563 1212 Troianos
601 1167 878 1213 proficisceretur
904 1181 913 1209 ς

239 1217 440 1261 Homerus,
465 1218 535 1254 Od.
551 1225 584 1254 Ω.
595 1245 604 1262 ,
631 1233 642 1253 ι
653 1233 701 1266 ¹9·
719 1219 837 1262 Idem,
853 1219 915 1254 sed

237 1269 415 1304 obscurius
435 1296 444 1312 ,
478 1270 594 1317 Ulyssi
630 1271 793 1316 objicitur
823 1271 914 1316 apud

239 1321 419 1366 Quintum
449 1321 584 1357 Calabr.
618 1323 688 1370 193.
711 1323 782 1358 Sed
799 1330 914 1358 totum

237 1371 304 1406 hoc
328 1373 446 1418 tragici
469 1381 545 1419 post
574 1375 773 1409 Homerum
794 1374 913 1409 finxe-

235 1431 322 1457 runt
343 1449 352 1467 ‚
383 1433 551 1459 monente
579 1426 685 1460 etiam
713 1425 884 1460 Cicerone
903 1450 914 1468 ‚

239 1474 343 1510 Offic.
358 1476 413 1510 III
427 1502 435 1518 ,
455 1477 495 1510 26
505 1502 513 1518 ,
528 1477 586 1510 ubi
603 1476 645 1510 de
659 1476 840 1511 honestate
853 1477 915 1510 hu—

238 1526 294 1571 jus
318 1527 451 1561 consilii
470 1527 632 1572 disputat.
657 1527 792 1562 Ibidem
810 1527 917 1562 habes

237 1577 303 1612 hoc
328 1578 423 1612 idem
446 1579 579 1613 crimen
604 1591 622 1612 a
649 1586 751 1623 poeta
769 1579 916 1624 antiquo

236 1635 433 1664 tractatum.
449 1648 493 1656 ·—·
511 1631 700 1670 Sollertior,
731 1630 887 1664 callidior
901 1640 912 1671 ’;

241 1681 398 1725 Quintus
425 1681 542 1716 Calab-
564 1695 624 1728 199
637 1708 646 1725 ‚
670 1684 699 1721 ὃς
717 1684 766 1717 σέο
786 1684 916 1732 φέρτερος

236 1736 302 1768 ἴσκε
319 1739 374 1781 βίῃ
398 1739 449 1768 καὶ
468 1735 581 1782 ε’·ὺᾳρονι
600 1739 703 1784 βουλῇ.
718 1752 759 1758 -
775 1735 920 1768 Sedsibi

238 1791 300 1819 etc.
311 1785 457 1819 Sednon
471 1785 536 1820 nisi
549 1798 637 1819 unus
649 1785 808 1822 Leidens.
821 1784 914 1819 unde

237 1837 359 1871 sumsit
375 1837 541 1872 Heinsius
552 1863 561 1880 ‚
583 1837 642 1882 qui
654 1837 752 1872 malit
768 1838 835 1880 At,·
848 1849 916 1871 (¹.ae-

238 1888 305 1923 teri
323 1887 338 1933 (
356 1895 391 1922 et
407 1888 509 1934 Regii
525 1888 659 1924 codices
675 1891 688 1931 )
709 1890 765 1923 Et.
784 1907 827 1915 —·
845 1890 921 1923 Sibi

237 1942 404 1979 inutilior,
429 1951 500 1974 suae
516 1940 616 1975 saluti
641 1940 757 1974 minus
780 1953 914 1975 consu—

238 1992 333 2033 lens;
352 1991 429 2025 vide
446 1991 488 2025 ad
501 2004 547 2026 vs.
561 1994 614 2039 59.
625 2011 668 2018 -—
684 1995 870 2037 Vitataque.
885 2018 893 2025 .
907 2017 916 2026 .

236 2048 276 2079 in*
282 2057 377 2077 arma
389 2055 399 2081 ,·
420 2043 561 2087 plurimi
564 2046 746 2089 jurataque
754 2048 861 2079 traxit
869 2047 921 2079 ad

236 2107 356 2137 arma;
373 2094 443 2127 duo
458 2097 634 2138 invitaque.
658 2095 756 2139 Regii
781 2096 917 2135 codices

238 2149 409 2191 vitataque
423 2172 430 2179 .
440 2173 446 2180 .
456 2174 463 2180 .
481 2148 532 2180 ad
542 2158 659 2188 arma5
682 2147 782 2181 lectio
794 2149 915 2191 jurata

239 2199 378 2234 videtur
393 2198 593 2233 emendatio
604 2224 615 2241 ‚
633 2205 777 2243 ortaque
794 2212 813 2233 e
830 2200 914 2234 vitio

239 2251 417 2296 scripturae
436 2250 561 2285 codicis
586 2250 753 2295 alicujus,
779 2251 814 2284 in
844 2264 914 2296 quo

236 2306 346 2337 uitata
367 2308 442 2336 erat
461 2302 626 2347 scriptum
645 2327 657 2345 ,
681 2302 778 2335 litera
795 2309 812 2336 t
825 2302 913 2336 male

238 2354 387 2388 formata
401 2367 409 2395 ;
421 2353 487 2388 nisi
500 2354 605 2388 etiam
617 2360 691 2388 orta
705 2354 748 2388 sit
761 2367 780 2387 e
790 2353 914 2388 fabulae

242 2406 376 2453 Hygini
400 2405 520 2440 ultima
542 2405 657 2451 phrasi
674 2418 777 2451 supra
790 2406 914 2441 citata:

238 2460 448 2492 simulatione
463 2461 614 2502 deposita
625 2484 633 2497 ,
655 2461 742 2492 inter
750 2457 914 2500 conjura—

238 2517 291 2544 tos
309 2513 394 2544 vem'.
415 2509 600 2555 Quidquid
620 2510 685 2552 sit,
710 2522 784 2543 non
804 2510 914 2555 placet

238 2560 294 2595 hic
301 2561 424 2604 jurata
437 2575 533 2596 arma
544 2568 685 2607 propter
699 2574 769 2606 seq.
777 2561 914 2604 juratus

238 2614 275 2644 in
287 2625 400 2654 arma,
423 2627 469 2648 vs.
488 2616 540 2648 50.
555 2614 708 2647 Eat—In
723 2626 819 2647 arma
834 2614 847 2657 (
861 2614 915 2648 vel

239 2666 290 2697 ad
300 2663 419 2709 arma)
439 2666 567 2700 trahere
578 2692 586 2705 ,
611 2678 732 2699 vocare
744 2692 752 2704 ‚
779 2669 889 2700 venire
898 2692 908 2707 ‚

238 2720 364 2751 mittere
378 2723 498 2752 amant
515 2724 637 2762 poetae.
654 2735 697 2743 --
716 2715 914 2751 Commode

238 2768 275 2803 in
289 2780 366 2803 rem
375 2781 474 2804 suam
485 2770 596 2804 utitur
606 2770 663 2805 illa
672 2769 892 2806 simulatione
901 2795 912 2814 ,

985 1170 1120 1212 Optima
1133 1180 1220 1202 nunc
1232 1172 1344 1202 sumat
1358 1173 1423 1202 etc.
1437 1165 1559 1211 quibus
1573 1178 1655 1200 ver-

979 1220 1030 1255 bis
1047 1219 1232 1265 indignitas
1244 1220 1295 1254 rei
1309 1231 1427 1254 rursus
1439 1217 1654 1263 exprimitur.

978 1270 1148 1305 —Floren
1154 1271 1215 1305 tin.
1225 1270 1261 1305 S.
1273 1270 1383 1305 Marci
1396 1269 1500 1304 habet
1513 1282 1590 1303 num
1599 1282 1655 1303 su-

977 1330 1066 1365 mat,
1086 1338 1149 1370 per
1163 1324 1486 1369 interrogationem.
1499 1340 1543 1350 ·-
1556 1324 1654 1358 Inho-

977 1379 1090 1410 norali
1097 1403 1105 1415 .
1124 1376 1220 1409 nullo
1237 1376 1381 1420 praemio
1392 1373 1527 1408 adfecti.
1537 1391 1582 1400 —·
1594 1374 1657 1408 Ad

972 1431 1084 1471 prima
1091 1430 1245 1471 pericula
1260 1439 1324 1472 pro
1335 1453 1344 1470 ‚
1369 1425 1476 1471 primi
1491 1425 1532 1460 ad
1553 1425 1654 1471 peri-

978 1479 1052 1512 cula
1065 1505 1074 1521 ,
1094 1485 1131 1512 ut
1150 1492 1236 1514 vers.
1259 1479 1301 1513 36
1315 1504 1325 1522 ‚
1346 1480 1464 1512 ultima
1484 1481 1547 1522 qui
1565 1479 1657 1522 cepit

978 1542 1042 1575 pro
1053 1556 1061 1572 ,
1080 1530 1232 1564 ultimus.

1021 1582 1073 1624 43.
1090 1582 1197 1614 Furor
1208 1583 1288 1624 ille‚·
1303 1593 1393 1614 unus
1411 1577 1658 1622 Heinsiisuror

976 1635 1049 1672 illi,
1073 1632 1166 1677 quod
1188 1645 1261 1666 non
1285 1631 1459 1677 improbat
1477 1630 1657 1666 Burman-

979 1696 1044 1718 nus
1056 1709 1065 1726 ,
1085 1683 1191 1717 modo
1207 1682 1395 1727 distinguas
1410 1689 1487 1727 post
1493 1681 1603 1724 sutor.
1613 1699 1656 1707 —

979 1737 1052 1770 Nec
1061 1747 1169 1769 comes
1179 1742 1242 1769 etc.
1257 1731 1382 1778 Qui'nt.
1396 1733 1556 1776 Calaber,
1571 1734 1632 1780 ¹94
1643 1758 1653 1776 ,

981 1789 1020 1825 ὡς
1035 1792 1078 1830 μὴ
1098 1790 1218 1834 &qt-1229
1239 1788 1366 1821 ἱκέσθαι.
1390 1785 1490 1819 Tum
1510 1784 1654 1828 eadem,

981 1851 1063 1882 quaev
1079 1837 1135 1872 hic
1150 1863 1160 1882 ,
1187 1837 1342 1882 exempla
1366 1848 1658 1871 commemoran-

980 1896 1058 1931 tur,
1082 1888 1283 1924 Philoctetae
1303 1895 1338 1922 et
1355 1887 1550 1923 Palamedis
1566 1912 1576 1931 ,
1594 1886 1656 1923 sed

980 1941 1072 1985 justo
1100 1940 1238 1975 brevius
1258 1965 1267 1983 ,
1297 1946 1332 1974 et
1361 1939 1436 1974 sine
1468 1938 1657 1974 affectuum

980 1992 1228 2028 commotione.
1236 2009 1281 2017 -
1296 1992 1460 2025 Hortator
1471 1993 1632 2026 scelerum
1639 2016 1649 2032 ‚

981 2043 1121 2090 Ulysses
1131 2069 1140 2086 ,
1151 2055 1191 2077 ex
1207 2042 1329 2087 Vix-gil.
1341 2041 1426 2076 AEn.
1440 2042 1492 2076 Vl
1505 2067 1514 2085 ,
1529 2044 1658 2089 529.—

979 2096 1135 2129 Poeantz'a
1139 2097 1261 2138 proles,
1282 2094 1490 2137 Philocteta,
1503 2093 1656 2128 Poeantis

979 2146 1068 2181 filius
1079 2172 1088 2189 ‚
1107 2146 1243 2190 sagittas
1257 2145 1299 2179 ab
1315 2145 1466 2179 Hercule
1479 2152 1656 2191 acceperat

980 2198 996 2244 (
1013 2199 1064 2233 IX
1075 2223 1087 2240 ‚
1105 2199 1166 2232 232
1183 2198 1219 2240 )‚
1240 2197 1363 2241 quibus
1379 2196 1567 2232 instructus
1590 2197 1655 2232 in-

979 2249 1099 2285 terfuit
1112 2249 1200 2283 bello
1213 2248 1379 2293 Trojano.
1392 2247 1462 2287 Sed
1476 2247 1513 2282 in
1529 2248 1654 2284 itinere

979 2316 1020 2337 ex
1034 2302 1165 2337 colubri
1178 2314 1295 2336 morsu
1305 2302 1341 2335 in
1356 2301 1527 2336 insaniam
1537 2315 1656 2337 versus

979 2356 1016 2390 in
1032 2356 1143 2390 insula
1158 2355 1294 2389 Lemno
1309 2367 1328 2389 a
1345 2354 1474 2389 Graecis
1492 2361 1543 2389 est
1564 2354 1657 2394 reli->

979 2416 1062 2444 ctus.
1080 2409 1196 2453 Hujus
1215 2408 1267 2443 rei
1282 2407 1418 2452 culpam
1437 2406 1471 2441 in
1491 2407 1655 2454 Ulyssem

979 2461 1114 2496 confert
1140 2461 1236 2505 Aiax.
1261 2459 1540 2505 Agamemnonis,
1558 2459 1655 2504 jussu

977 2514 1108 2548 sactum
1124 2525 1196 2547 esse
1214 2511 1320 2546 tradit
1338 2511 1499 2558 Hyginus
1515 2537 1525 2553 ,
1547 2510 1654 2546 fabul.

984 2577 1045 2599 102
1064 2578 1073 2605 ;
1099 2564 1174 2598 sine
1202 2563 1308 2597 dubio
1333 2569 1486 2597 suaserat
1511 2562 1653 2610 Ulysses

981 2614 1257 2660 Agamemnoni,
1271 2614 1464 2660 utjuberet.
1475 2614 1555 2648 Jam
1569 2613 1654 2658 quid

979 2666 1017 2700 in
1038 2666 1101 2700 hac
1124 2666 1235 2701 insula
1255 2679 1317 2711 per
1340 2666 1517 2712 integrum
1544 2677 1653 2710 prope

980 2717 1191 2753 decennium
1216 2717 1411 2763 peregerit,
1436 2724 1652 2762 quantosque

979 2769 1148 2804 cruciatus
1176 2769 1358 2815 pertulerit
1377 2794 1386 2813 ,
1418 2768 1570 2803 breviter
1596 2766 1652 2800 hic
