1820 3106
270 268 359 324 440

646 274 696 315 P.
737 274 972 318 OVIDII
1007 276 1317 322 NASONIS

272 362 440 420 Solvit;
467 376 510 412 et
534 365 801 432 Hippotadae
823 386 1033 435 regnum,
1059 381 1284 436 terrasque
1308 371 1467 421 calenti

266 441 448 489 Sulfure
469 443 687 492 fumantes
702 482 713 501 ‚
736 444 1139 513 Acheloiadumque
1164 447 1375 514 relinquit

270 519 476 567 Sirenum
501 520 709 587 scopulos
730 542 739 569 :
764 522 1007 589 orbataque
1027 523 1211 589 praeside
1234 524 1369 590 pinus

267 597 510 653 Inarimen,
533 598 868 666 Prochytenque
891 599 1025 663 legit,
1051 601 1278 667 sterilique
1302 601 1465 650 locatas

270 671 394 720 Colle
415 673 697 733 Pithecusas,
721 676 999 725 habitantum
1019 679 1197 742 nomine
1220 678 1372 727 dictas.
1648 701 1693 738 9⁰

269 751 453 817 Quippe
477 753 622 800 Deum
645 753 819 816 genitor
840 754 1062 812 fraudem,
1088 767 1132 804 et
1149 756 1339 822 perjuria
1362 755 1586 823 quondam

270 829 518 895 Cercopum
545 850 728 889 exosus,
754 832 985 899 gentisque
1007 832 1196 881 admissa
1221 832 1409 893 dolosae,

266 905 319 952 ln
345 906 540 954 deforme
560 908 679 957 viros
703 909 862 957 animal
880 909 1066 958 mutavit
1084 946 1096 966 ‚
1121 920 1173 956 ut
1201 908 1318 957 idem

266 984 517 1034 Dissimiles
539 987 711 1034 homini
734 981 940 1054 possent„⁴
964 986 1216 1053 similesque
1237 987 1404 1035 videri:

268 1062 559 1128 Membraque
585 1065 828 1123 contraxit,
852 1084 1069 1131 naresque
1093 1084 1117 1112 a
1138 1064 1284 1114 fronte
1307 1065 1487 1114 resimas
1649 1077 1693 1124 95

271 1173 434 1219 Troianis
452 1201 461 1218 ‚
495 1189 657 1210 errorum
692 1177 950 1212 maritimorum

271 1228 424 1271 perosis,
447 1228 633 1273 persuasit,
654 1236 692 1263 ut
714 1229 808 1264 classi
830 1230 949 1276 ignem

268 1278 453 1314 inferrent.
481 1280 646 1324 Quatuor
672 1282 817 1316 navibus
843 1295 949 1316 com-

270 1330 378 1366 bustis
391 1357 401 1375 ,
419 1332 560 1377 Jupiter
571 1333 776 1367 incendium
789 1334 949 1369 exstinxit

269 1384 384 1428 pluvia
398 1385 548 1421 immissa
563 1400 571 1428 ;
589 1387 728 1422 AEneid.
748 1388 781 1420 V
793 1415 802 1432 ,
820 1389 948 1423 606.—

266 1437 468 1480 Ilippotadae
482 1451 615 1482 regnum
626 1465 635 1480 ,
661 1439 786 1474 AEoliae
807 1440 927 1475 insulae
937 1466 947 1483 ‚

268 1488 381 1533 plenae
408 1502 635 1524 cavernarum
667 1498 702 1524 et
729 1490 868 1534 sulfuris
883 1491 950 1534 fia-

267 1544 409 1580 manith,
424 1548 636 1586 quapropter
650 1549 684 1576 et
692 1542 785 1576 AEoli
797 1556 947 1587 regnum

270 1599 306 1626 et
326 1591 479 1627 Vulcani
505 1593 683 1627 officinam
707 1593 775 1629 huc
795 1601 950 1629 transtu-

269 1642 387 1678 lerunt
417 1650 537 1689 poetae.
565 1646 636 1680 Pro
654 1646 830 1689 fumantes
859 1659 948 1681 unus

272 1695 313 1728 M
316 1694 456 1730 edicens
466 1695 949 1743 habetflammanles.-—Regii

270 1746 404 1782 codices
404 1746 587 1790 fumantes.
591 1749 670 1782 —A
671 1751 877 1784 cbeloiadum
885 1763 949 1794 pro

269 1800 488 1834 Acheloidum
500 1827 508 1839 ‚
528 1800 632 1835 metri
646 1802 950 1836 causae—Sirenum

269 1856 418 1897 scopuli,
436 1861 543 1898 petrae
561 1861 629 1889 tres
641 1867 715 1889 non
726 1855 829 1900 longe
845 1868 863 1889 a
878 1855 950 1889 Ca-

269 1906 380 1950 preis,
398 1906 586 1951 naul'ragiis
606 1906 763 1942 infames.
784 1907 839 1941 De
855 1908 950 1941 Sire-

271 1960 371 1992 nibus
385 1958 463 1992 vide
482 1972 583 2004 supra
601 1960 632 1992 V
645 1986 654 2002 ,
674 1962 748 1993 551.
762 1977 808 1986 --
822 1960 942 2001 Pinus,

270 2010 366 2044 navis
377 2036 386 2053 ,
405 2011 524 2044 orbata
536 2014 677 2054 pra-side
688 2039 696 2051 ‚
717 2011 948 2057 gubernatore

272 2062 440 2097 Palinuro
452 2088 460 2104 ,
480 2063 629 2107 quicum
644 2064 879 2107 gubernaculo
890 2078 949 2098 ex-

271 2127 387 2148 cussus
399 2121 472 2148 erat
488 2115 522 2148 in
536 2128 631 2149 mare
646 2128 653 2155 3
668 2116 753 2149 AEn.
769 2116 815 2159 V,
832 2117 949 2161 867.—

271 2166 437 2211 Prochyta
456 2174 491 2201 et
504 2168 689 2201 Pt‘lhecusae
707 2168 719 2210 (
736 2167 838 2201 hodie
856 2170 948 2202 Pro-

272 2220 351 2252 cida
367 2225 401 2252 et
416 2220 554 2263 Ischia)
570 2218 689 2253 insulae
707 2220 948 2263 promontorio

274 2272 415 2306 Miseno
425 2273 578 2316 objectae.
591 2273 663 2306 Has
675 2285 694 2306 a
704 2272 829 2316 figlinis
841 2272 949 2307 dolia-

274 2324 406 2358 riorum
425 2324 440 2370 (
451 2324 583 2358 dolium
596 2325 690 2358 enim
703 2324 831 2359 Graecis
841 2325 947 2367 πίθος)

274 2390 407 2411 nomen
422 2378 558 2412 traxisse
569 2403 578 2420 ‚
596 2385 716 2412 auctor
732 2385 782 2412 est
796 2378 945 2421 Plinius,

273 2430 347 2471 111,
367 2429 396 2464 6.
409 2429 535 2463 Noster
546 2437 662 2463 autem
674 2455 683 2471 ,
705 2437 742 2463 ut
757 2429 949 2473 postulabat

273 2482 385 2525 operis
407 2481 460 2515 sui
482 2482 591 2526 ratio,
614 2482 771 2526 sequitur
787 2495 867 2525 eos,
889 2482 948 2526 qui

273 2546 292 2567 a
311 2533 439 2577 simiis,
463 2539 596 2574 πιθήκυις
611 2561 620 2578 ,
648 2534 797 2568 insulam
820 2534 948 2569 dictam

272 2599 343 2620 esse
361 2587 535 2621 malebant
554 2600 562 2621 t
586 2587 676 2621 hanc
699 2586 861 2621 eamdem
875 2600 946 2621 esse

272 2645 374 2681 atque
390 2640 556 2673 Inarimen
568 2653 592 2673 s.
608 2638 812 2683 AEnariam,
831 2646 949 2673 aucto-

270 2690 427 2725 ritatibus
449 2692 726 2736 geographorum
753 2704 945 2737 graecorum

269 2742 451 2778 contendit
478 2743 664 2778 Salmasius
691 2744 734 2778 ad
761 2745 921 2779 Solinum
935 2770 945 2789 ,

270 2807 344 2841 pag.
366 2808 418 2842 97.
439 2794 601 2830 Diversas
621 2795 753 2831 faciunt
777 2795 945 2840 Ovidius,

1015 1177 1112 1211 Mela
1129 1183 1164 1212 et
1180 1177 1247 1211 alii.
1271 1176 1388 1211 Fluxit
1405 1171 1522 1210 autem
1538 1175 1604 1210 hoc
1618 1188 1694 1210 no-

1014 1241 1098 1263 men
1115 1242 1155 1263 ex
1172 1227 1247 1263 loco
1261 1228 1316 1262 vel
1332 1227 1518 1272 depravato
1533 1227 1586 1262 vel
1603 1227 1692 1262 male

1013 1281 1191 1316 intellecto
1212 1281 1385 1324 Homeri,
1406 1281 1444 1315 ll.
1466 1287 1509 1324 Β,
1533 1282 1593 1325 783
1607 1306 1616 1323 ,
1638 1284 1693 1316 Εἶν

1014 1326 1144 1384 Α’[ιίμοις
1170 1347 1178 1369 :
1198 1348 1283 1380 quos
1307 1334 1448 1369 Arimos
1469 1334 1630 1368 nonnulli
1655 1335 1693 1369 in

1012 1385 1102 1421 hanc
1114 1386 1261 1420 insulam
1274 1386 1540 1420 transferebant.
1552 1386 1691 1430 Strabo,

1015 1437 1062 1480 V,
1076 1451 1151 1483 pag.
1167 1439 1231 1485 379
1245 1464 1254 1481 ,
1273 1438 1369 1473 addit
1382 1464 1392 1481 ,
1407 1438 1526 1473 simios
1540 1437 1694 1473 Etruscis

1014 1489 1123 1524 dictos
1143 1504 1214 1524 esse
1233 1494 1380 1532 an'mos‚·
1407 1490 1486 1524 vide
1507 1491 1629 1526 Heins.
1649 1490 1694 1525 ad

1013 1541 1048 1575 h.
1061 1542 1081 1575 1.
1094 1543 1258 1576 Munker.
1271 1542 1313 1576 ad
1330 1543 1484 1577 Lactant.
1496 1543 1642 1588 Argum.
1658 1550 1694 1577 et

1014 1592 1132 1639 Heyn.
1152 1594 1232 1627 Exc.
1246 1594 1281 1628 ΙΙ
1298 1593 1340 1627 ad
1360 1594 1457 1638 Virg.
1473 1594 1613 1629 AEneid.
1631 1594 1693 1628 IX.

1057 1657 1110 1691 92.
1122 1647 1290 1688 Cercopes,
1304 1644 1421 1691 Lydiae
1433 1645 1591 1689 populus,
1600 1644 1693 1679 frau-

1015 1695 1272 1731 dulentissimus
1291 1722 1300 1739 ,
1339 1696 1509 1730 malitiosa
1542 1697 1693 1731 versutia

1013 1748 1165 1793 insignis.
1194 1748 1276 1782 Jovi
1307 1748 1469 1783 adversus
1498 1748 1693 1784 Saturnum

1015 1813 1118 1845 opem
1130 1801 1381 1846 promiserant;
1394 1800 1453 1843 sed
1464 1826 1473 1843 ,
1487 1807 1623 1848 accepta
1636 1814 1693 1848 pe-

1014 1852 1116 1887 cunia
1129 1879 1138 1895 ,
1162 1865 1245 1887 eum
1267 1852 1442 1886 riserunt:
1462 1852 1543 1887 inde
1563 1853 1693 1889 versuti

1014 1905 1220 1949 impostores
1235 1907 1389 1954 Κέρκωπες
1404 1903 1484 1938 dieti
1497 1929 1506 1946 ,
1528 1911 1562 1938 et
1580 1920 1692 1955 utputo-

1015 1962 1114 1997 πίζειν
1126 1982 1135 1999 ,
1158 1955 1300 1990 fraudes
1318 1955 1457 1997 moliri;
1474 1954 1552 1990 vide
1573 1957 1695 1991 Zeno—

1014 2009 1112 2043 bium
1126 2007 1228 2042 Cent.
1242 2008 1271 2049 Ι,
1284 2011 1320 2049 5;
1334 2007 1401 2050 IV,
1414 2009 1467 2042 50.
1482 2007 1553 2042 Sed
1563 2007 1692 2043 Graecis

1014 2073 1165 2103 cercopes
1180 2066 1214 2093 et
1230 2071 1340 2104 genus
1357 2057 1538 2092 simiorum
1558 2058 1693 2093 cauda-

1014 2119 1130 2146 torum
1154 2124 1161 2145 :
1186 2112 1428 2154 cercopithecos
1452 2109 1489 2144 in
1514 2109 1693 2156 AEthiopia

1014 2170 1187 2198 memorat
1205 2170 1240 2198 et
1256 2163 1418 2198 describit
1428 2163 1562 2198 Plinius
1573 2189 1582 2207 ,
1599 2163 1692 2198 Hist.

1016 2218 1095 2252 Nat.
1115 2217 1228 2260 VIII,
1245 2231 1298 2252 21.

1057 2271 1111 2316 93.
1133 2272 1173 2304 In
1190 2270 1336 2314 deforme
1355 2272 1502 2309 animal,
1524 2268 1560 2303 in
1577 2268 1692 2303 simias

1014 2325 1172 2358 mutavit.
1190 2323 1258 2358 Sed
1278 2336 1376 2357 more
1392 2336 1454 2358 suo
1469 2322 1620 2356 formam
1637 2321 1692 2356 si·-

1014 2376 1165 2409 miarum
1181 2375 1334 2420 jucunde
1352 2374 1567 2413 describit.—
1575 2376 1671 2407 Viros
1679 2399 1690 2412 ,

1014 2429 1194 2471 homines,
1221 2435 1260 2462 ut
1281 2441 1369 2473 saepe
1398 2426 1487 2473 apud
1511 2427 1690 2462 Nostrum.

1013 2499 1057 2507 -·-
1072 2482 1222 2514 M‘embra
1236 2482 1414 2514 contraxit.
1438 2479 1555 2512 Amm.
1579 2479 1689 2515 Marc.

1014 2533 1140 2575 XXII,
1162 2534 1220 2576 14,
1239 2532 1282 2566 de
1299 2530 1463 2574 Juliano‚
1493 2533 1686 2572 Videbatur,

1013 2591 1051 2619 ut
1065 2586 1220 2629 Cer-caps,
1246 2587 1342 2620 homo
1358 2585 1613 2619 brev115.—Simae
1627 2597 1690 2618 na-

1012 2650 1066 2672 res
1078 2663 1086 2678 ‚
1104 2637 1139 2671 id
1151 2644 1202 2672 est
1213 2639 1398 2671 contractae
1412 2663 1420 2680 ,
1433 2636 1540 2671 simiis
1551 2636 1688 2670 dantur.

1015 2691 1131 2724 Etiam
1151 2691 1210 2735 qui
1228 2689 1410 2724 fastidiunt
1430 2689 1556 2734 aliquid
1572 2696 1688 2724 retor-

1013 2744 1054 2777 tis
1072 2742 1213 2777 naribus
1226 2769 1235 2786 ,
1259 2746 1380 2777 sinmre
1398 2755 1495 2776 nares
1515 2742 1688 2777 dicuntur.

1013 2795 1084 2831 Sed
1095 2795 1371 2839 Noster-maluit,
1390 2808 1429 2830 ex
1441 2793 1686 2830 emendatione
