1820 3106
273 240 364 296 436
645 243 697 285 P.
730 242 968 288 OVIDII
1001 242 1306 288 NASONIS

275 356 299 378 »
327 336 391 383 Ut
413 346 488 383 tua
511 334 619 393 sim,
646 354 783 383 voveo
803 354 814 383 ε
835 347 1112 401 spernentem
1135 355 1320 403 sperne:
1342 339 1543 404 sequenti

275 435 298 455 »
329 412 483 461 Redde
500 413 634 471 vices;
658 432 836 479 unoque
861 413 969 462 duas
989 413 1196 463 ulciscere
1217 415 1346 463 facto.
1374 437 1398 458 »

269 489 395 539 Talia
420 491 634 550 tentanti,
664 513 687 533 «
711 492 865 549 Prius,
893 491 1066 558 inquit,
1089 491 1136 539 in
1160 511 1333 559 aequore
1357 492 1562 553 frondes,

270 588 295 610 >›
328 567 544 627 Glaucus,
569 580 613 616 et
633 568 679 616 in
704 568 885 617 summis
905 581 1141 618 nascentur
1161 570 1389 619 montibus
1412 571 1547 634 algae3

1649 354 1694 389 35

265 667 295 692 .>›
325 645 502 711 Sospite
527 665 658 712 quam
682 645 827 713 Scylla
847 647 991 694 nostri
1013 659 1242 696 mutentur
1264 667 1447 697 amores.
1473 672 1495 692 »

266 720 502 783 Indignata
528 722 622 770 Dea
647 734 738 780 est;
764 733 808 771 et
830 721 985 771 laedere
1010 734 1226 788 quatenus
1250 723 1398 790 ipsum
1647 739 1692 784 4ο

264 800 370 848 Non
390 812 564 867 poterat
577 838 588 859 ,
614 819 695 849 nec
716 800 845 849 vellet
866 820 1015 849 amans
1029 838 1041 859 ‚
1068 801 1272 850 irascitur
1292 802 1386 856 illi,

266 876 380 939 Quae
401 876 489 924 sibi
509 875 686 942 praelata
709 888 802 934 est;
827 876 1101 943 Venerisque
1121 877 1292 926 offensa
1313 878 1511 945 repulsa,

263 955 479 1003 Protinus
503 955 738 1004 horrendis
760 956 940 1004 infamia
960 955 1126 1022 pabula
1151 957 1292 1006 succis

266 1031 468 1079 Conterit
487 1051 497 1088 3
523 1042 566 1079 et
589 1031 706 1080 tritis
729 1032 937 1080 Hecateia
958 1033 1150 1082 carmina
1170 1035 1344 1093 miscet;

263 1106 521 1173 Caerulaque
544 1107 745 1156 induitur
761 1107 1002 1168 velamina;
1026 1129 1193 1177 perque
1216 1111 1408 1160 ferarum
1644 1125 1688 1169 45

262 1186 435 1248 Agmen
460 1184 717 1234 adulantum
739 1185 882 1235 media
904 1187 1106 1253 procedit
1126 1189 1182 1236 ab
1206 1187 1305 1236 aula
1323 1209 1334 1237 :

262 1263 622 1330 Oppositamque
645 1275 799 1331 petens
823 1276 974 1313 contra
995 1265 1191 1314 Zancleia
1216 1285 1320 1314 saxa

261 1343 492 1405 Rhegion,
515 1342 764 1404 ingreditur
780 1343 996 1391 ferventes
1018 1344 1198 1392 aestibus
1218 1343 1386 1401 undas;

259 1422 315 1468 In
339 1420 529 1486 quibus,
553 1431 605 1467 ut
627 1419 769 1468 solida
785 1457 796 1478 ‚
819 1421 951 1486 ponit
974 1420 1156 1483 vestigia
1172 1458 1184 1478 ,
1207 1420 1330 1487 ripa,

260 1497 527 1562 Summaque
552 1495 745 1543 decurrit
765 1496 955 1561 pedibus
980 1516 1113 1563 super
1136 1516 1313 1563 aequora
1333 1497 1490 1545 siccis„
1641 1510 1686 1544 50

259 1616 403 1651 quoque,·
414 1603 522 1639 codex
533 1610 649 1639 autem
662 1604 692 1638 A
703 1630 713 1647 ,
724 1610 763 1638 ut
773 1610 808 1638 et
818 1604 917 1638 multi
928 1630 937 1647 ,

258 1661 418 1703 quantum
441 1669 566 1701 quoque
581 1659 731 1700 gramine
741 1660 880 1700 possim.
895 1675 940 1682 —-

259 1711 467 1753 spernentem
479 1734 487 1748 ‚
521 1707 683 1754 Scyllam.
699 1726 744 1734 —-
763 1709 932 1752 Sequenti,

258 1760 541 1805 mihi—Unaque
557 1761 645 1794 duas
661 1762 819 1794 ulciscere
826 1758 938 1802 sacto.

258 1814 486 1848 Burmannus
503 1825 521 1846 e
540 1811 711 1846 Vaticano
729 1817 764 1846 et
781 1810 938 1856 quinque

259 1864 332 1898 aliis
349 1870 529 1909 receperat
547 1865 648 1903 duos,
672 1862 742 1897 scil.
766 1861 939 1896 Glaucum

258 1922 295 1950 et
314 1914 443 1950 Circen
458 1929 466 1956 ;
483 1913 645 1949 eamdem
662 1912 850 1948 lectionem
864 1926 940 1947 ser-

258 1976 400 2003 vaverat
416 1967 608 2013 Gierigius;
626 1979 690 2013 ego
706 1967 854 2012 priscam
873 1980 938 2001 re—

257 2033 344 2059 voco
354 2046 363 2063 ,
383 2027 422 2054 ut
435 2022 521 2054 duas
534 2018 710 2053 referatur
726 2018 770 2053 ad
786 2018 939 2065 Scyllam

257 2080 294 2108 et
306 2072 433 2107 Circen
452 2085 459 2106 :
477 2079 603 2106 notum
621 2079 671 2106 est
687 2071 805 2105 vocab.
819 2073 945 2105 ulcisci

257 2126 400 2168 aliquem
425 2122 598 2167 duplicem
616 2135 687 2156 esse
710 2121 939 2166 significatio-

258 2188 342 2210 nem
357 2188 365 2209 :
386 2174 512 2219 punire
528 2173 656 2208 scilicet
669 2199 678 2216 ,
698 2180 733 2206 et
748 2172 936 2206 vindicare.

259 2227 382 2271 Quare
399 2226 491 2260 bona
505 2232 579 2259 erat
592 2225 734 2269 antiqua
746 2224 846 2258 lec-tio
859 2236 937 2268 quae

256 2279 432 2323 reperitur
459 2277 495 2310 in
523 2275 698 2311 codicibus
723 2274 840 2319 Regiis
859 2288 868 2315 ;
901 2281 937 2309 et

255 2331 347 2365 bene
362 2331 610 2374 interpretatus
627 2336 679 2364 est
698 2328 862 2374 glossator
878 2340 938 2361 ve-

256 2383 462 2418 tustissimus
475 2381 511 2415 in
523 2381 640 2416 codice
653 2382 682 2415 B
693 2380 746 2414 his
755 2392 828 2415 voc.
837 2381 937 2413 redde

255 2438 348 2469 vices
355 2437 452 2468 nobis
461 2436 591 2467 duabus
600 2436 635 2467 in
644 2446 709 2466 uno
710 2431 820 2476 sacto.
834 2431 935 2466 Idem

256 2486 342 2521 vidit
354 2485 471 2521 Nostri
487 2485 659 2529 interpres
670 2496 798 2530 graecus
809 2483 936 2518 Planu-

256 2539 316 2574 des
328 2565 338 2582 ,
354 2539 415 2584 qui
430 2539 534 2573 vertit
550 2551 558 2572 :
576 2544 630 2578 τὴν
643 2542 696 2582 μὲν
710 2539 838 2586 τιμώρει
850 2562 859 2579 ,
880 2542 934 2577 τὴν

255 2595 290 2626 δὲ
313 2597 457 2640 τιμωροῦ·
481 2603 589 2624 unam
609 2590 732 2634 punias
751 2615 761 2633 ,
790 2589 934 2623 alteram

252 2643 418 2677 vindices.
444 2642 532 2677 Mox
561 2642 727 2677 Heinsius
752 2654 816 2686 pro
832 2641 934 2686 sacto

253 2694 390 2730 volebat
407 2693 508 2728 scribi
519 2701 623 2737 pacto
635 2720 643 2734 ,
666 2701 706 2729 ut
721 2692 935 2739 intelligere-

253 2754 311 2782 tur
320 2753 458 2791 pactum
477 2745 639 2790 nuptiale.
670 2746 734 2780 Ed.

1049 1606 1101 1649 37.
1128 1608 1229 1640 Talia
1245 1608 1395 1640 tentanti.
1409 1604 1615 1640 Basileensis
1623 1605 1685 1640 ha—

1003 1658 1063 1692 bet
1080 1660 1251 1700 captanti,
1271 1657 1365 1701 quod
1382 1657 1493 1702 placet
1505 1657 1628 1692 Burm.
1641 1675 1686 1684 —

1004 1711 1104 1744 Prius
1119 1713 1154 1745 in
1168 1721 1293 1753 oequore
1307 1716 1371 1744 etc.
1388 1708 1445 1743 De
1454 1704 1521 1743 hoc
1531 1721 1683 1753 prover-

1005 1760 1063 1794 bio
1079 1759 1157 1794 vide
1175 1760 1218 1794 ad
1232 1760 1324 1794 XIII
1336 1785 1346 1802 ,
1366 1759 1441 1803 324.

1049 1814 1103 1855 4ο.
1122 1813 1254 1846 Loedere
1266 1838 1275 1852 ‚
1306 1811 1413 1845 succis
1427 1817 1463 1845 et
1471 1811 1687 1847 carminibus

1004 1871 1142 1898 mutare
1168 1864 1244 1908 ejus
1263 1862 1478 1900 formam.—
1491 1863 1660 1906 Quatenus
1671 1890 1681 1903 ‚

1003 1917 1093 1962 quia.
1108 1936 1153 1943 —
1163 1918 1238 1952 Non
1246 1921 1397 1960 poterat,
1414 1915 1539 1961 quippe
1553 1915 1684 1950 Deum.

1003 1971 1189 2004 —Veneris
1201 1995 1209 2009 ‚
1235 1968 1271 2002 in
1290 1980 1466 2002 amore.—-
1473 1969 1605 2002 Pabula
1623 1981 1684 2002 ex-

1005 2021 1128 2065 quisite
1137 2033 1212 2065 pro,
1227 2020 1571 2066 gramina—Micca,
1589 2020 1683 2055 inter

1002 2072 1194 2107 terendum
1207 2073 1350 2113 recitat3
1369 2072 1448 2106 Vll
1461 2098 1470 2114 ,
1489 2073 1683 2116 248.—He-

1002 2127 1113 2157 calcia
1130 2123 1183 2158 vel
1198 2122 1491 2169 omninossrnagica
1502 2149 1512 2166 ,
1530 2124 1584 2158 ve'l
1602 2125 1681 2170 qui-

1003 2175 1067 2209 bus
1079 2175 1304 2210 invocabatur
1316 2176 1450 2210 Hecate
1464 2189 1473 2216 ;
1491 2174 1569 2210 vide
1586 2175 1678 2219 VII,

1004 2229 1061 2272 74,
1081 2234 1116 2262 et
1137 2230 1263 2274 194—
1278 2229 1422 2269 Coerula,
1444 2235 1483 2262 ut
1499 2228 1603 2264 maris
1623 2242 1681 2264 ac·-

1001 2281 1289 2317 cola—Ferarum
1299 2294 1423 2325 agmen
1433 2308 1442 2323 ‚
1460 2294 1547 2316 vers.
1562 2285 1636 2317 255.

1045 2334 1097 2375 48.
1118 2332 1314 2376 Oppositum
1325 2339 1441 2366 contra
1452 2345 1542 2366 saxa
1553 2344 1565 2374 ;
1583 2333 1679 2367 saxis.

1000 2401 1044 2410 —-
1055 2386 1228 2419 Fervente-s
1239 2408 1246 2416 .
1257 2410 1265 2418 .
1277 2410 1285 2418 .
1297 2386 1407 2418 undas
1426 2383 1678 2428 appositionem

1001 2449 1073 2471 esse
1089 2442 1214 2480 putant
1231 2435 1354 2470 Heius.
1366 2442 1402 2469 et
1411 2435 1533 2470 Burm.
1545 2435 1621 2480 Ego
1630 2435 1678 2471 sic

999 2487 1200 2531 interpunxi
1212 2513 1221 2530 ‚
1237 2488 1404 2531 Rhegion,
1418 2489 1597 2531 ingreditur
1600 2488 1679 2532 fier*-

998 2546 1111 2573 ventes
1127 2545 1190 2572 etc.
1206 2538 1253 2572 ita
1267 2547 1384 2582 petens
1398 2551 1473 2572 non
1492 2539 1599 2573 otiose
1616 2538 1676 2573 ad·

1000 2590 1122 2625 ditum.
1130 2590 1254 2634 Neque
1265 2589 1366 2624 Circe
1376 2590 1538 2635 Rhegion
1549 2590 1675 2625 urbem

997 2641 1150 2687 ingressa
1174 2649 1246 2684 est,
1273 2641 1333 2676 sed
1351 2642 1522 2686 fi’reentes
1543 2645 1670 2685 undas,

996 2692 1129 2727 fretum
1158 2693 1315 2727 Siculum
1338 2719 1348 2737 ‚
1381 2702 1421 2730 ut
1450 2694 1611 2729 tenderet
1635 2695 1672 2729 in

997 2757 1075 2779 eam
1091 2751 1225 2790 partem
1240 2770 1249 2789 ,
1270 2745 1329 2779 ubi
1348 2745 1410 2779 sita
1426 2745 1481 2779 illa
1494 2745 1586 2780 urbs.
