<?xml version="1.0" encoding="UTF-8"?>
<!DOCTYPE html PUBLIC "-//W3C//DTD XHTML 1.0 Transitional//EN"
    "http://www.w3.org/TR/xhtml1/DTD/xhtml1-transitional.dtd">
<html xmlns="http://www.w3.org/1999/xhtml" xml:lang="en" lang="en">
 <head>
  <title>
</title>
<meta http-equiv="Content-Type" content="text/html;charset=utf-8" />
  <meta name='ocr-system' content='tesseract 3.04.00' />
  <meta name='ocr-capabilities' content='ocr_page ocr_carea ocr_par ocr_line ocrx_word'/>
</head>
<body>
  <div class='ocr_page' id='page_1' title='image "./quaeextantomniao04oviduoft_0172.png"; bbox 0 0 1820 3106; ppageno 0'>
   <div class='ocr_carea' id='block_1_1' title="bbox 209 237 289 279">
    <p class='ocr_par' dir='ltr' id='par_1_1' title="bbox 209 237 289 279">
     <span class='ocr_line' id='line_1_1' title="bbox 209 237 289 279; baseline 0 0"><span class='ocrx_word' id='word_1_1' title='bbox 209 237 289 279; x_wconf 79' lang='lat'><strong>158</strong></span> 
     </span>
    </p>
   </div>
   <div class='ocr_carea' id='block_1_2' title="bbox 586 233 1248 279">
    <p class='ocr_par' dir='ltr' id='par_1_2' title="bbox 586 233 1248 279">
     <span class='ocr_line' id='line_1_2' title="bbox 586 233 1248 279; baseline 0.003 -2"><span class='ocrx_word' id='word_1_2' title='bbox 586 235 637 277; x_wconf 91' lang='lat' dir='ltr'><strong>P.</strong></span> <span class='ocrx_word' id='word_1_3' title='bbox 674 234 917 279; x_wconf 90' lang='lat' dir='ltr'><strong>OVIDII</strong></span> <span class='ocrx_word' id='word_1_4' title='bbox 948 233 1248 279; x_wconf 85' lang='lat' dir='ltr'><strong>NASONIS</strong></span> 
     </span>
    </p>
   </div>
   <div class='ocr_carea' id='block_1_3' title="bbox 153 325 1627 1015">
    <p class='ocr_par' dir='ltr' id='par_1_3' title="bbox 204 325 1276 394">
     <span class='ocr_line' id='line_1_3' title="bbox 204 325 1276 394; baseline -0.001 -18"><span class='ocrx_word' id='word_1_5' title='bbox 204 327 413 394; x_wconf 81' lang='lat' dir='ltr'>Carpitur</span> <span class='ocrx_word' id='word_1_6' title='bbox 436 326 626 375; x_wconf 85' lang='lat' dir='ltr'>acclivus</span> <span class='ocrx_word' id='word_1_7' title='bbox 646 345 726 393; x_wconf 89' lang='lat' dir='ltr'><strong>per</strong></span> <span class='ocrx_word' id='word_1_8' title='bbox 749 337 872 375; x_wconf 89' lang='lat' dir='ltr'><strong>muta</strong></span> <span class='ocrx_word' id='word_1_9' title='bbox 894 325 1067 375; x_wconf 89' lang='lat' dir='ltr'><strong>silentia</strong></span> <span class='ocrx_word' id='word_1_10' title='bbox 1090 338 1249 377; x_wconf 88' lang='lat' dir='ltr'><strong>trames</strong></span> <span class='ocrx_word' id='word_1_11' title='bbox 1265 364 1276 385; x_wconf 93' lang='lat'>‚</span> 
     </span>
    </p>

    <p class='ocr_par' dir='ltr' id='par_1_4' title="bbox 201 403 1281 472">
     <span class='ocr_line' id='line_1_4' title="bbox 201 403 1281 472; baseline -0.001 -19"><span class='ocrx_word' id='word_1_12' title='bbox 201 405 412 463; x_wconf 65' lang='lat' dir='ltr'><strong>Arduus,&gt;</strong></span> <span class='ocrx_word' id='word_1_13' title='bbox 441 405 657 453; x_wconf 89' lang='lat' dir='ltr'><strong>obscurus</strong></span> <span class='ocrx_word' id='word_1_14' title='bbox 674 442 686 463; x_wconf 83' lang='lat'>‚</span> <span class='ocrx_word' id='word_1_15' title='bbox 714 403 900 467; x_wconf 87' lang='lat' dir='ltr'><strong>caligine</strong></span> <span class='ocrx_word' id='word_1_16' title='bbox 925 405 1088 454; x_wconf 90' lang='lat' dir='ltr'><strong>densus</strong></span> <span class='ocrx_word' id='word_1_17' title='bbox 1112 424 1247 472; x_wconf 84' lang='lat' dir='ltr'><strong>opaca</strong></span> <span class='ocrx_word' id='word_1_18' title='bbox 1270 424 1281 452; x_wconf 75' lang='grc' dir='ltr'><strong><em>ι</em></strong></span> 
     </span>
    </p>

    <p class='ocr_par' dir='ltr' id='par_1_5' title="bbox 201 482 1626 627">
     <span class='ocr_line' id='line_1_5' title="bbox 201 482 1626 550; baseline 0 -19"><span class='ocrx_word' id='word_1_19' title='bbox 201 485 294 531; x_wconf 87' lang='lat' dir='ltr'><strong>Nec</strong></span> <span class='ocrx_word' id='word_1_20' title='bbox 317 482 476 550; x_wconf 92' lang='lat' dir='ltr'><strong>procul</strong></span> <span class='ocrx_word' id='word_1_21' title='bbox 499 483 731 531; x_wconf 84' lang='lat' dir='ltr'><strong>abfuerant</strong></span> <span class='ocrx_word' id='word_1_22' title='bbox 754 482 923 531; x_wconf 88' lang='lat' dir='ltr'><strong>telluris</strong></span> <span class='ocrx_word' id='word_1_23' title='bbox 946 483 1144 546; x_wconf 78' lang='lat' dir='ltr'>margine</span> <span class='ocrx_word' id='word_1_24' title='bbox 1167 502 1346 532; x_wconf 84' lang='lat' dir='ltr'><strong>summae</strong></span> <span class='ocrx_word' id='word_1_25' title='bbox 1367 502 1378 541; x_wconf 88' lang='lat'>;</span> <span class='ocrx_word' id='word_1_26' title='bbox 1583 497 1626 531; x_wconf 83' lang='lat'><strong>55</strong></span> 
     </span>
     <span class='ocr_line' id='line_1_6' title="bbox 203 559 1393 627; baseline -0.001 -19"><span class='ocrx_word' id='word_1_27' title='bbox 203 561 316 619; x_wconf 87' lang='lat' dir='ltr'><strong>Hic,</strong></span> <span class='ocrx_word' id='word_1_28' title='bbox 342 580 398 609; x_wconf 91' lang='lat' dir='ltr'><strong>ne</strong></span> <span class='ocrx_word' id='word_1_29' title='bbox 423 559 647 618; x_wconf 88' lang='lat' dir='ltr'><strong>deficeret,</strong></span> <span class='ocrx_word' id='word_1_30' title='bbox 676 572 902 619; x_wconf 90' lang='lat' dir='ltr'><strong>metuens,</strong></span> <span class='ocrx_word' id='word_1_31' title='bbox 928 560 1168 627; x_wconf 83' lang='lat' dir='ltr'>avidusque</span> <span class='ocrx_word' id='word_1_32' title='bbox 1190 560 1393 619; x_wconf 83' lang='lat' dir='ltr'><strong>videndi,</strong></span> 
     </span>
    </p>

    <p class='ocr_par' dir='ltr' id='par_1_6' title="bbox 201 637 1423 706">
     <span class='ocr_line' id='line_1_7' title="bbox 201 637 1423 706; baseline -0.001 -19"><span class='ocrx_word' id='word_1_33' title='bbox 201 638 346 688; x_wconf 85' lang='lat' dir='ltr'><strong>Flexit</strong></span> <span class='ocrx_word' id='word_1_34' title='bbox 367 658 515 687; x_wconf 88' lang='lat' dir='ltr'><strong>amans</strong></span> <span class='ocrx_word' id='word_1_35' title='bbox 539 637 693 687; x_wconf 88' lang='lat' dir='ltr'><strong>oculos</strong></span> <span class='ocrx_word' id='word_1_36' title='bbox 714 658 723 686; x_wconf 74' lang='grc' dir='ltr'>ε</span> <span class='ocrx_word' id='word_1_37' title='bbox 745 650 787 687; x_wconf 90' lang='lat' dir='ltr'><strong>et</strong></span> <span class='ocrx_word' id='word_1_38' title='bbox 809 639 1018 705; x_wconf 90' lang='lat' dir='ltr'><strong>protinus</strong></span> <span class='ocrx_word' id='word_1_39' title='bbox 1042 638 1118 688; x_wconf 85' lang='lat' dir='ltr'><strong>illa</strong></span> <span class='ocrx_word' id='word_1_40' title='bbox 1139 639 1310 706; x_wconf 85' lang='lat' dir='ltr'><strong>relapsa</strong></span> <span class='ocrx_word' id='word_1_41' title='bbox 1331 650 1423 696; x_wconf 89' lang='lat' dir='ltr'><strong>est;</strong></span> 
     </span>
    </p>

    <p class='ocr_par' dir='ltr' id='par_1_7' title="bbox 153 711 1558 860">
     <span class='ocr_line' id='line_1_8' title="bbox 153 711 1558 785; baseline 0.001 -20"><span class='ocrx_word' id='word_1_42' title='bbox 153 711 160 714; x_wconf 50' lang='grc'><em>”</em></span> <span class='ocrx_word' id='word_1_43' title='bbox 201 716 477 785; x_wconf 83' lang='lat' dir='ltr'><strong>Brachiaque</strong></span> <span class='ocrx_word' id='word_1_44' title='bbox 496 716 754 774; x_wconf 86' lang='lat' dir='ltr'><strong>intendens,</strong></span> <span class='ocrx_word' id='word_1_45' title='bbox 778 716 1023 783; x_wconf 85' lang='lat' dir='ltr'><strong>prendique</strong></span> <span class='ocrx_word' id='word_1_46' title='bbox 1048 729 1091 764; x_wconf 93' lang='lat' dir='ltr'><strong>et</strong></span> <span class='ocrx_word' id='word_1_47' title='bbox 1111 717 1324 784; x_wconf 88' lang='lat' dir='ltr'><strong>prendere</strong></span> <span class='ocrx_word' id='word_1_48' title='bbox 1350 728 1530 783; x_wconf 88' lang='lat' dir='ltr'><strong>captans</strong></span> <span class='ocrx_word' id='word_1_49' title='bbox 1546 754 1558 775; x_wconf 90' lang='lat'>‚</span> 
     </span>
     <span class='ocr_line' id='line_1_9' title="bbox 201 793 1125 860; baseline 0.002 -19"><span class='ocrx_word' id='word_1_50' title='bbox 201 793 277 841; x_wconf 83' lang='lat' dir='ltr'><strong>Nil</strong></span> <span class='ocrx_word' id='word_1_51' title='bbox 299 794 385 842; x_wconf 91' lang='lat' dir='ltr'><strong>nisi</strong></span> <span class='ocrx_word' id='word_1_52' title='bbox 410 793 613 843; x_wconf 84' lang='lat' dir='ltr'><strong>cedentes</strong></span> <span class='ocrx_word' id='word_1_53' title='bbox 635 793 788 842; x_wconf 87' lang='lat' dir='ltr'><strong>infelix</strong></span> <span class='ocrx_word' id='word_1_54' title='bbox 807 794 964 860; x_wconf 83' lang='lat' dir='ltr'>arripit</span> <span class='ocrx_word' id='word_1_55' title='bbox 984 814 1125 843; x_wconf 89' lang='lat' dir='ltr'><strong>auras.</strong></span> 
     </span>
    </p>

    <p class='ocr_par' dir='ltr' id='par_1_8' title="bbox 200 870 1627 1015">
     <span class='ocr_line' id='line_1_10' title="bbox 200 870 1627 938; baseline 0 -20"><span class='ocrx_word' id='word_1_56' title='bbox 200 873 388 937; x_wconf 84' lang='lat' dir='ltr'><strong>Jamque</strong></span> <span class='ocrx_word' id='word_1_57' title='bbox 411 871 570 919; x_wconf 89' lang='lat' dir='ltr'><strong>iterum</strong></span> <span class='ocrx_word' id='word_1_58' title='bbox 594 870 786 919; x_wconf 90' lang='lat' dir='ltr'><strong>moriens</strong></span> <span class='ocrx_word' id='word_1_59' title='bbox 807 890 901 919; x_wconf 91' lang='lat' dir='ltr'><strong>non</strong></span> <span class='ocrx_word' id='word_1_60' title='bbox 925 883 992 920; x_wconf 88' lang='lat' dir='ltr'><strong>est</strong></span> <span class='ocrx_word' id='word_1_61' title='bbox 1015 871 1068 920; x_wconf 93' lang='lat' dir='ltr'><strong>de</strong></span> <span class='ocrx_word' id='word_1_62' title='bbox 1097 872 1281 937; x_wconf 87' lang='lat' dir='ltr'><strong>conjuge</strong></span> <span class='ocrx_word' id='word_1_63' title='bbox 1309 870 1553 938; x_wconf 81' lang='lat' dir='ltr'><strong>quidquam</strong></span> <span class='ocrx_word' id='word_1_64' title='bbox 1582 886 1627 920; x_wconf 85' lang='lat'><strong>60</strong></span> 
     </span>
     <span class='ocr_line' id='line_1_11' title="bbox 202 948 1557 1015; baseline 0.001 -20"><span class='ocrx_word' id='word_1_65' title='bbox 202 949 373 1011; x_wconf 80' lang='lat' dir='ltr'><strong>Questa</strong></span> <span class='ocrx_word' id='word_1_66' title='bbox 396 967 478 996; x_wconf 90' lang='lat' dir='ltr'><strong>suo</strong></span> <span class='ocrx_word' id='word_1_67' title='bbox 500 968 509 995; x_wconf 74' lang='grc' dir='ltr'>ε</span> <span class='ocrx_word' id='word_1_68' title='bbox 538 948 647 1015; x_wconf 89' lang='lat' dir='ltr'><strong>quid</strong></span> <span class='ocrx_word' id='word_1_69' title='bbox 668 949 785 997; x_wconf 89' lang='lat' dir='ltr'><strong>enim</strong></span> <span class='ocrx_word' id='word_1_70' title='bbox 808 949 895 997; x_wconf 90' lang='lat' dir='ltr'><strong>nisi</strong></span> <span class='ocrx_word' id='word_1_71' title='bbox 919 969 965 998; x_wconf 89' lang='lat' dir='ltr'><strong>se</strong></span> <span class='ocrx_word' id='word_1_72' title='bbox 991 962 1247 1015; x_wconf 89' lang='lat' dir='ltr'><strong>quereretur</strong></span> <span class='ocrx_word' id='word_1_73' title='bbox 1269 949 1490 998; x_wconf 80' lang='lat' dir='ltr'><strong>amatam?</strong></span> <span class='ocrx_word' id='word_1_74' title='bbox 1555 963 1557 965; x_wconf 76' lang='grc'><strong><em>’</em></strong></span> 
     </span>
    </p>
   </div>
   <div class='ocr_carea' id='block_1_4' title="bbox 203 1018 1355 1094">
    <p class='ocr_par' dir='ltr' id='par_1_9' title="bbox 203 1018 1355 1094">
     <span class='ocr_line' id='line_1_12' title="bbox 203 1018 1355 1094; baseline 0 -20"><span class='ocrx_word' id='word_1_75' title='bbox 203 1028 557 1094; x_wconf 86' lang='lat' dir='ltr'><strong>Supremumque</strong></span> <span class='ocrx_word' id='word_1_76' title='bbox 580 1027 674 1075; x_wconf 85' lang='lat' dir='ltr'><strong>vale</strong></span> <span class='ocrx_word' id='word_1_77' title='bbox 689 1064 700 1084; x_wconf 91' lang='lat'>‚</span> <span class='ocrx_word' id='word_1_78' title='bbox 728 1018 960 1093; x_wconf 59' lang='lat' dir='ltr'><strong>quod&#39;jam</strong></span> <span class='ocrx_word' id='word_1_79' title='bbox 983 1026 1055 1074; x_wconf 83' lang='lat' dir='ltr'><strong>vix</strong></span> <span class='ocrx_word' id='word_1_80' title='bbox 1077 1027 1261 1076; x_wconf 87' lang='lat' dir='ltr'><strong>auribus</strong></span> <span class='ocrx_word' id='word_1_81' title='bbox 1281 1026 1355 1075; x_wconf 91' lang='lat' dir='ltr'><strong>ille</strong></span> 
     </span>
    </p>
   </div>
   <div class='ocr_carea' id='block_1_5' title="bbox 201 1169 886 2777">
    <p class='ocr_par' dir='ltr' id='par_1_10' title="bbox 202 1169 884 1376">
     <span class='ocr_line' id='line_1_13' title="bbox 202 1169 883 1217; baseline -0.003 -12"><span class='ocrx_word' id='word_1_82' title='bbox 202 1171 397 1217; x_wconf 82' lang='lat' dir='ltr'><strong>promiscue</strong></span> <span class='ocrx_word' id='word_1_83' title='bbox 416 1177 586 1215; x_wconf 84' lang='lat' dir='ltr'><strong>usurpant</strong></span> <span class='ocrx_word' id='word_1_84' title='bbox 604 1177 727 1215; x_wconf 81' lang='lat' dir='ltr'><strong>poetae.</strong></span> <span class='ocrx_word' id='word_1_85' title='bbox 747 1169 883 1204; x_wconf 85' lang='lat' dir='ltr'><strong>Confer</strong></span> 
     </span>
     <span class='ocr_line' id='line_1_14' title="bbox 205 1221 884 1269; baseline 0 -13"><span class='ocrx_word' id='word_1_86' title='bbox 205 1223 326 1269; x_wconf 59' lang='lat' dir='ltr'><strong>virgil.</strong></span> <span class='ocrx_word' id='word_1_87' title='bbox 338 1222 467 1267; x_wconf 79' lang='lat' dir='ltr'><strong>Georg.</strong></span> <span class='ocrx_word' id='word_1_88' title='bbox 479 1222 545 1266; x_wconf 88' lang='lat' dir='ltr'><strong>IV,</strong></span> <span class='ocrx_word' id='word_1_89' title='bbox 562 1223 637 1269; x_wconf 81' lang='grc'><em>494.</em></span> <span class='ocrx_word' id='word_1_90' title='bbox 652 1221 758 1267; x_wconf 87' lang='lat' dir='ltr'><strong>Apud</strong></span> <span class='ocrx_word' id='word_1_91' title='bbox 771 1221 884 1266; x_wconf 87' lang='lat' dir='ltr'><strong>Apol-</strong></span> 
     </span>
     <span class='ocr_line' id='line_1_15' title="bbox 202 1275 882 1324; baseline -0.003 -14"><span class='ocrx_word' id='word_1_92' title='bbox 202 1275 312 1310; x_wconf 88' lang='lat' dir='ltr'><strong>lodor.</strong></span> <span class='ocrx_word' id='word_1_93' title='bbox 328 1275 498 1320; x_wconf 81' lang='lat' dir='ltr'><strong>respicere</strong></span> <span class='ocrx_word' id='word_1_94' title='bbox 520 1281 659 1308; x_wconf 86' lang='lat' dir='ltr'><strong>vetatur</strong></span> <span class='ocrx_word' id='word_1_95' title='bbox 679 1279 747 1324; x_wconf 65' lang='grc' dir='ltr'><strong>πρὶν</strong></span> <span class='ocrx_word' id='word_1_96' title='bbox 765 1279 807 1313; x_wconf 81' lang='grc' dir='ltr'><strong>εὶς</strong></span> <span class='ocrx_word' id='word_1_97' title='bbox 827 1279 882 1315; x_wconf 76' lang='grc' dir='ltr'><strong>τὴν</strong></span> 
     </span>
     <span class='ocr_line' id='line_1_16' title="bbox 202 1329 655 1376; baseline -0.004 -14"><span class='ocrx_word' id='word_1_98' title='bbox 202 1333 299 1364; x_wconf 75' lang='grc' dir='ltr'><strong><em>οὶκίαν</em></strong></span> <span class='ocrx_word' id='word_1_99' title='bbox 319 1329 410 1362; x_wconf 71' lang='grc' dir='ltr'><strong><em>αὑτοῦ</em></strong></span> <span class='ocrx_word' id='word_1_100' title='bbox 428 1329 655 1376; x_wconf 59' lang='grc' dir='ltr'><strong>παραγενέσθαι.</strong></span> 
     </span>
    </p>

    <p class='ocr_par' dir='ltr' id='par_1_11' title="bbox 201 1378 885 1786">
     <span class='ocr_line' id='line_1_17' title="bbox 248 1378 882 1423; baseline -0.003 -9"><span class='ocrx_word' id='word_1_101' title='bbox 248 1381 299 1415; x_wconf 83' lang='grc'><strong>53.</strong></span> <span class='ocrx_word' id='word_1_102' title='bbox 315 1381 471 1423; x_wconf 80' lang='lat' dir='ltr'><strong>Carpitur</strong></span> <span class='ocrx_word' id='word_1_103' title='bbox 482 1378 682 1423; x_wconf 81' lang='lat' dir='ltr'><strong>exquisitius</strong></span> <span class='ocrx_word' id='word_1_104' title='bbox 691 1391 797 1423; x_wconf 80' lang='lat' dir='ltr'><strong>quam</strong></span> <span class='ocrx_word' id='word_1_105' title='bbox 808 1378 882 1412; x_wconf 89' lang='lat' dir='ltr'><strong>vul-</strong></span> 
     </span>
     <span class='ocr_line' id='line_1_18' title="bbox 203 1430 883 1478; baseline -0.004 -12"><span class='ocrx_word' id='word_1_106' title='bbox 203 1445 282 1478; x_wconf 79' lang='lat' dir='ltr'><strong>gare</strong></span> <span class='ocrx_word' id='word_1_107' title='bbox 299 1438 353 1466; x_wconf 83' lang='lat' dir='ltr'><strong>cst</strong></span> <span class='ocrx_word' id='word_1_108' title='bbox 365 1438 487 1465; x_wconf 81' lang='lat' dir='ltr'><strong>trames</strong></span> <span class='ocrx_word' id='word_1_109' title='bbox 501 1443 511 1465; x_wconf 90' lang='lat'><strong>.·</strong></span> <span class='ocrx_word' id='word_1_110' title='bbox 528 1431 650 1465; x_wconf 89' lang='lat' dir='ltr'><strong>conser</strong></span> <span class='ocrx_word' id='word_1_111' title='bbox 669 1430 736 1473; x_wconf 87' lang='lat' dir='ltr'><strong>IV,</strong></span> <span class='ocrx_word' id='word_1_112' title='bbox 754 1430 828 1473; x_wconf 74' lang='lat'><strong>432.</strong></span> <span class='ocrx_word' id='word_1_113' title='bbox 839 1449 883 1456; x_wconf 90' lang='lat'>—</span> 
     </span>
     <span class='ocr_line' id='line_1_19' title="bbox 202 1482 882 1528; baseline -0.003 -10"><span class='ocrx_word' id='word_1_114' title='bbox 202 1485 383 1522; x_wconf 75' lang='lat' dir='ltr'><strong>Accmms,</strong></span> <span class='ocrx_word' id='word_1_115' title='bbox 412 1495 477 1528; x_wconf 92' lang='lat' dir='ltr'><strong>pro</strong></span> <span class='ocrx_word' id='word_1_116' title='bbox 492 1485 632 1517; x_wconf 75' lang='lat' dir='ltr'><strong>acclivis</strong></span> <span class='ocrx_word' id='word_1_117' title='bbox 652 1495 692 1516; x_wconf 85' lang='lat' dir='ltr'><strong>ex</strong></span> <span class='ocrx_word' id='word_1_118' title='bbox 711 1482 882 1516; x_wconf 87' lang='lat' dir='ltr'><strong>Zuliche-</strong></span> 
     </span>
     <span class='ocr_line' id='line_1_20' title="bbox 202 1533 884 1579; baseline -0.006 -9"><span class='ocrx_word' id='word_1_119' title='bbox 202 1536 322 1571; x_wconf 83' lang='lat' dir='ltr'><strong>miano</strong></span> <span class='ocrx_word' id='word_1_120' title='bbox 339 1534 436 1569; x_wconf 86' lang='lat' dir='ltr'><strong>dedit</strong></span> <span class='ocrx_word' id='word_1_121' title='bbox 450 1533 787 1579; x_wconf 83' lang='lat' dir='ltr'><strong>Heinsius.-—Regii</strong></span> <span class='ocrx_word' id='word_1_122' title='bbox 799 1545 884 1567; x_wconf 89' lang='lat' dir='ltr'><strong>nos-</strong></span> 
     </span>
     <span class='ocr_line' id='line_1_21' title="bbox 203 1587 884 1628; baseline -0.006 -7"><span class='ocrx_word' id='word_1_123' title='bbox 203 1587 248 1621; x_wconf 90' lang='lat' dir='ltr'><strong>tri</strong></span> <span class='ocrx_word' id='word_1_124' title='bbox 264 1589 413 1621; x_wconf 72' lang='lat' dir='ltr'><strong>acclivis.</strong></span> <span class='ocrx_word' id='word_1_125' title='bbox 430 1605 474 1611; x_wconf 97' lang='lat'>—</span> <span class='ocrx_word' id='word_1_126' title='bbox 489 1587 589 1619; x_wconf 85' lang='lat' dir='ltr'><strong>Muta</strong></span> <span class='ocrx_word' id='word_1_127' title='bbox 612 1592 647 1620; x_wconf 89' lang='lat' dir='ltr'><strong>et</strong></span> <span class='ocrx_word' id='word_1_128' title='bbox 671 1598 752 1618; x_wconf 91' lang='lat' dir='ltr'><strong>mox</strong></span> <span class='ocrx_word' id='word_1_129' title='bbox 775 1597 884 1628; x_wconf 80' lang='lat' dir='ltr'><em>opaca</em></span> 
     </span>
     <span class='ocr_line' id='line_1_22' title="bbox 203 1635 885 1679; baseline -0.004 -8"><span class='ocrx_word' id='word_1_130' title='bbox 203 1639 312 1673; x_wconf 87' lang='lat' dir='ltr'><strong>otiose</strong></span> <span class='ocrx_word' id='word_1_131' title='bbox 329 1636 446 1672; x_wconf 86' lang='lat' dir='ltr'><strong>addita</strong></span> <span class='ocrx_word' id='word_1_132' title='bbox 461 1650 468 1671; x_wconf 72' lang='grc' dir='ltr'><strong><em>ε</em></strong></span> <span class='ocrx_word' id='word_1_133' title='bbox 485 1636 564 1670; x_wconf 84' lang='lat' dir='ltr'><strong>vide</strong></span> <span class='ocrx_word' id='word_1_134' title='bbox 583 1636 624 1670; x_wconf 84' lang='lat' dir='ltr'><strong>ad</strong></span> <span class='ocrx_word' id='word_1_135' title='bbox 642 1636 697 1679; x_wconf 90' lang='lat'><strong>11,</strong></span> <span class='ocrx_word' id='word_1_136' title='bbox 713 1635 757 1670; x_wconf 84' lang='grc'><strong>66</strong></span> <span class='ocrx_word' id='word_1_137' title='bbox 768 1662 777 1679; x_wconf 89' lang='grc'>,</span> <span class='ocrx_word' id='word_1_138' title='bbox 795 1637 885 1670; x_wconf 77' lang='lat' dir='ltr'><em>c‘ali-</em></span> 
     </span>
     <span class='ocr_line' id='line_1_23' title="bbox 201 1687 877 1735; baseline -0.006 -11"><span class='ocrx_word' id='word_1_139' title='bbox 201 1693 279 1735; x_wconf 76' lang='lat' dir='ltr'><strong>gine</strong></span> <span class='ocrx_word' id='word_1_140' title='bbox 301 1691 445 1729; x_wconf 79' lang='lat' dir='ltr'><strong>densus,</strong></span> <span class='ocrx_word' id='word_1_141' title='bbox 473 1695 513 1722; x_wconf 92' lang='lat' dir='ltr'><strong>ut</strong></span> <span class='ocrx_word' id='word_1_142' title='bbox 537 1687 617 1722; x_wconf 89' lang='lat' dir='ltr'><strong>alibi</strong></span> <span class='ocrx_word' id='word_1_143' title='bbox 642 1700 731 1733; x_wconf 87' lang='lat' dir='ltr'><strong>saepe</strong></span> <span class='ocrx_word' id='word_1_144' title='bbox 760 1689 877 1727; x_wconf 72' lang='lat' dir='ltr'><strong>silvis,</strong></span> 
     </span>
     <span class='ocr_line' id='line_1_24' title="bbox 203 1743 564 1786; baseline -0.006 -10"><span class='ocrx_word' id='word_1_145' title='bbox 203 1745 307 1786; x_wconf 69' lang='lat' dir='ltr'><strong>virgis·</strong></span> <span class='ocrx_word' id='word_1_146' title='bbox 323 1743 445 1776; x_wconf 84' lang='lat' dir='ltr'><strong>densus</strong></span> <span class='ocrx_word' id='word_1_147' title='bbox 460 1743 564 1775; x_wconf 85' lang='lat' dir='ltr'><strong>locus.</strong></span> 
     </span>
    </p>

    <p class='ocr_par' dir='ltr' id='par_1_12' title="bbox 201 1791 886 2777">
     <span class='ocr_line' id='line_1_25' title="bbox 247 1791 884 1836; baseline -0.005 -8"><span class='ocrx_word' id='word_1_148' title='bbox 247 1797 301 1829; x_wconf 85' lang='lat'><strong>55.</strong></span> <span class='ocrx_word' id='word_1_149' title='bbox 325 1792 519 1836; x_wconf 79' lang='lat' dir='ltr'><strong>Absuerunt</strong></span> <span class='ocrx_word' id='word_1_150' title='bbox 535 1791 632 1826; x_wconf 87' lang='lat' dir='ltr'><strong>dedit</strong></span> <span class='ocrx_word' id='word_1_151' title='bbox 654 1791 821 1826; x_wconf 87' lang='lat' dir='ltr'><strong>Heinsius</strong></span> <span class='ocrx_word' id='word_1_152' title='bbox 843 1804 884 1825; x_wconf 88' lang='lat' dir='ltr'><strong>ex</strong></span> 
     </span>
     <span class='ocr_line' id='line_1_26' title="bbox 202 1843 884 1889; baseline -0.009 -7"><span class='ocrx_word' id='word_1_153' title='bbox 202 1845 412 1882; x_wconf 79' lang='lat' dir='ltr'><strong>Florentino</strong></span> <span class='ocrx_word' id='word_1_154' title='bbox 439 1845 475 1879; x_wconf 89' lang='lat' dir='ltr'><strong>S.</strong></span> <span class='ocrx_word' id='word_1_155' title='bbox 501 1844 639 1886; x_wconf 86' lang='lat' dir='ltr'><strong>Marci,</strong></span> <span class='ocrx_word' id='word_1_156' title='bbox 668 1856 732 1889; x_wconf 92' lang='lat' dir='ltr'><strong>pro</strong></span> <span class='ocrx_word' id='word_1_157' title='bbox 757 1843 884 1888; x_wconf 83' lang='lat' dir='ltr'><strong>abfue-</strong></span> 
     </span>
     <span class='ocr_line' id='line_1_27' title="bbox 202 1894 885 1940; baseline -0.006 -8"><span class='ocrx_word' id='word_1_158' title='bbox 202 1905 305 1940; x_wconf 74' lang='lat' dir='ltr'><strong>rant5</strong></span> <span class='ocrx_word' id='word_1_159' title='bbox 336 1898 402 1931; x_wconf 86' lang='lat' dir='ltr'><strong>hoc</strong></span> <span class='ocrx_word' id='word_1_160' title='bbox 427 1895 559 1930; x_wconf 87' lang='lat' dir='ltr'><strong>habent</strong></span> <span class='ocrx_word' id='word_1_161' title='bbox 586 1895 697 1929; x_wconf 83' lang='lat' dir='ltr'><strong>nostri</strong></span> <span class='ocrx_word' id='word_1_162' title='bbox 718 1894 885 1940; x_wconf 80' lang='lat' dir='ltr'><strong>Regii.—</strong></span> 
     </span>
     <span class='ocr_line' id='line_1_28' title="bbox 203 1946 884 1993; baseline -0.006 -10"><span class='ocrx_word' id='word_1_163' title='bbox 203 1951 359 1993; x_wconf 73' lang='lat' dir='ltr'><strong>Marginc</strong></span> <span class='ocrx_word' id='word_1_164' title='bbox 388 1948 504 1982; x_wconf 86' lang='lat' dir='ltr'><strong>abesse</strong></span> <span class='ocrx_word' id='word_1_165' title='bbox 531 1953 646 1992; x_wconf 85' lang='lat' dir='ltr'><strong>posset</strong></span> <span class='ocrx_word' id='word_1_166' title='bbox 667 1973 677 1990; x_wconf 86' lang='lat'>,</span> <span class='ocrx_word' id='word_1_167' title='bbox 706 1946 786 1991; x_wconf 88' lang='lat' dir='ltr'><strong>quia</strong></span> <span class='ocrx_word' id='word_1_168' title='bbox 811 1946 884 1990; x_wconf 83' lang='lat' dir='ltr'><strong>jam</strong></span> 
     </span>
     <span class='ocr_line' id='line_1_29' title="bbox 202 1998 884 2044; baseline -0.006 -9"><span class='ocrx_word' id='word_1_169' title='bbox 202 2004 302 2035; x_wconf 85' lang='lat' dir='ltr'><strong>tellus</strong></span> <span class='ocrx_word' id='word_1_170' title='bbox 321 2013 450 2035; x_wconf 86' lang='lat' dir='ltr'><strong>summa</strong></span> <span class='ocrx_word' id='word_1_171' title='bbox 469 1998 691 2044; x_wconf 85' lang='lat' dir='ltr'><strong>superficiem</strong></span> <span class='ocrx_word' id='word_1_172' title='bbox 708 2006 810 2033; x_wconf 84' lang='lat' dir='ltr'><strong>terrae</strong></span> <span class='ocrx_word' id='word_1_173' title='bbox 830 1998 884 2032; x_wconf 90' lang='lat' dir='ltr'><strong>si-</strong></span> 
     </span>
     <span class='ocr_line' id='line_1_30' title="bbox 204 2051 883 2099; baseline -0.004 -12"><span class='ocrx_word' id='word_1_174' title='bbox 204 2053 355 2099; x_wconf 82' lang='lat' dir='ltr'><strong>gnificat.</strong></span> <span class='ocrx_word' id='word_1_175' title='bbox 382 2053 491 2086; x_wconf 83' lang='lat' dir='ltr'><strong>Juvat</strong></span> <span class='ocrx_word' id='word_1_176' title='bbox 517 2051 674 2087; x_wconf 79' lang='lat' dir='ltr'><strong>cumbis</strong></span> <span class='ocrx_word' id='word_1_177' title='bbox 697 2051 883 2096; x_wconf 81' lang='lat' dir='ltr'><strong>Virgilium</strong></span> 
     </span>
     <span class='ocr_line' id='line_1_31' title="bbox 203 2102 884 2148; baseline -0.009 -7"><span class='ocrx_word' id='word_1_178' title='bbox 203 2107 389 2141; x_wconf 82' lang='lat' dir='ltr'><strong>conferre:</strong></span> <span class='ocrx_word' id='word_1_179' title='bbox 417 2118 435 2134; x_wconf 88' lang='lat'><strong><em>«</em></strong></span> <span class='ocrx_word' id='word_1_180' title='bbox 459 2104 611 2148; x_wconf 88' lang='lat' dir='ltr'><strong>Jamque</strong></span> <span class='ocrx_word' id='word_1_181' title='bbox 636 2102 763 2148; x_wconf 89' lang='lat' dir='ltr'><strong>pedem</strong></span> <span class='ocrx_word' id='word_1_182' title='bbox 784 2103 884 2138; x_wconf 83' lang='lat' dir='ltr'><strong>rese—</strong></span> 
     </span>
     <span class='ocr_line' id='line_1_32' title="bbox 206 2153 886 2198; baseline -0.007 -6"><span class='ocrx_word' id='word_1_183' title='bbox 206 2174 223 2188; x_wconf 82' lang='lat'>»</span> <span class='ocrx_word' id='word_1_184' title='bbox 242 2170 324 2192; x_wconf 85' lang='lat' dir='ltr'><strong>rens</strong></span> <span class='ocrx_word' id='word_1_185' title='bbox 340 2169 436 2191; x_wconf 86' lang='lat' dir='ltr'><strong>casus</strong></span> <span class='ocrx_word' id='word_1_186' title='bbox 453 2162 608 2190; x_wconf 84' lang='lat' dir='ltr'><strong>evaserat</strong></span> <span class='ocrx_word' id='word_1_187' title='bbox 624 2167 766 2198; x_wconf 83' lang='lat' dir='ltr'><strong>omnes,</strong></span> <span class='ocrx_word' id='word_1_188' title='bbox 786 2153 886 2188; x_wconf 90' lang='lat' dir='ltr'><strong>Red-</strong></span> 
     </span>
     <span class='ocr_line' id='line_1_33' title="bbox 205 2207 885 2256; baseline -0.009 -10"><span class='ocrx_word' id='word_1_189' title='bbox 205 2227 223 2242; x_wconf 82' lang='lat'>»</span> <span class='ocrx_word' id='word_1_190' title='bbox 242 2211 381 2256; x_wconf 89' lang='lat' dir='ltr'><strong>ditaque</strong></span> <span class='ocrx_word' id='word_1_191' title='bbox 393 2208 567 2256; x_wconf 87' lang='lat' dir='ltr'><strong>Eurydice</strong></span> <span class='ocrx_word' id='word_1_192' title='bbox 576 2221 716 2253; x_wconf 90' lang='lat' dir='ltr'><strong>superas</strong></span> <span class='ocrx_word' id='word_1_193' title='bbox 724 2207 885 2241; x_wconf 86' lang='lat' dir='ltr'><strong>veniebat</strong></span> 
     </span>
     <span class='ocr_line' id='line_1_34' title="bbox 205 2256 883 2305; baseline -0.009 -6"><span class='ocrx_word' id='word_1_194' title='bbox 205 2280 223 2295; x_wconf 68' lang='grc' dir='ltr'><strong>υ</strong></span> <span class='ocrx_word' id='word_1_195' title='bbox 243 2256 287 2299; x_wconf 86' lang='lat' dir='ltr'><strong>ad</strong></span> <span class='ocrx_word' id='word_1_196' title='bbox 303 2276 403 2298; x_wconf 84' lang='lat' dir='ltr'><strong>auras</strong></span> <span class='ocrx_word' id='word_1_197' title='bbox 418 2263 518 2296; x_wconf 90' lang='lat' dir='ltr'><strong>Pone</strong></span> <span class='ocrx_word' id='word_1_198' title='bbox 534 2273 683 2305; x_wconf 90' lang='lat' dir='ltr'><strong>sequens</strong></span> <span class='ocrx_word' id='word_1_199' title='bbox 697 2275 705 2301; x_wconf 86' lang='lat'>;</span> <span class='ocrx_word' id='word_1_200' title='bbox 730 2272 883 2304; x_wconf 90' lang='lat' dir='ltr'><strong>namque</strong></span> 
     </span>
     <span class='ocr_line' id='line_1_35' title="bbox 206 2312 882 2357; baseline -0.009 -6"><span class='ocrx_word' id='word_1_201' title='bbox 206 2332 224 2347; x_wconf 72' lang='grc' dir='ltr'>υ</span> <span class='ocrx_word' id='word_1_202' title='bbox 241 2316 334 2351; x_wconf 87' lang='lat' dir='ltr'><strong>hanc</strong></span> <span class='ocrx_word' id='word_1_203' title='bbox 356 2313 501 2348; x_wconf 85' lang='lat' dir='ltr'><strong>dederat</strong></span> <span class='ocrx_word' id='word_1_204' title='bbox 520 2312 729 2357; x_wconf 83' lang='lat' dir='ltr'><strong>Proserpina</strong></span> <span class='ocrx_word' id='word_1_205' title='bbox 750 2312 882 2357; x_wconf 85' lang='lat' dir='ltr'><strong>legem;</strong></span> 
     </span>
     <span class='ocr_line' id='line_1_36' title="bbox 206 2365 883 2414; baseline -0.003 -14"><span class='ocrx_word' id='word_1_206' title='bbox 206 2384 223 2400; x_wconf 82' lang='lat'><strong>&gt;›</strong></span> <span class='ocrx_word' id='word_1_207' title='bbox 245 2369 371 2414; x_wconf 88' lang='lat' dir='ltr'><strong>Quum</strong></span> <span class='ocrx_word' id='word_1_208' title='bbox 384 2367 494 2402; x_wconf 82' lang='lat' dir='ltr'><strong>subita</strong></span> <span class='ocrx_word' id='word_1_209' title='bbox 510 2367 691 2401; x_wconf 88' lang='lat' dir='ltr'><strong>incautum</strong></span> <span class='ocrx_word' id='word_1_210' title='bbox 705 2365 883 2399; x_wconf 86' lang='lat' dir='ltr'><strong>dementia</strong></span> 
     </span>
     <span class='ocr_line' id='line_1_37' title="bbox 206 2417 883 2467; baseline -0.009 -11"><span class='ocrx_word' id='word_1_211' title='bbox 206 2437 223 2451; x_wconf 77' lang='lat'><strong>&gt;›</strong></span> <span class='ocrx_word' id='word_1_212' title='bbox 241 2421 332 2467; x_wconf 81' lang='lat' dir='ltr'><strong>cepit</strong></span> <span class='ocrx_word' id='word_1_213' title='bbox 348 2426 528 2455; x_wconf 84' lang='lat' dir='ltr'><strong>amantem</strong></span> <span class='ocrx_word' id='word_1_214' title='bbox 541 2445 550 2462; x_wconf 91' lang='lat'>,</span> <span class='ocrx_word' id='word_1_215' title='bbox 573 2417 790 2463; x_wconf 73' lang='lat' dir='ltr'><strong>ignoscenda</strong></span> <span class='ocrx_word' id='word_1_216' title='bbox 806 2417 883 2462; x_wconf 93' lang='lat' dir='ltr'><strong>qui-</strong></span> 
     </span>
     <span class='ocr_line' id='line_1_38' title="bbox 206 2470 882 2516; baseline -0.009 -8"><span class='ocrx_word' id='word_1_217' title='bbox 206 2488 223 2503; x_wconf 90' lang='lat'>»</span> <span class='ocrx_word' id='word_1_218' title='bbox 243 2473 324 2507; x_wconf 90' lang='lat' dir='ltr'><strong>dem</strong></span> <span class='ocrx_word' id='word_1_219' title='bbox 337 2499 346 2515; x_wconf 91' lang='lat'>‚</span> <span class='ocrx_word' id='word_1_220' title='bbox 365 2472 494 2507; x_wconf 86' lang='lat' dir='ltr'><strong>scirent</strong></span> <span class='ocrx_word' id='word_1_221' title='bbox 510 2471 537 2506; x_wconf 85' lang='lat' dir='ltr'><strong>si</strong></span> <span class='ocrx_word' id='word_1_222' title='bbox 555 2471 732 2516; x_wconf 83' lang='lat' dir='ltr'><strong>ignoscere</strong></span> <span class='ocrx_word' id='word_1_223' title='bbox 747 2470 882 2503; x_wconf 84' lang='lat' dir='ltr'><strong>Manes.</strong></span> 
     </span>
     <span class='ocr_line' id='line_1_39' title="bbox 205 2521 883 2570; baseline -0.009 -10"><span class='ocrx_word' id='word_1_224' title='bbox 205 2539 223 2555; x_wconf 59' lang='grc' dir='ltr'><strong>ι)</strong></span> <span class='ocrx_word' id='word_1_225' title='bbox 245 2525 385 2559; x_wconf 87' lang='lat' dir='ltr'><strong>Restitit</strong></span> <span class='ocrx_word' id='word_1_226' title='bbox 395 2551 404 2567; x_wconf 91' lang='lat'><em>,</em></span> <span class='ocrx_word' id='word_1_227' title='bbox 418 2522 689 2570; x_wconf 88' lang='lat' dir='ltr'><strong>Eurydicenque</strong></span> <span class='ocrx_word' id='word_1_228' title='bbox 699 2534 800 2556; x_wconf 83' lang='lat' dir='ltr'><strong>suam</strong></span> <span class='ocrx_word' id='word_1_229' title='bbox 812 2521 883 2566; x_wconf 82' lang='lat' dir='ltr'><strong>jam</strong></span> 
     </span>
     <span class='ocr_line' id='line_1_40' title="bbox 204 2574 883 2622; baseline -0.009 -9"><span class='ocrx_word' id='word_1_230' title='bbox 204 2592 222 2608; x_wconf 83' lang='lat'><strong>&gt;›</strong></span> <span class='ocrx_word' id='word_1_231' title='bbox 240 2578 314 2612; x_wconf 88' lang='lat' dir='ltr'><strong>luce</strong></span> <span class='ocrx_word' id='word_1_232' title='bbox 327 2578 390 2612; x_wconf 91' lang='lat' dir='ltr'><strong>sub</strong></span> <span class='ocrx_word' id='word_1_233' title='bbox 400 2577 473 2622; x_wconf 87' lang='lat' dir='ltr'><strong>ipsa</strong></span> <span class='ocrx_word' id='word_1_234' title='bbox 486 2577 693 2618; x_wconf 89' lang='lat' dir='ltr'><strong>Immemor,</strong></span> <span class='ocrx_word' id='word_1_235' title='bbox 711 2575 798 2609; x_wconf 88' lang='lat' dir='ltr'><strong>heu!</strong></span> <span class='ocrx_word' id='word_1_236' title='bbox 816 2574 883 2608; x_wconf 89' lang='lat' dir='ltr'><strong>vic-</strong></span> 
     </span>
     <span class='ocr_line' id='line_1_41' title="bbox 204 2627 884 2675; baseline -0.007 -10"><span class='ocrx_word' id='word_1_237' title='bbox 204 2646 223 2661; x_wconf 81' lang='lat'>»</span> <span class='ocrx_word' id='word_1_238' title='bbox 241 2637 365 2675; x_wconf 85' lang='lat' dir='ltr'><strong>tusque</strong></span> <span class='ocrx_word' id='word_1_239' title='bbox 385 2630 493 2664; x_wconf 84' lang='lat' dir='ltr'><strong>animi</strong></span> <span class='ocrx_word' id='word_1_240' title='bbox 513 2629 663 2674; x_wconf 82' lang='lat' dir='ltr'><strong>respexit</strong></span> <span class='ocrx_word' id='word_1_241' title='bbox 682 2628 751 2662; x_wconf 88' lang='lat' dir='ltr'><strong>:ibi</strong></span> <span class='ocrx_word' id='word_1_242' title='bbox 770 2627 884 2661; x_wconf 86' lang='lat' dir='ltr'><strong>omnis</strong></span> 
     </span>
     <span class='ocr_line' id='line_1_42' title="bbox 203 2681 881 2726; baseline -0.007 -9"><span class='ocrx_word' id='word_1_243' title='bbox 203 2698 221 2714; x_wconf 86' lang='lat'>»</span> <span class='ocrx_word' id='word_1_244' title='bbox 240 2683 381 2717; x_wconf 76' lang='lat' dir='ltr'><strong>Effusas</strong></span> <span class='ocrx_word' id='word_1_245' title='bbox 398 2681 495 2716; x_wconf 90' lang='lat' dir='ltr'><strong>labor</strong></span> <span class='ocrx_word' id='word_1_246' title='bbox 511 2689 576 2716; x_wconf 85' lang='lat' dir='ltr'><strong>etc.</strong></span> <span class='ocrx_word' id='word_1_247' title='bbox 595 2695 611 2710; x_wconf 91' lang='lat'>»</span> <span class='ocrx_word' id='word_1_248' title='bbox 634 2698 678 2706; x_wconf 94' lang='lat'><strong>—-</strong></span> <span class='ocrx_word' id='word_1_249' title='bbox 698 2681 881 2726; x_wconf 68' lang='lat' dir='ltr'><strong>Deficeret,</strong></span> 
     </span>
     <span class='ocr_line' id='line_1_43' title="bbox 201 2732 884 2777; baseline -0.006 -7"><span class='ocrx_word' id='word_1_250' title='bbox 201 2749 236 2771; x_wconf 89' lang='lat' dir='ltr'><strong>se</strong></span> <span class='ocrx_word' id='word_1_251' title='bbox 259 2735 456 2776; x_wconf 86' lang='lat' dir='ltr'><strong>desereret,</strong></span> <span class='ocrx_word' id='word_1_252' title='bbox 484 2734 755 2777; x_wconf 85' lang='lat' dir='ltr'><strong>relinqueretur.</strong></span> <span class='ocrx_word' id='word_1_253' title='bbox 783 2732 884 2767; x_wconf 89' lang='lat' dir='ltr'><strong>Len—</strong></span> 
     </span>
    </p>
   </div>
   <div class='ocr_carea' id='block_1_6' title="bbox 941 1168 1674 2775">
    <p class='ocr_par' dir='ltr' id='par_1_13' title="bbox 946 1168 1628 1518">
     <span class='ocr_line' id='line_1_44' title="bbox 948 1168 1628 1215; baseline 0 -11"><span class='ocrx_word' id='word_1_254' title='bbox 948 1169 1019 1204; x_wconf 87' lang='lat' dir='ltr'><strong>zius</strong></span> <span class='ocrx_word' id='word_1_255' title='bbox 1032 1168 1257 1215; x_wconf 85' lang='lat' dir='ltr'><strong>subintelligit</strong></span> <span class='ocrx_word' id='word_1_256' title='bbox 1271 1169 1410 1204; x_wconf 87' lang='lat' dir='ltr'><strong>viribus.</strong></span> <span class='ocrx_word' id='word_1_257' title='bbox 1422 1169 1512 1204; x_wconf 87' lang='lat' dir='ltr'><strong>Rod.</strong></span> <span class='ocrx_word' id='word_1_258' title='bbox 1522 1177 1532 1213; x_wconf 86' lang='grc'><strong>,’</strong></span> <span class='ocrx_word' id='word_1_259' title='bbox 1544 1171 1628 1204; x_wconf 80' lang='lat' dir='ltr'><strong>dass</strong></span> 
     </span>
     <span class='ocr_line' id='line_1_45' title="bbox 947 1221 1628 1266; baseline -0.001 -9"><span class='ocrx_word' id='word_1_260' title='bbox 947 1226 997 1257; x_wconf 80' lang='lat' dir='ltr'><strong>sie</strong></span> <span class='ocrx_word' id='word_1_261' title='bbox 1007 1224 1102 1257; x_wconf 81' lang='lat' dir='ltr'><strong>nicht</strong></span> <span class='ocrx_word' id='word_1_262' title='bbox 1105 1223 1412 1266; x_wconf 49' lang='lat' dir='ltr'><strong>ficita—Relapsa</strong></span> <span class='ocrx_word' id='word_1_263' title='bbox 1426 1229 1488 1256; x_wconf 81' lang='lat' dir='ltr'><strong>est.</strong></span> <span class='ocrx_word' id='word_1_264' title='bbox 1504 1221 1628 1266; x_wconf 85' lang='lat' dir='ltr'><strong>Quin—</strong></span> 
     </span>
     <span class='ocr_line' id='line_1_46' title="bbox 948 1273 1627 1320; baseline 0 -12"><span class='ocrx_word' id='word_1_265' title='bbox 948 1288 1016 1320; x_wconf 90' lang='lat' dir='ltr'><strong>que</strong></span> <span class='ocrx_word' id='word_1_266' title='bbox 1027 1277 1159 1318; x_wconf 80' lang='lat' dir='ltr'><strong>repulsa</strong></span> <span class='ocrx_word' id='word_1_267' title='bbox 1169 1281 1242 1318; x_wconf 81' lang='lat' dir='ltr'><strong>est,·</strong></span> <span class='ocrx_word' id='word_1_268' title='bbox 1258 1274 1353 1309; x_wconf 91' lang='lat' dir='ltr'><strong>unde</strong></span> <span class='ocrx_word' id='word_1_269' title='bbox 1365 1273 1532 1309; x_wconf 85' lang='lat' dir='ltr'><strong>Heinsius</strong></span> <span class='ocrx_word' id='word_1_270' title='bbox 1545 1286 1627 1309; x_wconf 87' lang='lat' dir='ltr'><strong>con-</strong></span> 
     </span>
     <span class='ocr_line' id='line_1_47' title="bbox 946 1327 1625 1373; baseline 0 -11"><span class='ocrx_word' id='word_1_271' title='bbox 946 1328 1020 1373; x_wconf 83' lang='lat' dir='ltr'><strong>jicit</strong></span> <span class='ocrx_word' id='word_1_272' title='bbox 1034 1330 1164 1363; x_wconf 73' lang='lat' dir='ltr'><strong>revulsa</strong></span> <span class='ocrx_word' id='word_1_273' title='bbox 1173 1332 1235 1362; x_wconf 82' lang='lat' dir='ltr'><strong>est.</strong></span> <span class='ocrx_word' id='word_1_274' title='bbox 1246 1346 1289 1354; x_wconf 89' lang='lat'><strong>—-</strong></span> <span class='ocrx_word' id='word_1_275' title='bbox 1302 1327 1432 1373; x_wconf 83' lang='lat' dir='ltr'><strong>Regius</strong></span> <span class='ocrx_word' id='word_1_276' title='bbox 1442 1333 1562 1362; x_wconf 80' lang='lat' dir='ltr'><strong>noster</strong></span> <span class='ocrx_word' id='word_1_277' title='bbox 1572 1327 1603 1362; x_wconf 86' lang='lat' dir='ltr'>A</span> <span class='ocrx_word' id='word_1_278' title='bbox 1614 1353 1625 1371; x_wconf 89' lang='lat'><em>‚</em></span> 
     </span>
     <span class='ocr_line' id='line_1_48' title="bbox 947 1378 1626 1425; baseline -0.001 -11"><span class='ocrx_word' id='word_1_279' title='bbox 947 1382 1079 1423; x_wconf 77' lang='lat' dir='ltr'><strong>repulsa</strong></span> <span class='ocrx_word' id='word_1_280' title='bbox 1096 1386 1156 1415; x_wconf 80' lang='lat' dir='ltr'><strong>est.</strong></span> <span class='ocrx_word' id='word_1_281' title='bbox 1176 1380 1259 1414; x_wconf 90' lang='lat' dir='ltr'><strong>Non</strong></span> <span class='ocrx_word' id='word_1_282' title='bbox 1276 1379 1379 1414; x_wconf 86' lang='lat' dir='ltr'><strong>video</strong></span> <span class='ocrx_word' id='word_1_283' title='bbox 1398 1391 1506 1425; x_wconf 86' lang='lat' dir='ltr'><strong>quare</strong></span> <span class='ocrx_word' id='word_1_284' title='bbox 1523 1378 1626 1414; x_wconf 87' lang='lat' dir='ltr'><strong>lectio</strong></span> 
     </span>
     <span class='ocr_line' id='line_1_49' title="bbox 947 1431 1627 1477; baseline 0.001 -12"><span class='ocrx_word' id='word_1_285' title='bbox 947 1439 1086 1477; x_wconf 78' lang='lat' dir='ltr'><strong>recepta</strong></span> <span class='ocrx_word' id='word_1_286' title='bbox 1098 1458 1107 1475; x_wconf 88' lang='lat'>,</span> <span class='ocrx_word' id='word_1_287' title='bbox 1121 1445 1227 1476; x_wconf 87' lang='lat' dir='ltr'><strong>quam</strong></span> <span class='ocrx_word' id='word_1_288' title='bbox 1238 1432 1343 1467; x_wconf 82' lang='lat' dir='ltr'><strong>habet</strong></span> <span class='ocrx_word' id='word_1_289' title='bbox 1355 1431 1478 1467; x_wconf 87' lang='lat' dir='ltr'><strong>Codex</strong></span> <span class='ocrx_word' id='word_1_290' title='bbox 1488 1431 1519 1466; x_wconf 93' lang='lat' dir='ltr'><strong>B</strong></span> <span class='ocrx_word' id='word_1_291' title='bbox 1529 1458 1539 1476; x_wconf 92' lang='lat'><em>,</em></span> <span class='ocrx_word' id='word_1_292' title='bbox 1552 1444 1627 1466; x_wconf 87' lang='lat' dir='ltr'><strong>mu-</strong></span> 
     </span>
     <span class='ocr_line' id='line_1_50' title="bbox 947 1485 1172 1518; baseline 0.009 -2"><span class='ocrx_word' id='word_1_293' title='bbox 947 1489 1091 1517; x_wconf 85' lang='lat' dir='ltr'><strong>taretur.</strong></span> <span class='ocrx_word' id='word_1_294' title='bbox 1106 1485 1172 1518; x_wconf 82' lang='lat' dir='ltr'><strong>Ed.</strong></span> 
     </span>
    </p>

    <p class='ocr_par' dir='ltr' id='par_1_14' title="bbox 942 1534 1674 2452">
     <span class='ocr_line' id='line_1_51' title="bbox 993 1534 1629 1580; baseline 0.002 -12"><span class='ocrx_word' id='word_1_295' title='bbox 993 1535 1044 1569; x_wconf 87' lang='lat'><strong>58.</strong></span> <span class='ocrx_word' id='word_1_296' title='bbox 1057 1536 1219 1568; x_wconf 84' lang='lat' dir='ltr'><strong>Prendere</strong></span> <span class='ocrx_word' id='word_1_297' title='bbox 1230 1540 1374 1578; x_wconf 79' lang='lat' dir='ltr'><strong>captans</strong></span> <span class='ocrx_word' id='word_1_298' title='bbox 1387 1534 1518 1580; x_wconf 86' lang='lat' dir='ltr'><strong>recepit</strong></span> <span class='ocrx_word' id='word_1_299' title='bbox 1534 1534 1629 1569; x_wconf 87' lang='lat' dir='ltr'><strong>Bur-</strong></span> 
     </span>
     <span class='ocr_line' id='line_1_52' title="bbox 948 1586 1627 1632; baseline 0.003 -12"><span class='ocrx_word' id='word_1_300' title='bbox 948 1599 1042 1621; x_wconf 87' lang='lat' dir='ltr'><strong>man.</strong></span> <span class='ocrx_word' id='word_1_301' title='bbox 1053 1600 1095 1621; x_wconf 87' lang='lat' dir='ltr'><strong>ex</strong></span> <span class='ocrx_word' id='word_1_302' title='bbox 1105 1587 1203 1622; x_wconf 92' lang='lat' dir='ltr'><strong>MSS</strong></span> <span class='ocrx_word' id='word_1_303' title='bbox 1218 1599 1282 1632; x_wconf 86' lang='lat' dir='ltr'><strong>pro</strong></span> <span class='ocrx_word' id='word_1_304' title='bbox 1291 1593 1423 1621; x_wconf 83' lang='lat' dir='ltr'><strong>certans</strong></span> <span class='ocrx_word' id='word_1_305' title='bbox 1432 1586 1524 1632; x_wconf 88' lang='lat' dir='ltr'><strong>quod</strong></span> <span class='ocrx_word' id='word_1_306' title='bbox 1537 1599 1627 1632; x_wconf 78' lang='lat' dir='ltr'><strong>prae-</strong></span> 
     </span>
     <span class='ocr_line' id='line_1_53' title="bbox 947 1638 1627 1681; baseline 0 -9"><span class='ocrx_word' id='word_1_307' title='bbox 947 1639 1080 1673; x_wconf 87' lang='lat' dir='ltr'><strong>serebat</strong></span> <span class='ocrx_word' id='word_1_308' title='bbox 1093 1638 1272 1673; x_wconf 80' lang='lat' dir='ltr'><strong>Ciosanus.</strong></span> <span class='ocrx_word' id='word_1_309' title='bbox 1285 1638 1452 1673; x_wconf 86' lang='lat' dir='ltr'><strong>Heinsius</strong></span> <span class='ocrx_word' id='word_1_310' title='bbox 1465 1664 1474 1681; x_wconf 92' lang='lat'>,</span> <span class='ocrx_word' id='word_1_311' title='bbox 1493 1638 1627 1673; x_wconf 85' lang='lat' dir='ltr'><strong>etiamsi</strong></span> 
     </span>
     <span class='ocr_line' id='line_1_54' title="bbox 948 1689 1628 1736; baseline -0.001 -11"><span class='ocrx_word' id='word_1_312' title='bbox 948 1691 1125 1726; x_wconf 83' lang='lat' dir='ltr'><strong>obstarent</strong></span> <span class='ocrx_word' id='word_1_313' title='bbox 1140 1690 1296 1735; x_wconf 81' lang='lat' dir='ltr'><strong>exempla</strong></span> <span class='ocrx_word' id='word_1_314' title='bbox 1308 1689 1448 1725; x_wconf 74' lang='lat' dir='ltr'><strong>Phaedri</strong></span> <span class='ocrx_word' id='word_1_315' title='bbox 1462 1690 1551 1725; x_wconf 87' lang='lat' dir='ltr'><strong>infra</strong></span> <span class='ocrx_word' id='word_1_316' title='bbox 1562 1702 1628 1736; x_wconf 84' lang='lat' dir='ltr'><strong>po-</strong></span> 
     </span>
     <span class='ocr_line' id='line_1_55' title="bbox 947 1741 1629 1784; baseline -0.001 -7"><span class='ocrx_word' id='word_1_317' title='bbox 947 1743 1010 1777; x_wconf 88' lang='lat' dir='ltr'><strong>sita</strong></span> <span class='ocrx_word' id='word_1_318' title='bbox 1022 1769 1031 1784; x_wconf 90' lang='lat'>‚</span> <span class='ocrx_word' id='word_1_319' title='bbox 1049 1742 1137 1776; x_wconf 91' lang='lat' dir='ltr'><strong>nihil</strong></span> <span class='ocrx_word' id='word_1_320' title='bbox 1159 1741 1371 1776; x_wconf 84' lang='lat' dir='ltr'><strong>mutandum</strong></span> <span class='ocrx_word' id='word_1_321' title='bbox 1395 1742 1566 1777; x_wconf 82' lang='lat' dir='ltr'><strong>censebat.</strong></span> <span class='ocrx_word' id='word_1_322' title='bbox 1584 1757 1629 1768; x_wconf 53' lang='grc' dir='ltr'><strong>-ω-</strong></span> 
     </span>
     <span class='ocr_line' id='line_1_56' title="bbox 952 1791 1627 1837; baseline -0.003 -9"><span class='ocrx_word' id='word_1_323' title='bbox 952 1793 1075 1828; x_wconf 86' lang='lat' dir='ltr'><strong>Codex</strong></span> <span class='ocrx_word' id='word_1_324' title='bbox 1087 1800 1209 1828; x_wconf 87' lang='lat' dir='ltr'><strong>noster</strong></span> <span class='ocrx_word' id='word_1_325' title='bbox 1217 1793 1248 1827; x_wconf 92' lang='lat' dir='ltr'>A</span> <span class='ocrx_word' id='word_1_326' title='bbox 1260 1819 1269 1836; x_wconf 93' lang='lat'>,</span> <span class='ocrx_word' id='word_1_327' title='bbox 1282 1799 1443 1837; x_wconf 74' lang='lat' dir='ltr'><strong>captans5</strong></span> <span class='ocrx_word' id='word_1_328' title='bbox 1453 1791 1576 1837; x_wconf 84' lang='lat' dir='ltr'><strong>Codex</strong></span> <span class='ocrx_word' id='word_1_329' title='bbox 1583 1792 1627 1835; x_wconf 85' lang='grc' dir='ltr'><strong>Β,</strong></span> 
     </span>
     <span class='ocr_line' id='line_1_57' title="bbox 948 1845 1628 1889; baseline -0.003 -9"><span class='ocrx_word' id='word_1_330' title='bbox 948 1852 1089 1881; x_wconf 79' lang='lat' dir='ltr'><strong>certans.</strong></span> <span class='ocrx_word' id='word_1_331' title='bbox 1106 1865 1150 1871; x_wconf 92' lang='lat'>—</span> <span class='ocrx_word' id='word_1_332' title='bbox 1166 1845 1239 1879; x_wconf 86' lang='lat' dir='ltr'><strong>Aut</strong></span> <span class='ocrx_word' id='word_1_333' title='bbox 1252 1852 1394 1889; x_wconf 84' lang='lat' dir='ltr'><strong>captans</strong></span> <span class='ocrx_word' id='word_1_334' title='bbox 1407 1851 1460 1879; x_wconf 87' lang='lat' dir='ltr'><strong>est</strong></span> <span class='ocrx_word' id='word_1_335' title='bbox 1475 1857 1607 1879; x_wconf 83' lang='lat' dir='ltr'><strong>conans</strong></span> <span class='ocrx_word' id='word_1_336' title='bbox 1618 1869 1628 1887; x_wconf 92' lang='lat'>,</span> 
     </span>
     <span class='ocr_line' id='line_1_58' title="bbox 947 1896 1630 1942; baseline -0.001 -11"><span class='ocrx_word' id='word_1_337' title='bbox 947 1904 1087 1932; x_wconf 85' lang='lat' dir='ltr'><strong>tentans</strong></span> <span class='ocrx_word' id='word_1_338' title='bbox 1102 1897 1255 1940; x_wconf 85' lang='lat' dir='ltr'><strong>(Phaedr.</strong></span> <span class='ocrx_word' id='word_1_339' title='bbox 1269 1896 1335 1940; x_wconf 85' lang='lat' dir='ltr'><strong>IV,</strong></span> <span class='ocrx_word' id='word_1_340' title='bbox 1346 1907 1402 1931; x_wconf 83' lang='lat' dir='ltr'><strong>vn</strong></span> <span class='ocrx_word' id='word_1_341' title='bbox 1411 1922 1421 1940; x_wconf 85' lang='lat'>‚</span> <span class='ocrx_word' id='word_1_342' title='bbox 1435 1897 1457 1931; x_wconf 86' lang='grc'><strong>6</strong></span> <span class='ocrx_word' id='word_1_343' title='bbox 1468 1922 1478 1940; x_wconf 84' lang='grc'><strong><em>,</em></strong></span> <span class='ocrx_word' id='word_1_344' title='bbox 1491 1897 1575 1942; x_wconf 81' lang='lat' dir='ltr'><strong>quid</strong></span> <span class='ocrx_word' id='word_1_345' title='bbox 1578 1908 1630 1930; x_wconf 82' lang='lat' dir='ltr'><strong>me</strong></span> 
     </span>
     <span class='ocr_line' id='line_1_59' title="bbox 949 1950 1629 1993; baseline -0.003 -9"><span class='ocrx_word' id='word_1_346' title='bbox 949 1956 1069 1993; x_wconf 77' lang='lat' dir='ltr'><strong>captas</strong></span> <span class='ocrx_word' id='word_1_347' title='bbox 1085 1951 1201 1984; x_wconf 83' lang='lat' dir='ltr'><strong>loedere</strong></span> <span class='ocrx_word' id='word_1_348' title='bbox 1213 1950 1234 1984; x_wconf 73' lang='grc' dir='ltr'><strong>,Ρ</strong></span> <span class='ocrx_word' id='word_1_349' title='bbox 1252 1950 1299 1992; x_wconf 86' lang='lat' dir='ltr'><strong>V,</strong></span> <span class='ocrx_word' id='word_1_350' title='bbox 1316 1959 1362 1983; x_wconf 89' lang='lat'><strong>111</strong></span> <span class='ocrx_word' id='word_1_351' title='bbox 1374 1974 1383 1992; x_wconf 94' lang='lat'>,</span> <span class='ocrx_word' id='word_1_352' title='bbox 1403 1962 1421 1982; x_wconf 82' lang='lat'><em>2</em></span> <span class='ocrx_word' id='word_1_353' title='bbox 1431 1974 1440 1991; x_wconf 88' lang='lat'><strong>‚</strong></span> <span class='ocrx_word' id='word_1_354' title='bbox 1457 1961 1555 1993; x_wconf 84' lang='lat' dir='ltr'><strong>quam</strong></span> <span class='ocrx_word' id='word_1_355' title='bbox 1567 1961 1629 1992; x_wconf 79' lang='lat' dir='ltr'><strong>op-</strong></span> 
     </span>
     <span class='ocr_line' id='line_1_60' title="bbox 942 2001 1628 2045; baseline -0.001 -10"><span class='ocrx_word' id='word_1_356' title='bbox 942 2006 1084 2045; x_wconf 81' lang='lat' dir='ltr'><strong>primere</strong></span> <span class='ocrx_word' id='word_1_357' title='bbox 1093 2001 1259 2045; x_wconf 82' lang='lat' dir='ltr'><strong>captans)</strong></span> <span class='ocrx_word' id='word_1_358' title='bbox 1270 2027 1280 2044; x_wconf 86' lang='lat'>‚</span> <span class='ocrx_word' id='word_1_359' title='bbox 1295 2007 1354 2035; x_wconf 86' lang='lat' dir='ltr'><strong>aut</strong></span> <span class='ocrx_word' id='word_1_360' title='bbox 1363 2002 1487 2044; x_wconf 80' lang='lat' dir='ltr'><strong>prendi</strong></span> <span class='ocrx_word' id='word_1_361' title='bbox 1492 2006 1527 2034; x_wconf 87' lang='lat' dir='ltr'><strong>et</strong></span> <span class='ocrx_word' id='word_1_362' title='bbox 1530 2013 1628 2043; x_wconf 81' lang='lat' dir='ltr'><strong>pren-</strong></span> 
     </span>
     <span class='ocr_line' id='line_1_61' title="bbox 948 2052 1627 2098; baseline -0.003 -10"><span class='ocrx_word' id='word_1_363' title='bbox 948 2056 1023 2088; x_wconf 80' lang='lat' dir='ltr'><strong>dere</strong></span> <span class='ocrx_word' id='word_1_364' title='bbox 1042 2065 1107 2098; x_wconf 91' lang='lat' dir='ltr'><strong>pro</strong></span> <span class='ocrx_word' id='word_1_365' title='bbox 1119 2079 1129 2096; x_wconf 86' lang='lat'>‚</span> <span class='ocrx_word' id='word_1_366' title='bbox 1146 2059 1186 2087; x_wconf 87' lang='lat' dir='ltr'><strong>ut</strong></span> <span class='ocrx_word' id='word_1_367' title='bbox 1206 2052 1439 2097; x_wconf 88' lang='lat' dir='ltr'><strong>prenderetur</strong></span> <span class='ocrx_word' id='word_1_368' title='bbox 1455 2058 1491 2086; x_wconf 88' lang='lat' dir='ltr'><strong>et</strong></span> <span class='ocrx_word' id='word_1_369' title='bbox 1511 2065 1627 2097; x_wconf 89' lang='lat' dir='ltr'><strong>pren—</strong></span> 
     </span>
     <span class='ocr_line' id='line_1_62' title="bbox 950 2103 1628 2149; baseline 0 -10"><span class='ocrx_word' id='word_1_370' title='bbox 950 2105 1059 2139; x_wconf 90' lang='lat' dir='ltr'><strong>deret.</strong></span> <span class='ocrx_word' id='word_1_371' title='bbox 1079 2103 1184 2149; x_wconf 90' lang='lat' dir='ltr'><strong>Apud</strong></span> <span class='ocrx_word' id='word_1_372' title='bbox 1205 2103 1393 2149; x_wconf 87' lang='lat' dir='ltr'><strong>Virgilium</strong></span> <span class='ocrx_word' id='word_1_373' title='bbox 1412 2108 1628 2149; x_wconf 79' lang='lat' dir='ltr'><strong>nequicquam</strong></span> 
     </span>
     <span class='ocr_line' id='line_1_63' title="bbox 942 2156 1626 2201; baseline 0.001 -12"><span class='ocrx_word' id='word_1_374' title='bbox 942 2162 1081 2200; x_wconf 80' lang='lat' dir='ltr'><strong>prensat</strong></span> <span class='ocrx_word' id='word_1_375' title='bbox 1105 2158 1240 2190; x_wconf 84' lang='lat' dir='ltr'><strong>umbras</strong></span> <span class='ocrx_word' id='word_1_376' title='bbox 1255 2169 1266 2190; x_wconf 88' lang='lat'><strong>.·</strong></span> <span class='ocrx_word' id='word_1_377' title='bbox 1287 2156 1482 2201; x_wconf 85' lang='lat' dir='ltr'><strong>pleniorem</strong></span> <span class='ocrx_word' id='word_1_378' title='bbox 1509 2163 1626 2191; x_wconf 83' lang='lat' dir='ltr'><strong>autem</strong></span> 
     </span>
     <span class='ocr_line' id='line_1_64' title="bbox 947 2207 1626 2253; baseline -0.001 -11"><span class='ocrx_word' id='word_1_379' title='bbox 947 2208 1140 2253; x_wconf 82' lang='lat' dir='ltr'><strong>imaginem</strong></span> <span class='ocrx_word' id='word_1_380' title='bbox 1149 2207 1287 2242; x_wconf 83' lang='lat' dir='ltr'><strong>exhibet</strong></span> <span class='ocrx_word' id='word_1_381' title='bbox 1292 2210 1413 2251; x_wconf 80' lang='lat' dir='ltr'><strong>prendi</strong></span> <span class='ocrx_word' id='word_1_382' title='bbox 1421 2208 1626 2252; x_wconf 78' lang='lat' dir='ltr'><strong>etprendm.</strong></span> 
     </span>
     <span class='ocr_line' id='line_1_65' title="bbox 948 2259 1674 2305; baseline -0.003 -11"><span class='ocrx_word' id='word_1_383' title='bbox 948 2273 1054 2305; x_wconf 89' lang='lat' dir='ltr'><strong>quam</strong></span> <span class='ocrx_word' id='word_1_384' title='bbox 1072 2272 1184 2294; x_wconf 89' lang='lat' dir='ltr'><strong>unum</strong></span> <span class='ocrx_word' id='word_1_385' title='bbox 1194 2259 1533 2303; x_wconf 81' lang='lat' dir='ltr'><strong>prendere.—Auras,</strong></span> <span class='ocrx_word' id='word_1_386' title='bbox 1550 2259 1628 2293; x_wconf 79' lang='lat' dir='ltr'><strong>Vir·</strong></span> <span class='ocrx_word' id='word_1_387' title='bbox 1669 2275 1674 2277; x_wconf 86' lang='grc'><em>·</em></span> 
     </span>
     <span class='ocr_line' id='line_1_66' title="bbox 949 2311 1629 2358; baseline -0.004 -12"><span class='ocrx_word' id='word_1_388' title='bbox 949 2313 1047 2358; x_wconf 83' lang='lat' dir='ltr'><strong>gilius</strong></span> <span class='ocrx_word' id='word_1_389' title='bbox 1064 2338 1074 2354; x_wconf 84' lang='lat'>‚</span> <span class='ocrx_word' id='word_1_390' title='bbox 1100 2311 1235 2355; x_wconf 77' lang='lat' dir='ltr'><strong>aufugit</strong></span> <span class='ocrx_word' id='word_1_391' title='bbox 1253 2324 1313 2345; x_wconf 81' lang='lat' dir='ltr'><strong>ceu</strong></span> <span class='ocrx_word' id='word_1_392' title='bbox 1324 2311 1446 2356; x_wconf 85' lang='lat' dir='ltr'><strong>furnus</strong></span> <span class='ocrx_word' id='word_1_393' title='bbox 1468 2315 1504 2346; x_wconf 80' lang='lat' dir='ltr'><strong>in</strong></span> <span class='ocrx_word' id='word_1_394' title='bbox 1526 2323 1629 2344; x_wconf 82' lang='lat' dir='ltr'><strong>auras</strong></span> 
     </span>
     <span class='ocr_line' id='line_1_67' title="bbox 948 2363 1627 2408; baseline -0.004 -9"><span class='ocrx_word' id='word_1_395' title='bbox 948 2367 1157 2404; x_wconf 75' lang='lat' dir='ltr'><strong>commixtus,</strong></span> <span class='ocrx_word' id='word_1_396' title='bbox 1170 2363 1331 2408; x_wconf 75' lang='lat' dir='ltr'><strong>praeclare</strong></span> <span class='ocrx_word' id='word_1_397' title='bbox 1342 2363 1384 2398; x_wconf 88' lang='lat' dir='ltr'><strong>de</strong></span> <span class='ocrx_word' id='word_1_398' title='bbox 1395 2374 1540 2408; x_wconf 86' lang='lat' dir='ltr'><strong>corpore</strong></span> <span class='ocrx_word' id='word_1_399' title='bbox 1551 2374 1627 2396; x_wconf 89' lang='lat' dir='ltr'><strong>um—</strong></span> 
     </span>
     <span class='ocr_line' id='line_1_68' title="bbox 948 2417 1354 2452; baseline -0.007 0"><span class='ocrx_word' id='word_1_400' title='bbox 948 2417 1079 2452; x_wconf 88' lang='lat' dir='ltr'><strong>bratico</strong></span> <span class='ocrx_word' id='word_1_401' title='bbox 1096 2417 1354 2451; x_wconf 81' lang='lat' dir='ltr'><strong>defunctorum.</strong></span> 
     </span>
    </p>

    <p class='ocr_par' dir='ltr' id='par_1_15' title="bbox 941 2467 1628 2775">
     <span class='ocr_line' id='line_1_69' title="bbox 991 2467 1628 2513; baseline -0.005 -9"><span class='ocrx_word' id='word_1_402' title='bbox 991 2470 1044 2504; x_wconf 80' lang='lat'><strong>61.</strong></span> <span class='ocrx_word' id='word_1_403' title='bbox 1057 2469 1132 2503; x_wconf 82' lang='lat' dir='ltr'><strong>Non</strong></span> <span class='ocrx_word' id='word_1_404' title='bbox 1142 2475 1196 2503; x_wconf 84' lang='lat' dir='ltr'><strong>est</strong></span> <span class='ocrx_word' id='word_1_405' title='bbox 1205 2475 1330 2513; x_wconf 81' lang='lat' dir='ltr'><strong>questa.</strong></span> <span class='ocrx_word' id='word_1_406' title='bbox 1343 2467 1457 2502; x_wconf 83' lang='lat' dir='ltr'><strong>Multa</strong></span> <span class='ocrx_word' id='word_1_407' title='bbox 1469 2467 1628 2512; x_wconf 89' lang='lat' dir='ltr'><strong>queritur</strong></span> 
     </span>
     <span class='ocr_line' id='line_1_70' title="bbox 949 2519 1627 2566; baseline -0.001 -11"><span class='ocrx_word' id='word_1_408' title='bbox 949 2521 1041 2566; x_wconf 83' lang='lat' dir='ltr'><strong>apud</strong></span> <span class='ocrx_word' id='word_1_409' title='bbox 1054 2521 1241 2565; x_wconf 80' lang='lat' dir='ltr'><strong>Virgilium</strong></span> <span class='ocrx_word' id='word_1_410' title='bbox 1251 2533 1339 2554; x_wconf 83' lang='lat' dir='ltr'><strong>vers.</strong></span> <span class='ocrx_word' id='word_1_411' title='bbox 1353 2520 1417 2566; x_wconf 82' lang='grc'><strong>494</strong></span> <span class='ocrx_word' id='word_1_412' title='bbox 1427 2532 1500 2564; x_wconf 85' lang='lat' dir='ltr'><strong>sqq.</strong></span> <span class='ocrx_word' id='word_1_413' title='bbox 1511 2519 1555 2553; x_wconf 88' lang='lat' dir='ltr'><strong>de</strong></span> <span class='ocrx_word' id='word_1_414' title='bbox 1565 2520 1627 2554; x_wconf 79' lang='lat' dir='ltr'><strong>sati</strong></span> 
     </span>
     <span class='ocr_line' id='line_1_71' title="bbox 948 2571 1624 2616; baseline -0.003 -9"><span class='ocrx_word' id='word_1_415' title='bbox 948 2573 1165 2615; x_wconf 81' lang='lat' dir='ltr'><strong>crudelitate,</strong></span> <span class='ocrx_word' id='word_1_416' title='bbox 1177 2579 1212 2606; x_wconf 91' lang='lat' dir='ltr'><strong>et</strong></span> <span class='ocrx_word' id='word_1_417' title='bbox 1221 2571 1385 2606; x_wconf 81' lang='lat' dir='ltr'><strong>relabitur</strong></span> <span class='ocrx_word' id='word_1_418' title='bbox 1396 2584 1477 2606; x_wconf 88' lang='lat' dir='ltr'><strong>cum</strong></span> <span class='ocrx_word' id='word_1_419' title='bbox 1489 2572 1624 2616; x_wconf 83' lang='lat' dir='ltr'><strong>fragore</strong></span> 
     </span>
     <span class='ocr_line' id='line_1_72' title="bbox 941 2623 1628 2671; baseline -0.004 -11"><span class='ocrx_word' id='word_1_420' title='bbox 941 2626 1066 2671; x_wconf 72' lang='lat' dir='ltr'><strong>,indign</strong></span> <span class='ocrx_word' id='word_1_421' title='bbox 1073 2624 1202 2660; x_wconf 90' lang='lat' dir='ltr'><strong>abundi</strong></span> <span class='ocrx_word' id='word_1_422' title='bbox 1215 2623 1312 2659; x_wconf 70' lang='lat' dir='ltr'><strong>Orci.</strong></span> <span class='ocrx_word' id='word_1_423' title='bbox 1322 2642 1366 2649; x_wconf 90' lang='lat'>—</span> <span class='ocrx_word' id='word_1_424' title='bbox 1376 2625 1502 2658; x_wconf 77' lang='lat' dir='ltr'><strong>Nisise</strong></span> <span class='ocrx_word' id='word_1_425' title='bbox 1515 2636 1628 2668; x_wconf 79' lang='lat' dir='ltr'><strong>quere-</strong></span> 
     </span>
     <span class='ocr_line' id='line_1_73' title="bbox 946 2677 1626 2716; baseline -0.006 -4"><span class='ocrx_word' id='word_1_426' title='bbox 946 2685 1008 2712; x_wconf 78' lang='lat' dir='ltr'><strong>tur.</strong></span> <span class='ocrx_word' id='word_1_427' title='bbox 1026 2677 1132 2711; x_wconf 85' lang='lat' dir='ltr'><strong>Multi</strong></span> <span class='ocrx_word' id='word_1_428' title='bbox 1142 2683 1277 2711; x_wconf 88' lang='lat' dir='ltr'><strong>veteres</strong></span> <span class='ocrx_word' id='word_1_429' title='bbox 1290 2679 1375 2716; x_wconf 80' lang='lat' dir='ltr'><strong>nisi,</strong></span> <span class='ocrx_word' id='word_1_430' title='bbox 1398 2682 1458 2710; x_wconf 86' lang='lat' dir='ltr'><strong>aut</strong></span> <span class='ocrx_word' id='word_1_431' title='bbox 1469 2678 1626 2709; x_wconf 77' lang='lat' dir='ltr'><strong>sisubse—</strong></span> 
     </span>
     <span class='ocr_line' id='line_1_74' title="bbox 946 2728 1626 2775; baseline -0.001 -12"><span class='ocrx_word' id='word_1_432' title='bbox 946 2737 1095 2775; x_wconf 72' lang='lat' dir='ltr'><strong>queretur</strong></span> <span class='ocrx_word' id='word_1_433' title='bbox 1101 2736 1247 2764; x_wconf 82' lang='lat' dir='ltr'><em>amatam</em></span> <span class='ocrx_word' id='word_1_434' title='bbox 1260 2728 1311 2762; x_wconf 92' lang='lat' dir='ltr'><strong>vel</strong></span> <span class='ocrx_word' id='word_1_435' title='bbox 1322 2735 1486 2763; x_wconf 82' lang='lat' dir='ltr'><strong>amantem</strong></span> <span class='ocrx_word' id='word_1_436' title='bbox 1497 2742 1507 2762; x_wconf 87' lang='lat'><em>:</em></span> <span class='ocrx_word' id='word_1_437' title='bbox 1516 2728 1626 2763; x_wconf 88' lang='lat' dir='ltr'><strong>Hein-</strong></span> 
     </span>
    </p>
   </div>
  </div>
 </body>
</html>
