1820 3106
327 183 1069 252 ΜΕΤἈΜΟΒΡΗΟΞΕΟΝ
1102 208 1363 252 LIB.1X.

148 295 283 345 Dicta
301 295 427 345 Jovis
447 314 628 344 movere
639 295 761 345 Deos
784 315 794 344 :
819 315 901 346 nec
926 296 1117 346 sustinet
1140 297 1281 357 ullus,

149 374 305 440 Quum
319 373 497 423 videant
513 373 657 423 fessos
676 374 1053 424 Rhadamanthon
1065 414 1078 435 ‚
1098 388 1144 425 et
1162 377 1334 425 AEacon
1354 377 1503 435 annis,

148 454 208 502 Et
229 452 407 511 Minoa,
434 453 560 520 queri
580 473 590 501 ε
614 453 691 520 qui
705 492 717 512 ‚
745 453 851 503 dum
872 453 960 502 fuit
981 454 1152 518 integer
1173 454 1278 514 aevi,

147 530 384 580 Ten-uerat
401 549 586 594 magnas
601 569 613 591 ‚
635 531 737 599 ipso
763 551 944 599 quoque
967 531 1150 580 nomine
1165 569 1178 591 ,
1205 543 1372 595 gentes.

144 608 275 658 'Tunc
293 602 390 658 erat
407 608 629 659 invalidus
642 648 655 670 ‚
682 610 1026 677 Deionidenque
1046 609 1237 675 juventae

148 679 336 736 Robore
355 687 565 738 Miletum
581 727 594 748 ‚
617 689 881 756 Phoeboque
903 700 1086 756 parente
1109 688 1379 755 superbum,

1483 225 1575 253 ‘121

1516 468 1585 515 440

145 764 411 826 Pertimuit3
438 767 711 835 credensque
736 768 829 817 suis
854 768 1083 831 insurgere
1106 767 1257 830 regnis
1271 804 1284 826 ‚

145 842 282 892 Haud
303 856 451 894 tamen
475 857 544 895 est
564 846 724 916 patriis
747 865 893 896 arcere
916 846 1158 913 penatibus
1180 865 1330 896 ausus.

1522 857 1588 904 445

144 920 317 988 Sponte
339 923 482 986 fugis,
506 923 663 973 Milete
678 962 691 984 ‚
712 937 792 982 ¹tua
806 963 819 985 ‚
846 924 1066 992 celerique
1089 925 1238 975 carina

146 999 321 1064 AEgaeas
344 1002 514 1051 metiris
536 1023 674 1070 aquas
687 1041 700 1062 ‚
727 1015 771 1052 et
791 1004 839 1051 in
856 1003 996 1052 Aside
1017 1015 1136 1052 terra

147 1078 318 1128 Moenia
339 1080 576 1130 constituis
591 1118 604 1139 ‚
629 1081 842 1147 positoris
863 1081 1075 1130 habentia
1097 1101 1277 1130 nomen.

147 1154 235 1204 Hic
259 1155 370 1215 tibi,
397 1156 504 1205 dum
526 1157 731 1224 sequitur
752 1157 907 1225 patriae
929 1158 1184 1207 curvamina
1206 1159 1314 1226 ripae

147 1233 262 1283 Filia
284 1234 503 1283 Maeandri
526 1235 662 1284 toties
685 1235 912 1306 redeuntis
937 1236 1092 1286 eodem
1106 1274 1118 1295 ,

152 1368 252 1405 cort.
268 1369 312 1404 ad
326 1369 465 1406 Sallust.
484 1369 564 1406 Cat.
586 1370 659 1415 LI,
677 1372 707 1405 5.
720 1370 835 1414 (Vide

150 1422 258 1458 etiam
267 1435 345 1469 quae
355 1422 399 1458 ad
408 1423 578 1458 eumdem
585 1423 702 1459 locum
711 1423 837 1459 dixerit

150 1475 192 1511 cl.
217 1475 408 1511 Bunuour
429 1475 467 1510 in
492 1482 615 1511 nostro
643 1475 807 1511 Sallustio
824 1502 834 1520 ,

150 1539 183 1572 p.
198 1526 239 1562 81
254 1525 294 1569 );
311 1539 467 1573 namque
486 1527 656 1574 sapientia
679 1528 836 1563 cernitur

147 1578 185 1613 in
196 1578 321 1614 ordine
333 1592 456 1614 rerum
468 1579 696 1627 agendarum.
711 1581 835 1625 Itaque

149 1637 185 1666 et
199 1630 234 1666 h.
249 1631 271 1667 l.
289 1631 339 1667 sic
355 1632 455 1678 capio
468 1657 478 1676 ,
503 1645 577 1667 non
599 1645 643 1667 eo
665 1633 809 1668 consilio
824 1659 835 1676 ,

149 1696 223 1720 non
239 1698 281 1721 ea
293 1686 465 1732 sapientia
481 1713 492 1731 ,
516 1700 585 1733 qua
605 1695 687 1722 ante
708 1701 838 1734 regna-

147 1737 217 1772 bat.
234 1736 420 1774 Claudian.
435 1738 544 1775 Cous.
558 1739 664 1788 Olyb.
681 1742 721 1786 57
733 1767 742 1785 ‚
760 1746 842 1786 quot

148 1795 185 1826 in
200 1793 318 1827 ordine
332 1800 449 1837 gentes
462 1798 596 1828 reu-nit.
618 1794 741 1840 Itaque
762 1806 838 1828 non

151 1857 239 1891 opus
261 1851 315 1880 est
334 1845 474 1881 Heinsii
491 1847 696 1892 conjectura
719 1850 838 1882 omine.

150 1915 195 1922 —
207 1899 280 1933 Nec
299 1901 468 1942 sustinct,·
490 1899 621 1946 Regius
640 1906 761 1934 noster
781 1900 813 1934 A
826 1926 836 1940 ‚

151 1961 235 1983 cum
259 1948 428 1985 Cantabr.
454 1949 602 1985 Junian.
625 1958 661 1987 et
687 1958 839 1997 quatuor

152 2000 227 2036 aliis
239 2027 250 2045 ,
267 2000 374 2037 habet
389 2015 451 2038 nec
466 2015 505 2037 se
517 2009 617 2039 tenet.

197 2056 273 2098 440.
286 2055 421 2100 Integer
432 2059 512 2098 avi,
539 2056 600 2101 qui
615 2062 667 2091 est
687 2055 839 2092 florente

154 2106 269 2143 adhuc
291 2115 404 2144 aetate.
421 2108 516 2156 Opp.
538 2112 730 2152 invalidus,
755 2123 839 2146 con-

154 2160 264 2195 sectus
284 2161 394 2196 senio.
408 2180 453 2187 —
468 2163 549 2206 Ipso
570 2167 702 2198 nomine
723 2170 842 2198 terrere

150 2219 268 2257 gentes
283 2239 292 2254 ‚
319 2214 449 2248 summi
473 2221 507 2249 et
524 2215 643 2250 invicti
664 2215 841 2251 bellatoris

154 2264 314 2307 notatim
337 2265 482 2310 Florus,
502 2267 580 2311 111,
598 2279 620 2301 x
633 2294 644 2311 ,
666 2281 730 2311 ²03
748 2269 841 2304 Jus-

154 2317 272 2361 tinus,
296 2318 372 2362 XI,
399 2329 461 2363 vl,
491 2323 552 2362 153
572 2321 674 2356 XLII
690 2348 699 2367 ,
717 2334 763 2366 v,
791 2323 840 2358 13.

156 2370 229 2406 Sed
251 2371 382 2406 Noster
410 2385 529 2407 rursus
554 2372 693 2408 videtur
716 2375 842 2410 Minoa

157 2422 365 2458 Secundum
383 2437 466 2458 curn
484 2424 600 2470 primo
622 2427 818 2462 confudisse
831 2454 841 2471 ,

157 2476 264 2524 (vide
290 2477 332 2511 ad
351 2478 470 2521 V111,
497 2486 611 2523 120),
637 2480 703 2515 nisi
729 2494 843 2516 unum

156 2523 298 2564 tantum
311 2529 436 2564 Minoa
450 2531 552 2566 fuisse
567 2531 751 2568 credamus
762 2547 843 2568 cum

159 2581 348 2617 Aristotele
367 2583 470 2617 Polit.
488 2583 523 2618 ΙΙ
538 2610 547 2627 ,
565 2598 586 2631 9
602 2591 637 2619 et
657 2589 845 2621 10.—Mi-

158 2635 244 2668 letus
258 2660 268 2674 ,
298 2634 469 2679 Apollinis
487 2634 578 2670 filius
594 2662 603 2679 ,
624 2637 809 2671 Deionides
825 2650 844 2672 a

161 2687 299 2722 Deione
312 2696 424 2723 matre
438 2688 550 2724 dictus
561 2688 717 2729 videtur,
730 2702 846 2735 quan-

162 2751 267 2785 quam
280 2752 321 2775 ea
334 2739 372 2775 in
385 2753 423 2777 re
437 2740 569 2776 mirum
580 2741 617 2776 in
630 2740 778 2777 modum
787 2755 846 2777 va-

1520 1253 1589 1298 450

901 1371 995 1406 riant
1017 1372 1167 1407 Veteres
1184 1371 1289 1406 :vide
1309 1372 1524 1417 Interpretes
1546 1372 1591 1406 ad

902 1423 936 1458 h.
951 1424 972 1459 l.
988 1430 1024 1459 et
1038 1424 1260 1459 Munkerum
1275 1423 1319 1459 ad
1336 1424 1510 1460 Lactantii
1522 1424 1592 1459 Ar*

902 1477 1036 1523 gum.Is
1044 1490 1155 1523 quum
1163 1477 1199 1511 in
1207 1477 1368 1512 adsectati
1378 1477 1477 1523 regni
1484 1478 1591 1523 suspi-

902 1529 1042 1564 cionem
1054 1530 1248 1573 incidisset,
1262 1529 1427 1565 Minoem
1440 1537 1479 1565 ut
1490 1538 1591 1565 metu

901 1580 1067 1616 liberaret
1081 1608 1090 1625 ‚
1109 1595 1190 1617 cum
1206 1583 1387 1618 sanctione
1404 1596 1465 1618 sua
1480 1583 1568 1628 sugit
1580 1610 1590 1625 ,

902 1634 1070 1679 venitque
1088 1634 1124 1669 in
1142 1648 1241 1669 oram
1260 1635 1489 1670 Anactoriam
1501 1662 1510 1679 ‚
1530 1635 1591 1669 ubi

903 1687 1072 1723 Miletum
1091 1688 1258 1724 condidit.
1277 1689 1364 1724 Haec
1379 1689 1443 1735 ipsi
1460 1689 1592 1724 Milesii

904 1739 947 1775 de
970 1740 1162 1786 originibus
1181 1742 1252 1776 suis
1275 1741 1470 1776 tradebant.
1489 1742 1592 1776 Pau-

903 1806 979 1828 san.
992 1793 1132 1829 Achaic.
1141 1808 1174 1840 p.
1189 1796 1263 1839 524.
1278 1793 1415 1829 Confer
1427 1795 1590 1841 Apollod.

905 1846 983 1890 111,
997 1858 1022 1887 1,
1037 1860 1066 1880 2.
1076 1846 1132 1881 De
1145 1848 1266 1881 Im‘lcto
1275 1847 1354 1882 vide
1366 1854 1402 1882 et
1412 1847 1594 1895 Verheyk.

905 1897 948 1931 ad
964 1899 1099 1932 Anton.
1117 1898 1192 1933 Lib.
1206 1911 1280 1944 cap.
1297 1899 1406 1933 3o.—
1422 1900 1590 1940 Credcns5

905 1949 1040 1996 Tanaq.
1070 1951 1184 1985 Faber
1208 1951 1371 1986 censebat
1400 1951 1593 1998 legendum

904 2009 1075 2037 certus.—
1086 2003 1187 2048 Regii
1202 2004 1313 2038 nostri
1329 2005 1523 2039 credens.·-
1531 2005 1595 2038 In—

904 2058 1014 2100 surgit
1032 2059 1164 2100 regnis,
1194 2056 1277 2101 qui,
1300 2056 1451 2091 factione
1478 2056 1567 2091 sacta
1583 2082 1594 2099 ‚

904 2122 1057 2155 regnum
1084 2110 1220 2156 eripere
1244 2117 1394 2145 conatur
1421 2109 1532 2145 alteri.
1551 2129 1595 2136 —

906 2165 1162 2208 Patrz'ipenates
1170 2164 1250 2199 alibi
1261 2163 1304 2198 de
1315 2164 1423 2198 domo
1434 2171 1594 2210 paterna,

905 2229 1003 2251 nunc
1019 2216 1062 2251 de
1074 2217 1185 2262 patria
1195 2243 1204 2260 ‚
1223 2229 1344 2263 regno.
1355 2218 1483 2251 Arce-re
1490 2228 1594 2260 pena-

905 2271 1013 2309 tibus,
1031 2269 1158 2315 ejicere
1170 2296 1179 2314 ,
1200 2269 1371 2315 expellere
1383 2281 1504 2315 regno.

953 2323 1027 2367 447.
1038 2323 1272 2367 M’hh‘aquas
1283 2349 1291 2363 ,
1307 2334 1598 2367 percurreremu-

906 2387 944 2408 re
957 2374 1037 2408 navi
1048 2400 1058 2417 ‚
1072 2374 1235 2420 navigare
1248 2387 1311 2419 per
1321 2386 1428 2408 mare.
1443 2374 1595 2409 Homer.

905 2439 938 2461 v.
956 2439 984 2461 c.
1003 2425 1073 2461 Od.
1091 2433 1113 2461 Γ
1128 2453 1138 2469 ‚
1163 2440 1246 2473 179,
1268 2429 1393 2470 πέλαγος
1409 2434 1538 2476 μετρεῖν.
1550 2445 1595 2452 -·

906 2479 1038 2513 Maen1·a
1062 2491 1136 2512 non
1153 2484 1235 2513 sunt
1258 2491 1395 2512 mauern
1409 2504 1417 2519 ,
1442 2485 1482 2512 ut
1504 2478 1595 2513 Rod.

906 2531 1012 2566 vertit
1021 2557 1030 2574 ,
1043 2530 1105 2565 sed
1117 2530 1211 2566 urbs.
1223 2531 1351 2565 Ponere
1360 2534 1486 2565 moem'a
1497 2530 1597 2576 phra-

907 2584 952 2619 sis
967 2584 1068 2618 obvia
1082 2610 1091 2628 ,
1108 2582 1167 2618 sed
1185 2582 1251 2618 hoc
1265 2583 1342 2619 loco
1354 2596 1444 2618 nove
1453 2588 1594 2628 positor,

909 2636 1085 2680 conditor,
1098 2643 1137 2671 ut
1149 2637 1240 2672 Fast.
1254 2636 1308 2681 ΙΙ,
1324 2637 1367 2672 63
1377 2664 1387 2682 ,
1403 2639 1596 2681 templorum

904 2692 1090 2733 pos1'tor.—
1097 2691 1183 2730 Hic,
1202 2702 1311 2735 prope
1328 2690 1495 2725 Miletum
1506 2716 1516 2734 ‚
1538 2691 1599 2724 ubi

910 2743 1105 2778 Moeandros
1128 2741 1207 2788 (de
1234 2742 1333 2789 cujus
1354 2745 1602 2781 curvaminMus
