1820 3106
234 257 290 300 30
611 256 661 298 P.
699 254 933 300 OVIDII
968 253 1275 299 NASONIS

230 351 422 418 Impiger
442 349 660 416 Eurytion
677 387 688 408 ‚
715 361 759 397 et
782 367 913 397 cursu
934 349 1123 397 invictus
1145 349 1316 397 Echion
1330 387 1342 407 ‚

231 428 532 495 Naryciusque
553 425 710 484 Lelex,
734 427 1081 493 Panopeusque,
1107 426 1386 493 Hyleusque,
1411 427 1621 492 feroxque

233 506 483 571 HippaSUS‚
510 514 554 552 et
574 504 730 570 primis
754 504 992 552 etiamnum
1012 504 1176 551 Nestor
1197 503 1243 550 in
1267 503 1422 551 armis:

231 584 292 630 Et
315 601 425 648 quos
450 581 723 648 Hippocoon
746 581 940 647 antiquis
962 580 1083 629 misit
1105 580 1323 647 Amyclis;

230 658 564 725 Penelopesque
590 677 735 717 socer,
760 677 858 706 cum
880 657 1113 706 Parrhasio
1135 659 1322 714 Ancaeo;

1590 672 1654 708 315

233 741 586 807 Ampycidesque
608 760 738 803 sagax
754 778 765 797 ‚
790 752 832 788 et
853 740 996 788 adhuc
1019 759 1043 788 a
1067 739 1253 805 conjuge
1277 751 1400 788 tutus

233 822 466 879 OEclides;
491 822 772 888 nemorisque
796 821 928 869 decus
951 821 1130 884 Tegeaea
1151 821 1295 887 Lycei.

233 904 396 954 Rasilis
419 904 524 952 huic
549 922 762 952 summam
783 902 1013 951 mordebat
1034 901 1172 950 fibula
1193 914 1381 958 vestem;

277 1046 352 1080 312.
369 1046 507 1092 Naryx,
522 1044 605 1078 urbs
618 1044 812 1077 Locrorum
824 1069 833 1086 ‚
851 1043 911 1087 qui

233 1111 250 1130 a
261 1097 388 1141 Lelege
403 1096 545 1139 Leleges
556 1095 639 1128 olim
652 1094 822 1139 appellati.
840 1093 911 1128 Pli-

232 1149 308 1182 nius
322 1174 331 1190 ,
347 1147 414 1190 IV,
430 1148 710 1193 7.——Ett'e1mnum.
723 1144 844 1179 Codex
857 1145 888 1179 A
899 1170 908 1187 ,

229 1204 330 1234 etiam
347 1206 445 1238 tanc5
468 1197 588 1232 Codex
605 1198 633 1232 B
653 1224 661 1241 ,
688 1201 788 1231 etiam
811 1210 908 1231 nanc.

231 1253 394 1286 —Armis
407 1264 426 1285 e
441 1250 549 1285 MSS.
562 1249 832 1284 deditHeinsius
845 1261 909 1294 pro

230 1308 331 1339 annis
342 1302 451 1348 (quod
462 1302 592 1336 hahent
604 1302 714 1336 nostri
726 1300 854 1346 Regii).
867 1320 910 1327 —

230 1359 354 1391 Primis
367 1358 402 1388 in
418 1358 547 1395 armis,·
571 1352 650 1386 vide
664 1352 706 1386 ad
725 1353 814 1395 XII,
837 1354 907 1387 183.

230 1427 274 1434 —
299 1409 496 1451 Ilzppocoon
517 1405 659 1440 miserat
686 1404 773 1438 filios
803 1416 882 1438 suos
896 1431 905 1447 ‚

231 1461 454 1503 Eraesimum,
465 1458 636 1493 Alconem
648 1464 682 1491 et
696 1456 906 1502 Dexippum.

229 1531 272 1540 —-
282 1515 425 1548 Amt'cloe
435 1539 444 1553 ‚
460 1512 542 1545 urbs
559 1511 702 1555 antiqua
713 1510 884 1544 Laconiae.

272 1564 347 1598 315.
377 1565 558 1607 Penelopes
589 1574 686 1596 socer
696 1588 705 1604 ,
735 1561 877 1595 Laertes
895 1587 904 1604 ‚

229 1616 362 1662 Ulyssis
379 1622 487 1660 pater.
504 1633 548 1639 —
562 1614 709 1648 Ancaeus
722 1640 731 1654 ,
755 1612 906 1660 Lycurgi

228 1668 328 1702 lilius.
337 1687 381 1694 -—-
391 1669 608 1707 Parrhasius,
628 1666 746 1700 Arcas.
759 1684 802 1691 —-
814 1666 905 1699 Am—

222 1722 362 1767 pycides
378 1746 386 1760 ,
415 1719 562 1764 Mopsus
578 1745 588 1761 ,
617 1717 766 1764 Ampyci
786 1717 876 1751 filius
895 1743 903 1759 ,

228 1786 338 1818 augur
353 1779 387 1806 et
400 1778 504 1805 vates.
514 1771 585 1805 XII
599 1796 608 1813 ,
629 1771 702 1813 455.
714 1788 757 1794 -
766 1770 901 1813 Sagax,·

227 1825 349 1859 confer
361 1823 408 1866 V,
426 1822 698 1866 146.—-OEcl1‘des
710 1848 717 1861 ,
738 1821 905 1865 Amphia-

227 1890 306 1910 raus
325 1902 333 1919 ,
362 1874 476 1910 OEclei
500 1873 592 1908 filius
605 1900 614 1916 ‚
639 1872 849 1907 vaticinandi
869 1880 904 1906 et

224 1928 296 1972 ipse
326 1926 554 1972 peritissimus
567 1952 576 1968 ,
603 1937 710 1969 quem
737 1924 906 1970 Eriphyla

225 1991 311 2012 uxor
322 1976 475 2023 prodidit
487 1976 656 2019 Adrasto,
672 1975 802 2010 bellum
813 1975 904 2009 The-

225 2030 322 2064 banis
338 2028 505 2063 moventi.
525 2028 688 2074 Hyginus
700 2053 709 2070 ,
729 2028 796 2061 sab.
821 2027 901 2068 128;

225 2083 346 2117 confer
363 2080 570 2126 Euripidem
582 2107 590 2119 ‚
609 2079 734 2114 Phoen.
754 2082 813 2124 ¹75
829 2091 902 2123 sqq.

268 2135 345 2180 317.
365 2136 498 2177 Tegea,
512 2132 640 2178 oppido
653 2130 823 2174 Arcadiae,
843 2133 905 2164 Te-

222 2201 313 2232 geaea
340 2186 450 2228 dicta,
475 2184 536 2219 sed
556 2185 645 2218 infra
661 2210 671 2227 ,
688 2196 791 2217 versu
814 2183 878 2226 425
890 2209 900 2226 ‚

226 2242 420 2275 Nonacrina
430 2265 438 2278 ,
455 2245 492 2272 et
506 2237 652 2272 Heroid.
665 2237 731 2279 IV,
742 2250 785 2284 99
797 2262 806 2278 ‚
823 2237 901 2270 Moe-

224 2293 328 2326 nulia.
342 2289 410 2324 Hic
422 2289 576 2335 intellige
588 2289 767 2323 Atalanta.
782 2287 806 2321 J
809 2300 901 2320 uve-

225 2356 286 2378 nes
300 2369 309 2386 ‚
327 2355 373 2376 ne
389 2341 528 2375 nudum
553 2340 742 2374 nominum
766 2339 901 2373 catalo—

225 2407 307 2440 gum
323 2400 515 2439 apponeret
527 2418 537 2436 ,
557 2392 692 2427 notavit
709 2391 851 2437 quidem
865 2397 901 2425 et

224 2448 313 2491 ipsos
322 2473 330 2488 ,
342 2446 402 2480 sed
415 2445 578 2480 breviter.
591 2444 793 2478 Atalantam
805 2456 899 2486 vero,

223 2505 263 2531 ut
277 2497 432 2531 nobilem
444 2497 481 2530 in
494 2496 624 2543 mythis
634 2522 643 2540 ,
661 2502 696 2529 et
711 2495 879 2529 seminam
889 2522 898 2538 ‚

223 2557 260 2584 et
282 2548 419 2582 felicem
444 2549 556 2592 jactu,
577 2555 613 2582 et
635 2548 743 2593 spolia
765 2547 900 2593 depor—

225 2608 359 2635 tantem
376 2600 503 2633 merito
520 2601 689 2644 copiosius
711 2599 900 2644 descripsit.

225 2654 321 2687 Duas
338 2660 455 2686 autem
469 2653 572 2696 hujus
584 2654 738 2687 nominis
752 2653 900 2698 virgines

225 2705 411 2750 antiquitas
420 2705 540 2739 habuit
550 2731 559 2747 ‚
575 2706 779 2740 Arcadicam
791 2706 880 2741 hanc
889 2733 898 2749 ,

225 2757 417 2793 Boeoticam
434 2757 576 2790 alteram
589 2783 598 2800 ‚
616 2769 692 2800 quae
716 2758 787 2791 scre
806 2770 899 2791 con-

976 1041 1176 1076 funduntur
1196 1055 1214 1076 a
1237 1041 1463 1087 scriptoribus
1480 1042 1630 1087 antiquis
1643 1068 1654 1086 ‚

976 1101 1015 1128 ut
1040 1095 1112 1139 iam
1129 1094 1270 1128 monuit
1293 1093 1547 1139 Apollodorus,
1572 1095 1652 1137 III,

976 1158 1014 1181 lx
1028 1173 1037 1191 ‚
1057 1161 1086 1181 2.
1117 1146 1284 1181 Arcadica
1299 1147 1364 1181 suit
1383 1147 1455 1181 Jasi
1471 1173 1480 1190 ,
1500 1147 1653 1182 Jasionis

975 1206 1033 1234 aut
1047 1199 1071 1233 J
1074 1199 1185 1233 asonis
1203 1197 1271 1232 filia
1290 1211 1300 1232 .’
1313 1198 1466 1233 B'oeotica
1478 1197 1652 1233 Schoenei.

975 1251 1061 1285 Fata
1088 1250 1193 1294 hujus
1220 1249 1394 1284 Atalantae
1410 1276 1419 1292 ,
1447 1249 1521 1284 Jasi
1545 1249 1623 1284 filiae
1642 1277 1651 1293 ,

973 1305 1123 1339 sormam
1135 1331 1144 1347 ‚
1163 1311 1305 1338 antrum
1320 1329 1329 1347 ,
1346 1303 1502 1338 studium
1518 1316 1654 1338 venan—

974 1355 1029 1399 di,
1054 1363 1116 1390 etc.
1134 1355 1270 1400 copiose
1288 1354 1450 1390 describit
1467 1354 1627 1390 AElianus
1640 1380 1650 1398 ,

974 1406 1058 1439 Var.
1080 1406 1170 1439 Hist.
1197 1406 1290 1440 XIII
1308 1432 1317 1449 ‚
1353 1420 1380 1441 1.
1409 1407 1451 1441 In
1469 1404 1651 1440 Marmore

972 1456 1125 1502 quodam
1143 1456 1234 1501 apud
1251 1457 1442 1502 Sponium,
1462 1457 1499 1491 in
1517 1457 1651 1491 Miscel-

973 1522 1005 1552 p.
1017 1508 1080 1542 312
1095 1535 1104 1551 ,
1124 1514 1303 1553 comparet
1318 1508 1410 1541 inter
1422 1508 1575 1552 reliquos
1588 1507 1650 1541 hu-

971 1560 1026 1604 jus
1056 1560 1129 1604 apri
1153 1566 1337 1594 venatores
1352 1585 1361 1603 ,
1387 1566 1424 1594 et
1447 1559 1590 1604 quidem
1609 1571 1652 1593 eo

972 1612 1092 1646 habitu
1111 1639 1120 1656 ,
1154 1625 1224 1657 quo
1248 1623 1326 1646 eam
1350 1611 1511 1647 describit
1529 1625 1651 1657 aprum

971 1679 1053 1700 cum
1064 1666 1245 1711 Meleagro
1255 1673 1443 1700 venantem
1453 1664 1651 1700 Philostrat.

973 1718 1068 1752 Icon.
1084 1730 1116 1762 p.
1133 1718 1197 1751 868
1211 1731 1220 1759 ;
1237 1717 1332 1751 unde
1351 1729 1430 1751 eam
1447 1716 1652 1761 exprimen-

971 1771 1052 1805 dam
1067 1771 1200 1805 curavit
1216 1769 1408 1815 Spanhem.
1424 1769 1467 1804 ad
1483 1768 1652 1804 Callima-

971 1825 1078 1859 chum
1095 1852 1104 1868 ,
1133 1825 1257 1872 hymn.
1274 1825 1379 1860 Dian.
1402 1838 1490 1859 vers.
1512 1825 1589 1859 216.
1607 1843 1652 1850 -—

972 1879 1122 1912 Nemoris
1145 1880 1246 1911 decus
1258 1905 1267 1919 ‚
1294 1877 1374 1922 quia
1392 1884 1426 1911 et
1443 1878 1557 1911 forma
1577 1884 1653 1912 erat

970 1928 1126 1973 insignis,
1138 1936 1173 1963 et
1185 1929 1343 1963 venatrix
1357 1927 1649 1973 praestantissima.

1014 1981 1089 2014 318.
1118 1981 1258 2014 Basilia
1282 1993 1389 2025 opera
1404 2005 1414 2022 ,
1435 1991 1512 2024 quae
1534 1979 1571 2012 in
1589 1978 1647 2012 la-.

968 2033 1081 2066 minas
1098 2032 1237 2066 diducta
1256 2038 1292 2066 et
1309 2032 1453 2077 levigata
1479 2037 1561 2065 sunt
1575 2056 1584 2073 ,
1610 2029 1647 2064 id

968 2085 1062 2130 quod
1087 2084 1258 2118 faciebant
1282 2096 1433 2123 rasores,
1454 2082 1497 2117 de
1522 2083 1648 2128 quibus

967 2135 1035 2169 vid.
1047 2135 1246 2177 Salmasius,
1260 2134 1409 2169 Exercit.
1425 2134 1516 2169 Plin.
1527 2148 1560 2180 p.
1573 2134 1645 2179 736.

966 2186 1192 2226 —Sammam‚·
1203 2186 1371 2229 Urbinas,
1381 2185 1644 2230 Neapolitanus,

965 2237 1138 2273 secundus
1153 2237 1354 2281 Mediceus,
1366 2241 1511 2281 primam
1522 2265 1530 2279 ‚
1550 2237 1644 2282 quod

967 2289 1136 2323 arrideret
1153 2289 1301 2324 Heinsio
1313 2289 1378 2323 nisi
1398 2289 1622 2334 praa-cessisset
1633 2314 1643 2331 ,

965 2342 1124 2375 vers.313
1134 2367 1143 2384 ‚
1153 2345 1282 2385 primis.
1294 2341 1365 2376 Sed
1376 2341 1448 2376 haec
1457 2339 1644 2385 respuendi

965 2393 1153 2427 lectionem
1170 2406 1270 2428 causa
1285 2393 1381 2427 nulla
1396 2399 1457 2426 est.
1467 2410 1510 2419 ·-
1525 2393 1643 2426 Nostri

966 2446 1088 2491 Regii,
1105 2459 1331 2480 summam.—
1341 2446 1506 2479 Summam
1522 2452 1642 2479 vestem

966 2498 1114 2532 Lenzius
1133 2498 1294 2543 intelligit
1317 2497 1417 2531 altius
1429 2523 1439 2540 ,
1458 2508 1557 2531 more
1574 2510 1643 2531 ve—

964 2551 1127 2585 nantium
1143 2577 1151 2593 ,
1170 2551 1380 2585 subtractam
1396 2575 1405 2592 ‚
1426 2561 1532 2594 quam
1548 2549 1642 2583 fibu-

965 2602 995 2636 la
1015 2602 1358 2636 tenuerit—Fibula
1375 2603 1546 2635 mordebat
1564 2615 1643 2636 ves-

966 2663 1038 2689 tem
1051 2682 1060 2699 ,
1088 2655 1265 2700 eleganter
1278 2680 1288 2697 ‚
1316 2653 1494 2688 collectam
1521 2654 1641 2688 conti-

963 2706 1079 2740 nebat.
1090 2706 1242 2740 Aculeus
1254 2705 1352 2739 enim
1361 2704 1475 2739 fibulae
1485 2712 1535 2740 est
1546 2706 1642 2750 quasi

965 2757 1061 2793 dens.
1082 2757 1210 2791 Fibulis
1228 2757 1329 2791 vestis
1346 2757 1398 2791 vel
1411 2757 1448 2791 in
1463 2757 1616 2794 humeris
1629 2784 1639 2801 ,
