1820 3106
301 220 1020 268 METAMORPHOSEON
1060 222 1190 266 LIB.
1231 223 1292 267 X.

1426 240 1507 267 221

95 337 120 359 »
145 316 307 365 Annua
327 313 557 382 plangoris
579 324 761 380 peraget
780 313 1057 363 simulamina
1080 315 1237 363 nostri.

95 416 124 437 »
147 393 211 443 At
233 411 366 443 cruor
386 392 434 440 in
456 390 610 443 florem
633 391 880 440 mutabitur
905 412 915 439 :
940 410 997 440 an
1018 391 1103 440 tibi
1126 391 1353 459 quondam

98 492 124 514 »
146 469 376 520 Femineos
397 481 519 518 artus
538 469 587 517 in
613 468 781 518 olentes
804 480 971 518 vertere
993 469 1197 518 menthas
1210 507 1222 530 ‚

99 571 124 593 »ι
151 547 453 615 Persephone,
475 545 634 596 licuit?
657 546 789 595 nobis
813 546 1045 613 Cinyreius
1069 546 1202 596 heros

52 638 55 649 ·
98 648 124 671 x·
147 624 326 675 invidiae
345 618 542 675 mutatus
566 625 681 674 erit?
707 647 728 668 n
755 624 829 674 Sic
846 615 962 682 fata,
986 644 1186 674 cruorem

95 708 280 758 Nectare
301 707 487 757 odorato
511 707 674 775 sparsit
694 726 704 755 :
730 707 808 774 qui
834 718 976 755 tactus
998 706 1055 754 ab
1079 705 1159 756 illo

95 790 340 850 Intumuit,
364 790 455 849 sic,
474 789 701 857 utpluvio
723 788 949 856 perlucida
971 787 1078 838 caelo

39 877 58 895 ”
93 872 283 936 Surgere
304 871 430 922 bulla
453 872 568 922 solet
588 892 598 921 :
622 891 704 921 nec
724 871 858 939 plena
880 870 1061 934 longior
1079 870 1190 920 hora

95 954 229 1004 Facta
244 973 371 1005 mora
384 968 474 1014 est,
501 974 637 1022 quum
657 954 740 1004 flos
758 954 812 1003 de
830 954 1043 1017 sanguine
1061 952 1269 1002 concolor
1289 966 1413 1004 ortus
1429 974 1439 1015 ;
1461 969 1526 1016 735

99 1036 316 1102 Qualem,
341 1056 438 1105 quae
459 1036 584 1087 lento
608 1036 754 1086 celant
775 1036 859 1086 sub
883 1037 1044 1086 cortice
1069 1055 1253 1100 granum
1269 1074 1282 1094 ,

97 1172 416 1217 &naga—Peraea.
425 1172 575 1219 Argent.
593 1172 607 1217 (
618 1179 653 1208 et
662 1179 784 1208 noster

101 1223 234 1271 Regius
247 1224 306 1268 A)
327 1224 455 1269 reseret.
473 1227 619 1271 Perage!
634 1228 784 1261 simula—

101 1279 195 1312 mina
210 1289 310 1312 mera
325 1277 472 1323 phrasis,
490 1277 686 1322 simulabit,
702 1277 785 1312 imi-

102 1329 254 1365 tabitur:
268 1332 466 1365 stimulamen
478 1329 654 1366 ovidiana
668 1342 734 1364 vox
745 1337 784 1365 ut

94 1382 272 1426 fimana
287 1388 324 1416 et
337 1380 404 1417 alia
417 1381 455 1416 in
467 1394 567 1420 ‚amen
579 1380 785 1416 desinentia.

105 1429 356 1480 Intelligunturt
383 1434 524 1469 Adonia
542 1461 552 1478 ,
585 1447 663 1480 quae
691 1434 786 1468 inter

104 1485 290 1522 Phoenices
307 1493 385 1522 orta
404 1499 487 1521 mox
508 1493 646 1532 accepta
663 1493 745 1522 sunt
765 1499 785 1520 a

102 1539 260 1586 pluribus
273 1538 444 1586 gentibus.
461 1539 583 1574 Primo
598 1539 654 1574 die
669 1551 787 1575 sacro-

103 1604 187 1627 rum
209 1591 350 1627 illorum
374 1592 525 1628 Veneris
550 1599 586 1628 et
612 1592 786 1628 Adonidis

103 1642 288 1679 simulacra
298 1643 639 1679 circumferebantur
652 1643 722 1678 ritu
731 1644 787 1678 su—

103 1697 226 1740 nebri;
243 1697 409 1734 mulieres
431 1698 608 1733 laniabant
625 1697 763 1743 capillos
774 1723 784 1741 ,

105 1751 347 1797 percutiebant
362 1758 502 1797 pectora
519 1751 641 1797 palmis
653 1776 663 1794 ,
678 1749 788 1785 adde-

105 1800 260 1848 bantque
275 1809 312 1838 et
327 1803 461 1848 reliqua
474 1802 587 1837 luctus
601 1802 709 1848 signa.

151 1868 226 1903 729.
235 1857 406 1891 Femineos
416 1864 511 1890 artus
520 1862 584 1890 etc.
595 1854 719 1889 Solent
727 1853 789 1888 Dii

107 1920 170 1942 sua
185 1908 329 1944 consilia
352 1915 388 1943 et
408 1907 498 1943 facta
516 1907 664 1942 aliorum
682 1905 788 1941 Deo—

109 1972 191 1995 rum
215 1960 476 1996 auctoritatibus
495 1985 505 2003 ,
536 1972 635 1994 more
666 1960 790 1994 homi-

110 2023 200 2046 num
211 2038 221 2056 ,
241 2012 344 2047 tueri.
357 2012 400 2047 In
410 2011 574 2055 femineos
584 2018 677 2046 anus
692 2018 727 2046 et
737 2014 789 2046 he·

110 2077 166 2099 ros
182 2065 294 2111 gravis
308 2065 489 2112 oppositio.
504 2083 548 2091 —
565 2066 707 2099 Mentha
731 2071 791 2099 aut

111 2120 242 2153 mintha
248 2117 370 2162 herba,
378 2118 414 2153 in
425 2131 531 2164 quam
543 2117 791 2166 Minthanym-

112 2170 202 2215 pha,
221 2169 372 2205 Pollucis
393 2170 523 2216 pellex,
539 2177 672 2205 mutata
692 2178 789 2213 erat;

107 2222 315 2258 Lactantius
324 2249 333 2267 ‚
346 2222 493 2267 Argum.
503 2221 687 2268 Oppianus
696 2249 705 2266 ,
721 2223 792 2257 Ha-

111 2274 209 2310 lieut.
226 2275 283 2310 111
297 2301 306 2319 ,
329 2275 408 2314 113,
427 2278 582 2311 κωκύτιῶκ
595 2278 712 2323 νύμφην
728 2288 793 2309 vo-

113 2335 167 2364 cat
180 2355 190 2372 ‚
218 2329 299 2374 quia
329 2327 456 2375 Cocyti
489 2327 567 2361 filia.
590 2345 635 2353 —-
660 2329 793 2362 Olenlcs

111 2389 258 2428 propter
277 2393 419 2417 suavem
441 2380 599 2415 odorem.
630 2379 763 2415 Plinius
782 2407 791 2424 ,

114 2435 207 2470 XIX
221 2460 232 2478 ,
252 2435 272 2469 8
287 2447 296 2469 ι
313 2449 330 2464 «
345 2434 480 2469 Mentae
497 2446 629 2468 nomen
647 2433 794 2469 suavitas

112 2501 132 2518 »
149 2486 268 2521 odoris
275 2486 365 2533 apud
375 2485 516 2522 Graecos
527 2486 676 2521 mutavit
684 2499 794 2531 quum

115 2553 133 2572 υ
151 2539 280 2584 alioqui
303 2538 438 2574 mintha
464 2546 649 2574 vocaretur
665 2566 673 2582 ‚
698 2538 794 2573 unde

114 2603 134 2620 n
153 2590 272 2625 Nostri
284 2602 415 2625 nomen
428 2589 702 2624 declinaverunt.
710 2588 796 2624 Gra-

117 2655 135 2672 τι
153 2648 190 2676 to
205 2647 324 2676 menta
342 2654 479 2677 mensas
494 2641 603 2676 odore
626 2641 796 2684 percurrit

118 2707 137 2724 ι»
154 2693 192 2728 in
208 2693 344 2728 rusticis
360 2693 514 2739 dapibus.
529 2708 545 2722 υ
560 2693 654 2727 Hinc
665 2692 797 2728 Graecis

119 2746 225 2782 etiam
251 2749 400 2790 ᾗδύσσμσς
421 2745 522 2782 dicta.
540 2745 698 2782 Dioscor.
719 2745 792 2789 111,

849 1173 889 1216 41
907 1184 915 1206 ἓ
930 1164 1092 1217 limae-,1223
1105 1197 1115 1214 ,
1140 1175 1168 1207 οἱ
1186 1174 1218 1206 δὲ
1234 1175 1362 1216 μίνθην,
1380 1173 1528 1222 γνώριμον

851 1224 998 1261 βατάνιον.
1023 1222 1117 1258 Vide
1149 1222 1459 1266 Hemsterhusium
1485 1224 1528 1259 ad

850 1274 1029 1321 Aristoph.
1047 1275 1139 1310 Plut.
1154 1287 1229 1321 pag.
1248 1277 1472 1322 97.—-Nobis
1482 1279 1530 1311 ia-

850 1330 947 1364 vidiae
957 1333 1037 1370 en't,
1058 1328 1159 1363 nobis
1172 1328 1341 1363 invidiam
1351 1354 1360 1372 ,
1377 1330 1531 1364 convicia

847 1381 1055 1416 conciliabit.

896 1432 967 1478 733.
991 1435 1120 1469 Pluuio.
1137 1432 1244 1468 Multi
1248 1433 1415 1478 sulva—
1430 1434 1531 1480 Regii

848 1484 959 1520 nostri
966 1485 1068 1530 fulvo
1081 1497 1094 1528 ,·
1118 1485 1178 1520 sed
1196 1484 1319 1520 Codex
1335 1485 1369 1520 A
1386 1486 1423 1520 in
1436 1499 1529 1521 mar—

849 1537 929 1583 gine
945 1536 1051 1572 habet
1059 1540 1230 1582 plum'o.—
1242 1538 1322 1572 Hoc
1337 1538 1441 1584 paulo
1459 1539 1535 1574 bre·

850 1589 924 1624 vius
947 1597 982 1624 et
1009 1590 1188 1625 obscurius
1207 1589 1352 1625 dictum.
1381 1590 1536 1626 Sensum

850 1649 971 1677 tamen
997 1650 1172 1678 assecutus
1203 1650 1256 1678 est
1278 1643 1508 1679 Burmannus
1523 1670 1532 1686 ‚

851 1709 870 1726 ι(
891 1709 1002 1741 quum
1018 1696 1134 1741 pluvia
1145 1695 1237 1730 cadit
1248 1696 1284 1730 in
1296 1708 1422 1741 aquam
1433 1722 1443 1739 ,
1458 1709 1537 1731 sur-

854 1747 903 1794 git
912 1748 1006 1783 bulla
1016 1761 1058 1782 ex
1072 1755 1179 1794 gutta.
1195 1749 1378 1788 »—-Plena‚
1388 1748 1534 1795 integra.

851 1819 895 1826 —
905 1803 1070 1836 Concolor
1082 1810 1183 1836 ortus.
1203 1801 1340 1835 Heinsii
1358 1814 1449 1836 unus
1461 1814 1536 1836 con-

852 1854 945 1886 color
957 1856 1040 1887 exit.
1050 1870 1094 1877 —
1104 1851 1207 1898 Regii
1224 1851 1337 1887 nostri
1350 1859 1452 1887 ortus.

900 1904 973 1951 736.
993 1906 1059 1939 Sub
1076 1908 1209 1939 cortice.
1233 1904 1374 1939 Primus
1391 1904 1536 1939 Grono-

854 1956 977 1991 vianus
991 1960 1026 1990 in
1044 1960 1187 1997 corltte3
1211 1956 1366 2001 quinque
1382 1959 1445 1991 sub
1461 1971 1536 1992 ver-

853 2012 928 2044 tice.
950 2027 996 2034 —-
1018 2008 1119 2054 Regii
1136 2008 1245 2043 nostri
1260 2011 1323 2045 sub
1339 2012 1470 2045 cortice.
1494 2028 1537 2035 -—

856 2060 973 2095 Malus
982 2060 1121 2106 punica,
1133 2060 1203 2095 sive
1216 2067 1359 2106 granata
1374 2061 1537 2096 rubicun-

856 2112 900 2147 da
914 2113 1018 2147 habet
1030 2120 1066 2147 et
1081 2126 1184 2158 poma
1201 2119 1236 2148 et
1251 2125 1360 2159 grana
1375 2107 1537 2149 etflores.

857 2166 974 2201 Schol.
1002 2166 1148 2202 Nicand.
1166 2166 1210 2202 ad
1229 2166 1390 2201 Theriac.
1415 2180 1448 2212 p.
1470 2167 1513 2202 63
1530 2183 1538 2208 .·,

857 2219 1029 2254 Martialis
1044 2245 1053 2263 ,
1079 2220 1112 2261 l,
1137 2219 1201 2264 Ep.
1225 2220 1287 2263 44;
1318 2217 1539 2262 Columella,

858 2273 902 2307 X.
920 2291 964 2298 --
979 2275 1111 2307 Punica
1123 2301 1131 2314 ,
1151 2273 1222 2308 scil.
1240 2273 1330 2318 mala
1345 2286 1353 2315 ;
1372 2273 1427 2308 IV
1447 2273 1539 2308 Fast-

857 2326 921 2371 607
937 2352 946 2369 ,
973 2328 1074 2361 solvit
1084 2326 1223 2370 jejunia
1243 2329 1359 2370 granis
1370 2353 1379 2366 ,
1409 2327 1541 2360 Punica

857 2391 933 2423 quoe
948 2380 1037 2413 lento
1054 2382 1176 2412 cortice
1187 2391 1290 2422 poma
1307 2385 1445 2422 tegunt,
1471 2378 1539 2422 IV,

859 2431 964 2465 Pont.
977 2442 1036 2474 xv,
1049 2433 1069 2466 8
1084 2458 1093 2474 ,
1110 2435 1145 2464 l'n
1155 2433 1250 2465 borlo
1252 2431 1385 2474 fi‘rlilalr
1395 2431 1543 2465 aroe'Pu-

859 2487 938 2518 nica
962 2487 1024 2518 sub
1041 2487 1128 2518 lento
1145 2488 1268 2519 corsica·
1291 2497 1401 2528 grana
1415 2486 1542 2519 rubent.

860 2536 933 2572 Sed
949 2537 1100 2571 Heinsio
1123 2536 1245 2570 durior
1267 2537 1379 2581 juste,
1404 2544 1444 2572 ut
1466 2543 1542 2580 est,

859 2590 930 2623 visa
949 2588 1074 2634 ellipsis
1093 2597 1142 2623 τοὺ
1159 2591 1259 2622 mala.
1291 2588 1416 2633 Quum
1437 2589 1544 2634 igitur

861 2653 991 2675 novem
1004 2640 1100 2674 MSS
1114 2640 1263 2676 habeant
1272 2654 1391 2686 grana,
1404 2642 1541 2686 suadet,

861 2706 932 2738 quoe
957 2695 1047 2727 lenlo
1067 2695 1220 2727 celantur
1239 2692 1325 2739 (aut
1346 2697 1459 2730 celant
1476 2708 1512 2729 se
1527 2694 1543 2740 )

864 2750 989 2782 cortice
1000 2773 1009 2791 ,
1027 2760 1140 2793 ‘rana
1150 2749 1282 2783 Punica
1293 2754 1357 2784 etc.
1370 2755 1429 2784 aut
1441 2748 1547 2784 etiam
