1820 3106
232 289 322 346 204

596 293 648 337 P.
693 294 940 339 OVIDII
976 294 1298 342 NASONIS

231 383 410 433 Vulnus
434 397 528 434 erat
549 388 717 454 specie,
740 389 972 456 primoque
994 389 1206 439 fefellerat
1229 391 1384 458 ipsam.

233 463 373 528 Capta
400 463 481 511 viri
504 464 645 514 forma
667 485 759 513 non
780 467 865 531 jam
891 467 1123 533 Cythereia
1148 481 1272 518 curat

230 539 411 598 Litora;
435 561 526 590 non
551 542 642 591 alto
667 545 829 611 repetit
853 545 1040 611 Paphon
1066 565 1241 612 aequore
1266 547 1454 594 cinctam
1469 582 1482 604 ,
1505 532 1508 535 ‚

1594 559 1661 594 530

231 616 543 685 Piscosamque
570 620 752 669 Gnidon
767 659 779 679 ‚
805 622 1077 685 gravidamve
1102 623 1377 671 Amathunta
1398 621 1577 672 metalli.

231 695 442 744 Abstinet
467 709 510 745 et
530 698 635 747 eaelo
657 721 667 747 z
689 699 794 749 caelo
817 700 1051 766 praefertur
1074 700 1247 748 Adonis
1272 720 1281 748 :

233 772 367 820 Hune
387 785 530 833 tenet;
557 776 660 824 huic
679 796 824 825 comes
839 790 932 835 est3
958 778 1225 844 adsuetaque
1245 796 1418 845 semper
1440 778 1489 826 in
1504 776 1662 826 umbra

231 849 469 913 Indulgere
491 851 578 900 sibi
595 891 607 910 ‚
631 853 906 920 formamque
932 874 1091 918 augere
1114 854 1324 914 colendo,

233 926 320 974 Per
336 929 466 992 juga,
492 949 573 996 per
594 931 747 989 silvas,
779 932 1050 998 dumosaque
1074 952 1177 981 saxa
1196 944 1380 996 vagatur

1534 978 1536 980 .
1593 944 1662 984 535

231 1004 362 1052 Nuda
385 1025 501 1068 genu
517 1045 528 1065 ‚
558 1019 722 1056 vestem
745 1008 835 1056 ritu
856 1010 1077 1057 succincta
1099 1010 1281 1068 Dianae;

233 1082 538 1150 Hortaturque
563 1094 720 1143 eanes;
745 1097 938 1153 tutaeque
963 1086 1167 1136 animalia
1187 1087 1343 1154 praedae
1358 1124 1371 1145 ,

273 1193 349 1240 529.
366 1194 443 1228 Non
453 1194 531 1240 jam
549 1197 726 1242 Cythereia
741 1203 841 1231 curat
850 1199 914 1231 Li-

229 1250 314 1277 tora.
333 1245 391 1279 Dii
402 1272 411 1288 ,
427 1246 484 1280 ubi
503 1248 722 1292 potissimum
735 1249 914 1293 coluntur,

230 1297 387 1334 habitare
400 1299 567 1335 dicuntur
579 1308 614 1336 et
626 1315 737 1346 quum
750 1302 915 1336 aliorsum

230 1363 266 1384 se
282 1352 497 1386 transferunt
508 1379 517 1396 ,
535 1366 687 1397 spernere
706 1354 857 1397 (Horat.
875 1355 912 1398 I,

231 1401 301 1437 Od.
319 1414 391 1437 xxx
401 1429 410 1446 ‚
429 1406 469 1448 2)
482 1430 491 1447 ,
507 1418 575 1439 non
585 1419 702 1440 curare
712 1433 720 1446 ‚
734 1409 917 1450 relinquere

229 1455 285 1488 illa
301 1455 386 1490 loca.
403 1456 536 1491 Veneri
550 1471 645 1492 sacra
663 1460 806 1505 Cythera
817 1486 824 1499 ,
846 1472 917 1493 una

230 1518 272 1539 ex
282 1504 310 1540 C
314 1506 686 1553 ycladibus.—Papbos
698 1513 918 1554 oequorecinc-

231 1563 286 1598 ta,
312 1572 418 1604 quam
434 1562 535 1605 Πάφον
551 1564 722 1612 τεμῤῥύταν
738 1562 822 1596 dixit
840 1562 917 1596 Alc-

231 1622 314 1645 man
330 1611 367 1645 in
386 1613 433 1646 H.
449 1612 645 1658 Sthephani
662 1614 774 1660 Lyric.
793 1627 824 1659 p.
840 1614 917 1648 628.

232 1665 414 1698 -Gm'dus
421 1665 503 1700 urbs
513 1666 658 1701 Doridis
667 1692 676 1710 ,
688 1673 724 1700 et
734 1666 914 1707 Amathus,

232 1713 276 1748 de
293 1715 391 1759 cujus
406 1716 668 1752 metallisodinis
679 1717 757 1752 vide
774 1717 816 1752 ad
830 1731 916 1752 vers.

233 1779 307 1800 220.
321 1786 365 1792 —
381 1769 566 1802 Gravidam
583 1771 717 1802 metalli
727 1781 792 1814 pro
804 1772 919 1813 graus·-

232 1821 311 1852 dam
335 1822 483 1853 metallis
503 1833 544 1854 ex
567 1819 769 1855 Genevensi
787 1821 920 1866 recepit

234 1872 422 1916 Heinsius,
449 1873 528 1918 quia
547 1873 640 1919 apud
656 1874 783 1908 Silium
795 1900 804 1918 ‚
830 1874 919 1908 libro

233 1926 290 1969 II,
316 1928 434 1961 Mellis
456 1941 537 1972 apes
557 1930 715 1972 gravidae.
732 1947 777 1954 -
797 1927 920 1962 Codex

235 1979 366 2024 Regius
380 1980 412 2014 A
427 2007 436 2023 ,
456 1984 622 2024 metalliq
643 1980 766 2016 Codex
782 1982 812 2016 Β
825 2008 834 2025 ,
850 1994 921 2015 me·-

233 2033 454 2066 talli.--Mox
469 2033 623 2067 suaviter
639 2033 817 2077 additum,
835 2035 918 2068 coelo

227 2085 406 2129 proeserlur
418 2087 571 2128 Adoni-n·
591 2086 740 2121 Heroid.
757 2087 810 2121 IV
826 2113 834 2130 ,
852 2086 895 2121 36
907 2112 916 2129 ,

232 2139 451 2184 Hippolytum
469 2142 588 2173 videar
595 2142 816 2183 prepositura
829 2142 918 2173 Jooi.

239 2191 359 2231 Tenet,
379 2203 453 2225 non
471 2190 615 2226 dimittit
628 2204 646 2225 a
658 2205 705 2226 se.

278 2243 352 2277 533.
370 2244 587 2289 Adi-ueloque
601 2257 731 2289 semper
743 2248 778 2279 in
793 2247 919 2279 umbra.

235 2295 324 2329 Tres
338 2298 374 2329 ire
388 2297 510 2338 herba‚·
530 2303 563 2330 et
579 2308 642 2342 pro
651 2299 823 2341 indulgere
833 2300 918 2337 sibi,

235 2347 408 2382 Thuanus
422 2349 593 2392 indulgere
603 2361 682 2383 rasa
697 2361 761 2393 pro
775 2361 867 2382 rosoe.
878 2368 921 2374 —

236 2400 338 2446 Regii
355 2400 465 2435 nostri
481 2404 517 2435 in
532 2404 649 2435 umbra
665 2404 835 2446 indulgere
844 2405 921 2436 sibi.

235 2454 361 2488 —Alio
372 2453 478 2488 etiam
491 2453 606 2488 studio
620 2454 779 2488 trahitur.
793 2454 847 2488 De
862 2455 921 2489 tali

237 2506 407 2550 obsequio
436 2505 514 2539 vide
541 2506 583 2540 ad
607 2519 694 2540 vers.
722 2519 778 2550 ¹7¹
795 2520 803 2547 ;
832 2505 919 2540 adde

237 2557 387 2591 Heroid.
405 2558 470 2600 IV,
485 2558 525 2603 37
539 2571 601 2602 sqq
615 2573 622 2597 ;
638 2558 819 2592 Tibullum
830 2584 839 2601 ,
853 2557 919 2601 IV,

237 2610 269 2644 3.
297 2610 395 2644 Olim
422 2610 519 2644 molli
549 2611 626 2645 vitae
654 2613 805 2645 adsueta*
823 2617 896 2645 erat
910 2637 920 2654 ,

223 2668 335 2697 ‘nunc
358 2663 488 2697 durum
509 2670 677 2698 venatum
700 2671 802 2698 amat.
819 2664 922 2698 Mol-

235 2715 324 2749 lium
342 2714 529 2749 hominum
548 2723 599 2750 est
617 2742 626 2759 ,
651 2719 821 2760 indulgere
834 2717 919 2754 sibi,

237 2767 382 2813 obsequi
409 2768 588 2813 cupiditati
607 2781 677 2803 suae
699 2794 708 2812 ,
737 2775 922 2812 totumque

234 2834 307 2856 esse
336 2821 373 2856 in
405 2820 500 2856 cultu
534 2821 699 2867 corporis.
727 2820 923 2865 Quomodo

981 1197 1105 1233 Venus
1116 1197 1266 1232 colendo
1279 1199 1431 1232 sormam
1442 1204 1577 1244 augeat,
1589 1210 1663 1232 sua-

979 1250 1070 1284 viter
1083 1250 1186 1285 docet
1204 1248 1439 1293 Claudianus,
1458 1250 1566 1295 Nupt.
1583 1250 1662 1284 Ho-

979 1316 1057 1338 nor.
1081 1316 1125 1351 99
1147 1316 1220 1349 sqq.
1236 1322 1280 1330 —·
1298 1305 1430 1345 Colere,
1453 1316 1579 1338 ornare
1593 1329 1603 1346 ‚
1622 1309 1663 1337 ut

980 1354 1058 1389 Art.
1078 1355 1194 1391 Amat.
1213 1355 1291 1398 ΙΙΙ,
1313 1356 1398 1399 225,
1426 1357 1505 1389 dum
1524 1357 1664 1396 coleris‚·

985 1407 1131 1442 Curtius
1144 1408 1257 1451 VIII,
1274 1418 1312 1441 lx
1324 1433 1334 1450 ,
1351 1421 1388 1442 21
1405 1434 1414 1451 ,
1429 1410 1573 1442 lacertos
1583 1418 1666 1441 auro

980 1460 1292 1504 colunt.—Augere‚
1303 1458 1585 1505 conspiciendam
1595 1471 1666 1493 ma-

982 1511 1032 1556 gis
1043 1537 1051 1553 ‚
1065 1511 1302 1556 pulchriorem
1315 1510 1464 1546 reddere
1473 1537 1483 1554 ,
1493 1517 1531 1546 ut
1543 1511 1559 1545 Ι
1569 1536 1579 1555 ‚
1590 1511 1665 1545 530.

1026 1565 1101 1598 535.
1113 1566 1267 1598 Dumosa
1280 1577 1380 1598 saxa.
1391 1564 1481 1599 Tres
1492 1590 1501 1607 ,
1519 1566 1666 1599 clivosa-

980 1627 1044 1659 que
1062 1627 1152 1649 saxa
1167 1626 1181 1657 ,-
1208 1628 1299 1649 unus
1314 1618 1504 1660 clt'rosaque
1517 1628 1605 1649 rura.
1619 1633 1663 1640 —

982 1666 1086 1712 Regii
1108 1667 1219 1701 nostri
1244 1669 1445 1712 dumosaque
1466 1678 1575 1708 συκαῖ
1603 1666 1664 1702 sed

985 1718 1106 1753 Codex
1122 1720 1152 1754 B
1169 1719 1206 1753 in
1222 1719 1380 1765 margine
1398 1718 1513 1763 addit,
1532 1721 1591 1753 vel
1600 1721 1666 1753 cli-

984 1771 1246 1817 vosa—Supra
1259 1772 1325 1816 IV,
1341 1786 1401 1818 777
1417 1798 1426 1815 ,
1444 1771 1663 1817 exquisitius,

980 1827 1077 1859 silvis
1092 1826 1260 1859 horrentia
1279 1837 1368 1858 saza
1375 1825 1530 1869 fragosis
1546 1838 1556 1859 ,·
1573 1825 1666 1859 cons.

984 1877 1121 1913 Plinius
1130 1904 1139 1921 ,
1149 1890 1272 1923 paneg.
1281 1878 1318 1911 81
1332 1903 1342 1920 ‚
1352 1877 1412 1911 ubi
1421 1877 1582 1912 similiter
1589 1889 1666 1912 mo-

983 1930 1090 1964 lestiae
1101 1942 1167 1963 ven
1173 1936 1246 1963 atus
1260 1928 1668 1963 describuntur.-Nudae

980 1995 1067 2026 genu
1085 1988 1185 2016 erant
1201 1981 1404 2015 venatrices.
1422 1979 1492 2014 Sed
1510 1993 1529 2014 e
1541 1979 1667 2024 Virgi-

982 2033 1030 2067 lio
1043 2059 1052 2076 ,
1069 2031 1211 2066 AEneid.
1227 2033 1262 2075 1,
1282 2033 1347 2078 319
1359 2058 1368 2075 ,
1384 2031 1451 2066 hoc
1459 2030 1669 2066 translatum

983 2086 1021 2119 in
1034 2085 1068 2118 h.
1079 2085 1101 2118 l.
1112 2091 1211 2129 putat
1223 2083 1399 2117 Heinsius.
1412 2084 1491 2118 Imo
1501 2082 1668 2118 verisimi-

983 2137 1049 2171 lius
1059 2143 1109 2171 est
1119 2136 1289 2170 Nostrum
1302 2135 1504 2180 expressisse
1514 2134 1612 2169 illum
1620 2133 1667 2168 lo-

983 2203 1076 2225 cum.
1089 2189 1186 2224 MSS
1200 2188 1317 2224 tamen
1328 2188 1385 2224 hic
1396 2188 1495 2223 valde
1507 2189 1664 2233 variant,

984 2251 1019 2279 et
1034 2256 1144 2288 quum
1159 2243 1275 2288 plures
1289 2242 1440 2277 habeant
1458 2243 1542 2276 Fine
1553 2255 1659 2286 germ,

983 2299 1076 2331 Fune
1083 2309 1187 2339 genu,
1207 2298 1300 2330 Pene
1313 2306 1398 2339 genu
1414 2294 1568 2339 (Regius
1583 2306 1668 2328 nos-

984 2357 1038 2385 ter
1055 2351 1085 2384 B
1108 2349 1213 2383 habet
1236 2351 1319 2383 Fine
1337 2362 1423 2393 genu
1442 2348 1479 2390 )‚
1500 2347 1667 2381 Heinsius

983 2400 1208 2437 scribendum
1226 2407 1345 2435 censet
1358 2426 1367 2443 ,
1383 2402 1468 2434 Fine
1480 2411 1601 2442 genus,
1627 2405 1668 2433 ut

982 2468 1086 2500 genus
1101 2455 1145 2490 sit
1160 2453 1332 2489 secundus
1349 2466 1445 2488 casus
1460 2453 1514 2487 vel
1531 2466 1552 2487 a
1562 2466 1666 2497 genu,

984 2507 1039 2540 vel
1060 2506 1102 2540 ab
1122 2506 1264 2550 antiqua
1287 2505 1400 2539 forma
1419 2516 1525 2548 genus
1539 2530 1547 2544 ,
1573 2503 1668 2549 quod

985 2564 1177 2603 utrumque
1195 2556 1360 2601 exemplis
1375 2555 1484 2590 allatis
1497 2568 1669 2601 compro—

983 2611 1052 2645 bat.
1072 2612 1156 2644 Ft'ne
1177 2616 1294 2644 autem
1311 2621 1417 2652 genus
1438 2608 1508 2642 sive
1528 2620 1669 2653 genuum

986 2661 1118 2696 dictum
1130 2674 1201 2695 esse
1212 2686 1221 2703 ‚
1235 2667 1274 2694 ut
1284 2659 1375 2705 apud
1387 2659 1513 2694 Avien.
1522 2659 1559 2693 in
1570 2658 1669 2693 Arat.

970 2716 1047 2760 fine
1059 2726 1197 2756 manus‚·
1212 2712 1303 2757 apud
1317 2712 1517 2746 Nemesian.
1532 2709 1668 2757 Cyneg.

984 2773 1151 2801 costarum
1168 2767 1228 2799 sub
1232 2767 1308 2809 fine
1321 2776 1332 2806 ;
1349 2763 1583 2798 Claudianum
1596 2761 1668 2796 Gi-

985 2825 1079 2865 gant.
1098 2831 1139 2865 79
1151 2843 1160 2862 ,
1168 2817 1415 2863 semorumfine
1431 2816 1670 2851 etQ—Horta*—
1684 2861 1689 2866 ¹
