<?xml version="1.0" encoding="UTF-8"?>
<!DOCTYPE html PUBLIC "-//W3C//DTD XHTML 1.0 Transitional//EN"
    "http://www.w3.org/TR/xhtml1/DTD/xhtml1-transitional.dtd">
<html xmlns="http://www.w3.org/1999/xhtml" xml:lang="en" lang="en">
 <head>
  <title>
</title>
<meta http-equiv="Content-Type" content="text/html;charset=utf-8" />
  <meta name='ocr-system' content='tesseract 3.04.00' />
  <meta name='ocr-capabilities' content='ocr_page ocr_carea ocr_par ocr_line ocrx_word'/>
</head>
<body>
  <div class='ocr_page' id='page_1' title='image "./quaeextantomniao04oviduoft_0358.png"; bbox 0 0 1820 3106; ppageno 0'>
   <div class='ocr_carea' id='block_1_1' title="bbox 277 228 366 284">
    <p class='ocr_par' dir='ltr' id='par_1_1' title="bbox 277 228 366 284">
     <span class='ocr_line' id='line_1_1' title="bbox 277 228 366 284; baseline 0 0"><span class='ocrx_word' id='word_1_1' title='bbox 277 228 366 284; x_wconf 71' lang='lat'>344</span> 
     </span>
    </p>
   </div>
   <div class='ocr_carea' id='block_1_2' title="bbox 644 233 1311 280">
    <p class='ocr_par' dir='ltr' id='par_1_2' title="bbox 644 233 1311 280">
     <span class='ocr_line' id='line_1_2' title="bbox 644 233 1311 280; baseline 0.006 -4"><span class='ocrx_word' id='word_1_2' title='bbox 644 233 698 276; x_wconf 89' lang='grc' dir='ltr'>Ρ.</span> <span class='ocrx_word' id='word_1_3' title='bbox 741 234 978 279; x_wconf 92' lang='lat' dir='ltr'><strong>OVIDII</strong></span> <span class='ocrx_word' id='word_1_4' title='bbox 1012 235 1311 280; x_wconf 88' lang='lat' dir='ltr'><strong>NASONIS</strong></span> 
     </span>
    </p>
   </div>
   <div class='ocr_carea' id='block_1_3' title="bbox 275 323 1689 693">
    <p class='ocr_par' dir='ltr' id='par_1_3' title="bbox 275 323 1689 547">
     <span class='ocr_line' id='line_1_3' title="bbox 279 323 1686 394; baseline 0.009 -28"><span class='ocrx_word' id='word_1_5' title='bbox 279 343 304 366; x_wconf 63' lang='grc' dir='ltr'>ω</span> <span class='ocrx_word' id='word_1_6' title='bbox 331 323 505 390; x_wconf 85' lang='lat' dir='ltr'>Vixque</span> <span class='ocrx_word' id='word_1_7' title='bbox 523 324 644 373; x_wconf 90' lang='lat' dir='ltr'>viro:</span> <span class='ocrx_word' id='word_1_8' title='bbox 666 345 929 394; x_wconf 77' lang='lat' dir='ltr'>quamquam</span> <span class='ocrx_word' id='word_1_9' title='bbox 944 327 1016 376; x_wconf 90' lang='lat' dir='ltr'>ille</span> <span class='ocrx_word' id='word_1_10' title='bbox 1033 328 1100 376; x_wconf 85' lang='lat' dir='ltr'>vir</span> <span class='ocrx_word' id='word_1_11' title='bbox 1115 340 1182 377; x_wconf 87' lang='lat' dir='ltr'>est</span> <span class='ocrx_word' id='word_1_12' title='bbox 1199 348 1209 387; x_wconf 80' lang='lat'><em>3</em></span> <span class='ocrx_word' id='word_1_13' title='bbox 1229 348 1313 378; x_wconf 89' lang='lat' dir='ltr'>nos</span> <span class='ocrx_word' id='word_1_14' title='bbox 1331 329 1542 393; x_wconf 83' lang='lat' dir='ltr'>segnibus</span> <span class='ocrx_word' id='word_1_15' title='bbox 1559 330 1686 389; x_wconf 57' lang='lat' dir='ltr'>actis,</span> 
     </span>
     <span class='ocr_line' id='line_1_4' title="bbox 281 400 1689 474; baseline 0.006 -26"><span class='ocrx_word' id='word_1_16' title='bbox 281 422 305 443; x_wconf 62' lang='grc' dir='ltr'>υ)</span> <span class='ocrx_word' id='word_1_17' title='bbox 331 400 469 464; x_wconf 81' lang='lat' dir='ltr'>Quod</span> <span class='ocrx_word' id='word_1_18' title='bbox 490 401 575 450; x_wconf 83' lang='lat' dir='ltr'>suit</span> <span class='ocrx_word' id='word_1_19' title='bbox 598 402 691 462; x_wconf 88' lang='lat' dir='ltr'>ille,</span> <span class='ocrx_word' id='word_1_20' title='bbox 712 423 865 453; x_wconf 88' lang='lat' dir='ltr'>sumus</span> <span class='ocrx_word' id='word_1_21' title='bbox 884 424 894 452; x_wconf 90' lang='lat'>:</span> <span class='ocrx_word' id='word_1_22' title='bbox 913 405 1020 470; x_wconf 91' lang='lat' dir='ltr'>quid</span> <span class='ocrx_word' id='word_1_23' title='bbox 1037 406 1231 455; x_wconf 89' lang='lat' dir='ltr'>membra</span> <span class='ocrx_word' id='word_1_24' title='bbox 1248 407 1452 456; x_wconf 85' lang='lat' dir='ltr'>immania</span> <span class='ocrx_word' id='word_1_25' title='bbox 1465 410 1689 474; x_wconf 80' lang='lat' dir='ltr'><strong>prosunt?</strong></span> 
     </span>
     <span class='ocr_line' id='line_1_5' title="bbox 275 477 1551 547; baseline 0.007 -23"><span class='ocrx_word' id='word_1_26' title='bbox 275 498 301 520; x_wconf 63' lang='grc' dir='ltr'>ι)</span> <span class='ocrx_word' id='word_1_27' title='bbox 330 477 453 541; x_wconf 83' lang='lat' dir='ltr'><strong>Quid</strong></span> <span class='ocrx_word' id='word_1_28' title='bbox 479 479 660 540; x_wconf 78' lang='lat' dir='ltr'>geminae</span> <span class='ocrx_word' id='word_1_29' title='bbox 683 480 828 529; x_wconf 80' lang='lat' dir='ltr'>vires?</span> <span class='ocrx_word' id='word_1_30' title='bbox 847 481 976 546; x_wconf 87' lang='lat' dir='ltr'>quid,</span> <span class='ocrx_word' id='word_1_31' title='bbox 1003 482 1126 547; x_wconf 89' lang='lat' dir='ltr'>quod</span> <span class='ocrx_word' id='word_1_32' title='bbox 1149 482 1386 532; x_wconf 82' lang='lat' dir='ltr'>fortissima</span> <span class='ocrx_word' id='word_1_33' title='bbox 1405 503 1551 533; x_wconf 88' lang='lat' dir='ltr'>rerum</span> 
     </span>
    </p>

    <p class='ocr_par' dir='ltr' id='par_1_4' title="bbox 278 555 1316 624">
     <span class='ocr_line' id='line_1_6' title="bbox 278 555 1316 624; baseline 0.007 -23"><span class='ocrx_word' id='word_1_34' title='bbox 278 575 303 597; x_wconf 88' lang='lat'>»</span> <span class='ocrx_word' id='word_1_35' title='bbox 330 555 383 602; x_wconf 89' lang='lat' dir='ltr'>In</span> <span class='ocrx_word' id='word_1_36' title='bbox 405 555 536 604; x_wconf 90' lang='lat' dir='ltr'>nobis</span> <span class='ocrx_word' id='word_1_37' title='bbox 559 556 720 623; x_wconf 88' lang='lat' dir='ltr'>duplex</span> <span class='ocrx_word' id='word_1_38' title='bbox 742 570 898 607; x_wconf 83' lang='lat' dir='ltr'>natura</span> <span class='ocrx_word' id='word_1_39' title='bbox 917 559 1117 608; x_wconf 86' lang='lat' dir='ltr'>animalia</span> <span class='ocrx_word' id='word_1_40' title='bbox 1135 560 1280 624; x_wconf 86' lang='lat' dir='ltr'>junxit</span> <span class='ocrx_word' id='word_1_41' title='bbox 1298 561 1316 608; x_wconf 71' lang='grc' dir='ltr'>Ρ</span> 
     </span>
    </p>

    <p class='ocr_par' dir='ltr' id='par_1_5' title="bbox 278 632 1355 693">
     <span class='ocr_line' id='line_1_7' title="bbox 278 632 1355 693; baseline 0.006 -14"><span class='ocrx_word' id='word_1_42' title='bbox 278 652 302 673; x_wconf 81' lang='grc'><em>»</em></span> <span class='ocrx_word' id='word_1_43' title='bbox 332 632 423 679; x_wconf 89' lang='lat' dir='ltr'>Nec</span> <span class='ocrx_word' id='word_1_44' title='bbox 449 651 530 682; x_wconf 89' lang='lat' dir='ltr'>nos</span> <span class='ocrx_word' id='word_1_45' title='bbox 552 646 689 682; x_wconf 84' lang='lat' dir='ltr'>matre</span> <span class='ocrx_word' id='word_1_46' title='bbox 711 635 828 693; x_wconf 86' lang='lat' dir='ltr'>Dea,</span> <span class='ocrx_word' id='word_1_47' title='bbox 847 654 926 683; x_wconf 87' lang='lat' dir='ltr'>nec</span> <span class='ocrx_word' id='word_1_48' title='bbox 947 655 1030 684; x_wconf 90' lang='lat' dir='ltr'>nos</span> <span class='ocrx_word' id='word_1_49' title='bbox 1052 636 1205 684; x_wconf 86' lang='lat' dir='ltr'>Ixione</span> <span class='ocrx_word' id='word_1_50' title='bbox 1228 649 1355 686; x_wconf 85' lang='lat' dir='ltr'>natos</span> 
     </span>
    </p>
   </div>
   <div class='ocr_carea' id='block_1_4' title="bbox 277 711 1400 778">
    <p class='ocr_par' dir='ltr' id='par_1_6' title="bbox 277 711 1400 778">
     <span class='ocr_line' id='line_1_8' title="bbox 277 711 1400 778; baseline 0.005 -22"><span class='ocrx_word' id='word_1_51' title='bbox 277 729 302 751; x_wconf 82' lang='lat'>»</span> <span class='ocrx_word' id='word_1_52' title='bbox 328 711 436 758; x_wconf 88' lang='lat' dir='ltr'>Esse</span> <span class='ocrx_word' id='word_1_53' title='bbox 458 729 584 768; x_wconf 89' lang='lat' dir='ltr'>reor;</span> <span class='ocrx_word' id='word_1_54' title='bbox 610 712 685 778; x_wconf 92' lang='lat' dir='ltr'>qui</span> <span class='ocrx_word' id='word_1_55' title='bbox 709 724 856 761; x_wconf 87' lang='lat' dir='ltr'>tantus</span> <span class='ocrx_word' id='word_1_56' title='bbox 880 725 994 771; x_wconf 83' lang='lat' dir='ltr'>erat,</span> <span class='ocrx_word' id='word_1_57' title='bbox 1016 713 1206 761; x_wconf 87' lang='lat' dir='ltr'>Junonis</span> <span class='ocrx_word' id='word_1_58' title='bbox 1229 725 1281 761; x_wconf 89' lang='lat' dir='ltr'>ut</span> <span class='ocrx_word' id='word_1_59' title='bbox 1303 712 1400 762; x_wconf 83' lang='lat' dir='ltr'>altae</span> 
     </span>
    </p>
   </div>
   <div class='ocr_carea' id='block_1_5' title="bbox 1622 726 1687 761">
    <p class='ocr_par' dir='ltr' id='par_1_7' title="bbox 1622 726 1687 761">
     <span class='ocr_line' id='line_1_9' title="bbox 1622 726 1687 761; baseline 0 0"><span class='ocrx_word' id='word_1_60' title='bbox 1622 726 1687 761; x_wconf 81' lang='lat'>505</span> 
     </span>
    </p>
   </div>
   <div class='ocr_carea' id='block_1_6' title="bbox 275 786 1581 1088">
    <p class='ocr_par' dir='ltr' id='par_1_8' title="bbox 275 786 1581 1009">
     <span class='ocr_line' id='line_1_10' title="bbox 275 786 1553 855; baseline 0.003 -22"><span class='ocrx_word' id='word_1_61' title='bbox 275 807 301 828; x_wconf 85' lang='lat'>»</span> <span class='ocrx_word' id='word_1_62' title='bbox 330 786 463 851; x_wconf 86' lang='lat' dir='ltr'>Spem</span> <span class='ocrx_word' id='word_1_63' title='bbox 487 800 659 853; x_wconf 85' lang='lat' dir='ltr'>caperet</span> <span class='ocrx_word' id='word_1_64' title='bbox 678 809 689 837; x_wconf 77' lang='lat' dir='ltr'><em>z</em></span> <span class='ocrx_word' id='word_1_65' title='bbox 710 808 795 838; x_wconf 90' lang='lat' dir='ltr'>nos</span> <span class='ocrx_word' id='word_1_66' title='bbox 817 789 1034 837; x_wconf 84' lang='lat' dir='ltr'>semimari</span> <span class='ocrx_word' id='word_1_67' title='bbox 1057 808 1312 855; x_wconf 85' lang='lat' dir='ltr'>superamur</span> <span class='ocrx_word' id='word_1_68' title='bbox 1333 789 1389 838; x_wconf 90' lang='lat' dir='ltr'>ab</span> <span class='ocrx_word' id='word_1_69' title='bbox 1413 789 1553 838; x_wconf 85' lang='lat' dir='ltr'>hoste.</span> 
     </span>
     <span class='ocr_line' id='line_1_11' title="bbox 278 862 1581 932; baseline 0.005 -23"><span class='ocrx_word' id='word_1_70' title='bbox 278 882 303 904; x_wconf 76' lang='lat'>³&gt;</span> <span class='ocrx_word' id='word_1_71' title='bbox 331 862 466 921; x_wconf 87' lang='lat' dir='ltr'>Saxa,</span> <span class='ocrx_word' id='word_1_72' title='bbox 494 866 726 931; x_wconf 85' lang='lat' dir='ltr'>trabesque</span> <span class='ocrx_word' id='word_1_73' title='bbox 748 886 904 932; x_wconf 86' lang='lat' dir='ltr'>super,</span> <span class='ocrx_word' id='word_1_74' title='bbox 929 878 1137 932; x_wconf 89' lang='lat' dir='ltr'>totosque</span> <span class='ocrx_word' id='word_1_75' title='bbox 1160 865 1368 915; x_wconf 88' lang='lat' dir='ltr'>involvite</span> <span class='ocrx_word' id='word_1_76' title='bbox 1379 878 1581 926; x_wconf 35' lang='lat' dir='ltr'>&#39;montes3</span> 
     </span>
     <span class='ocr_line' id='line_1_12' title="bbox 277 941 1325 1009; baseline 0.005 -22"><span class='ocrx_word' id='word_1_77' title='bbox 277 961 303 983; x_wconf 69' lang='lat'>³&gt;</span> <span class='ocrx_word' id='word_1_78' title='bbox 329 941 618 1009; x_wconf 70' lang='lat' dir='ltr'>vivacemque</span> <span class='ocrx_word' id='word_1_79' title='bbox 641 945 830 992; x_wconf 86' lang='lat' dir='ltr'>animam</span> <span class='ocrx_word' id='word_1_80' title='bbox 853 945 998 993; x_wconf 88' lang='lat' dir='ltr'>missis</span> <span class='ocrx_word' id='word_1_81' title='bbox 1022 944 1167 993; x_wconf 74' lang='lat' dir='ltr'>elidite</span> <span class='ocrx_word' id='word_1_82' title='bbox 1193 944 1325 994; x_wconf 87' lang='lat' dir='ltr'>silvis.</span> 
     </span>
    </p>

    <p class='ocr_par' dir='ltr' id='par_1_9' title="bbox 279 1017 1580 1088">
     <span class='ocr_line' id='line_1_13' title="bbox 279 1017 1580 1088; baseline 0.005 -24"><span class='ocrx_word' id='word_1_83' title='bbox 279 1039 305 1060; x_wconf 83' lang='lat'>»</span> <span class='ocrx_word' id='word_1_84' title='bbox 336 1017 453 1066; x_wconf 86' lang='lat' dir='ltr'>Silva</span> <span class='ocrx_word' id='word_1_85' title='bbox 477 1032 646 1085; x_wconf 87' lang='lat' dir='ltr'>premat</span> <span class='ocrx_word' id='word_1_86' title='bbox 668 1021 815 1071; x_wconf 83' lang='lat' dir='ltr'>fauces</span> <span class='ocrx_word' id='word_1_87' title='bbox 836 1041 846 1069; x_wconf 93' lang='lat'>:</span> <span class='ocrx_word' id='word_1_88' title='bbox 866 1033 910 1070; x_wconf 85' lang='lat' dir='ltr'>et</span> <span class='ocrx_word' id='word_1_89' title='bbox 932 1022 1014 1070; x_wconf 86' lang='lat' dir='ltr'>erit</span> <span class='ocrx_word' id='word_1_90' title='bbox 1037 1041 1119 1088; x_wconf 89' lang='lat' dir='ltr'>pro</span> <span class='ocrx_word' id='word_1_91' title='bbox 1144 1021 1322 1071; x_wconf 89' lang='lat' dir='ltr'>vulnere</span> <span class='ocrx_word' id='word_1_92' title='bbox 1343 1022 1532 1088; x_wconf 86' lang='lat' dir='ltr'>pondus.</span> <span class='ocrx_word' id='word_1_93' title='bbox 1557 1043 1580 1065; x_wconf 92' lang='lat'>»</span> 
     </span>
    </p>
   </div>
   <div class='ocr_carea' id='block_1_7' title="bbox 276 1095 1266 1163">
    <p class='ocr_par' dir='ltr' id='par_1_10' title="bbox 276 1095 1266 1163">
     <span class='ocr_line' id='line_1_14' title="bbox 276 1095 1266 1163; baseline 0.003 -20"><span class='ocrx_word' id='word_1_94' title='bbox 276 1095 427 1154; x_wconf 83' lang='lat' dir='ltr'>Dixit;</span> <span class='ocrx_word' id='word_1_95' title='bbox 456 1109 499 1144; x_wconf 89' lang='lat' dir='ltr'>et</span> <span class='ocrx_word' id='word_1_96' title='bbox 521 1097 664 1145; x_wconf 80' lang='lat' dir='ltr'>insani</span> <span class='ocrx_word' id='word_1_97' title='bbox 688 1098 897 1163; x_wconf 87' lang='lat' dir='ltr'>dejectam</span> <span class='ocrx_word' id='word_1_98' title='bbox 918 1099 1086 1148; x_wconf 83' lang='lat' dir='ltr'>viribus</span> <span class='ocrx_word' id='word_1_99' title='bbox 1111 1099 1266 1147; x_wconf 82' lang='lat' dir='ltr'>Austri</span> 
     </span>
    </p>
   </div>
   <div class='ocr_carea' id='block_1_8' title="bbox 1626 1112 1691 1147">
    <p class='ocr_par' dir='ltr' id='par_1_11' title="bbox 1626 1112 1691 1147">
     <span class='ocr_line' id='line_1_15' title="bbox 1626 1112 1691 1147; baseline -0.046 -1"><span class='ocrx_word' id='word_1_100' title='bbox 1626 1112 1691 1147; x_wconf 81' lang='lat'>510</span> 
     </span>
    </p>
   </div>
   <div class='ocr_carea' id='block_1_9' title="bbox 274 1172 1519 1396">
    <p class='ocr_par' dir='ltr' id='par_1_12' title="bbox 274 1172 1519 1396">
     <span class='ocr_line' id='line_1_16' title="bbox 276 1172 1519 1241; baseline 0.002 -22"><span class='ocrx_word' id='word_1_101' title='bbox 276 1172 409 1221; x_wconf 81' lang='lat' dir='ltr'>Forte</span> <span class='ocrx_word' id='word_1_102' title='bbox 433 1173 599 1223; x_wconf 85' lang='lat' dir='ltr'>trabem</span> <span class='ocrx_word' id='word_1_103' title='bbox 622 1187 801 1234; x_wconf 86' lang='lat' dir='ltr'>nactus,</span> <span class='ocrx_word' id='word_1_104' title='bbox 826 1175 1018 1223; x_wconf 87' lang='lat' dir='ltr'>validum</span> <span class='ocrx_word' id='word_1_105' title='bbox 1041 1176 1227 1241; x_wconf 85' lang='lat' dir='ltr'>conjecit</span> <span class='ocrx_word' id='word_1_106' title='bbox 1248 1176 1292 1223; x_wconf 88' lang='lat' dir='ltr'>in</span> <span class='ocrx_word' id='word_1_107' title='bbox 1314 1175 1487 1224; x_wconf 91' lang='lat' dir='ltr'>hostem</span> <span class='ocrx_word' id='word_1_108' title='bbox 1508 1194 1519 1222; x_wconf 90' lang='lat'>:</span> 
     </span>
     <span class='ocr_line' id='line_1_17' title="bbox 275 1250 1458 1319; baseline 0.003 -22"><span class='ocrx_word' id='word_1_109' title='bbox 275 1250 627 1317; x_wconf 87' lang='lat' dir='ltr'>Exemplumque</span> <span class='ocrx_word' id='word_1_110' title='bbox 648 1251 731 1299; x_wconf 80' lang='lat' dir='ltr'>fuit</span> <span class='ocrx_word' id='word_1_111' title='bbox 751 1272 760 1299; x_wconf 78' lang='lat' dir='ltr'>z</span> <span class='ocrx_word' id='word_1_112' title='bbox 782 1271 1007 1318; x_wconf 86' lang='lat' dir='ltr'>parvoque</span> <span class='ocrx_word' id='word_1_113' title='bbox 1027 1253 1071 1300; x_wconf 91' lang='lat' dir='ltr'>in</span> <span class='ocrx_word' id='word_1_114' title='bbox 1095 1265 1290 1319; x_wconf 88' lang='lat' dir='ltr'>tempore</span> <span class='ocrx_word' id='word_1_115' title='bbox 1311 1252 1458 1301; x_wconf 86' lang='lat' dir='ltr'>nudus</span> 
     </span>
     <span class='ocr_line' id='line_1_18' title="bbox 274 1327 1507 1396; baseline 0.002 -21"><span class='ocrx_word' id='word_1_116' title='bbox 274 1327 464 1376; x_wconf 81' lang='lat' dir='ltr'>Arboris</span> <span class='ocrx_word' id='word_1_117' title='bbox 491 1330 659 1396; x_wconf 84' lang='lat' dir='ltr'>Othrys</span> <span class='ocrx_word' id='word_1_118' title='bbox 681 1342 797 1389; x_wconf 86' lang='lat' dir='ltr'>erat,</span> <span class='ocrx_word' id='word_1_119' title='bbox 820 1349 900 1378; x_wconf 85' lang='lat' dir='ltr'>nee</span> <span class='ocrx_word' id='word_1_120' title='bbox 923 1330 1115 1379; x_wconf 85' lang='lat' dir='ltr'>habebat</span> <span class='ocrx_word' id='word_1_121' title='bbox 1139 1330 1292 1378; x_wconf 88' lang='lat' dir='ltr'>Pelion</span> <span class='ocrx_word' id='word_1_122' title='bbox 1315 1330 1507 1379; x_wconf 86' lang='lat' dir='ltr'>umbras.</span> 
     </span>
    </p>
   </div>
   <div class='ocr_carea' id='block_1_10' title="bbox 272 1426 955 2770">
    <p class='ocr_par' dir='ltr' id='par_1_13' title="bbox 272 1426 951 1576">
     <span class='ocr_line' id='line_1_19' title="bbox 273 1426 950 1472; baseline 0.003 -13"><span class='ocrx_word' id='word_1_123' title='bbox 273 1437 382 1459; x_wconf 85' lang='lat' dir='ltr'>ornos.</span> <span class='ocrx_word' id='word_1_124' title='bbox 399 1426 463 1459; x_wconf 81' lang='lat' dir='ltr'>Ed.</span> <span class='ocrx_word' id='word_1_125' title='bbox 486 1445 530 1452; x_wconf 91' lang='lat'>-—-</span> <span class='ocrx_word' id='word_1_126' title='bbox 550 1428 767 1470; x_wconf 81' lang='lat' dir='ltr'>Superamur,·</span> <span class='ocrx_word' id='word_1_127' title='bbox 786 1427 950 1472; x_wconf 83' lang='lat' dir='ltr'>Langer—</span> 
     </span>
     <span class='ocr_line' id='line_1_20' title="bbox 272 1478 951 1524; baseline 0.004 -13"><span class='ocrx_word' id='word_1_128' title='bbox 272 1478 393 1512; x_wconf 87' lang='lat' dir='ltr'>manni</span> <span class='ocrx_word' id='word_1_129' title='bbox 407 1486 440 1512; x_wconf 89' lang='lat' dir='ltr'>et</span> <span class='ocrx_word' id='word_1_130' title='bbox 451 1485 519 1513; x_wconf 86' lang='lat' dir='ltr'>tres</span> <span class='ocrx_word' id='word_1_131' title='bbox 530 1479 569 1512; x_wconf 88' lang='lat' dir='ltr'>al.</span> <span class='ocrx_word' id='word_1_132' title='bbox 582 1491 768 1522; x_wconf 76' lang='lat' dir='ltr'>superemur</span> <span class='ocrx_word' id='word_1_133' title='bbox 775 1492 837 1524; x_wconf 87' lang='lat' dir='ltr'>per</span> <span class='ocrx_word' id='word_1_134' title='bbox 847 1480 951 1514; x_wconf 86' lang='lat' dir='ltr'>inter-</span> 
     </span>
     <span class='ocr_line' id='line_1_21' title="bbox 273 1530 927 1576; baseline 0.003 -13"><span class='ocrx_word' id='word_1_135' title='bbox 273 1530 503 1574; x_wconf 85' lang='lat' dir='ltr'>rogationem.</span> <span class='ocrx_word' id='word_1_136' title='bbox 518 1530 618 1576; x_wconf 82' lang='lat' dir='ltr'>Regii</span> <span class='ocrx_word' id='word_1_137' title='bbox 637 1530 711 1566; x_wconf 89' lang='lat' dir='ltr'>cod.</span> <span class='ocrx_word' id='word_1_138' title='bbox 729 1544 927 1575; x_wconf 81' lang='lat' dir='ltr'>superamur.</span> 
     </span>
    </p>

    <p class='ocr_par' dir='ltr' id='par_1_14' title="bbox 274 1583 955 2194">
     <span class='ocr_line' id='line_1_22' title="bbox 319 1583 951 1627; baseline 0.003 -11"><span class='ocrx_word' id='word_1_139' title='bbox 319 1583 394 1617; x_wconf 85' lang='lat'><strong>500.</strong></span> <span class='ocrx_word' id='word_1_140' title='bbox 422 1584 552 1627; x_wconf 76' lang='lat' dir='ltr'>Ve&#39;xque</span> <span class='ocrx_word' id='word_1_141' title='bbox 575 1586 675 1625; x_wconf 69' lang='lat' dir='ltr'><em>vit-05</em></span> <span class='ocrx_word' id='word_1_142' title='bbox 700 1596 791 1618; x_wconf 86' lang='lat' dir='ltr'>unus</span> <span class='ocrx_word' id='word_1_143' title='bbox 813 1584 951 1618; x_wconf 89' lang='lat' dir='ltr'>Heinsii</span> 
     </span>
     <span class='ocr_line' id='line_1_23' title="bbox 275 1636 950 1681; baseline 0.003 -14"><span class='ocrx_word' id='word_1_144' title='bbox 275 1636 397 1678; x_wconf 76' lang='lat' dir='ltr'>vixque</span> <span class='ocrx_word' id='word_1_145' title='bbox 411 1638 517 1678; x_wconf 85' lang='lat' dir='ltr'>mari‚·</span> <span class='ocrx_word' id='word_1_146' title='bbox 535 1641 569 1669; x_wconf 85' lang='lat' dir='ltr'>et</span> <span class='ocrx_word' id='word_1_147' title='bbox 585 1648 686 1677; x_wconf 71' lang='lat' dir='ltr'>versu</span> <span class='ocrx_word' id='word_1_148' title='bbox 708 1636 772 1671; x_wconf 83' lang='lat'>506</span> <span class='ocrx_word' id='word_1_149' title='bbox 784 1662 793 1678; x_wconf 88' lang='lat'>,</span> <span class='ocrx_word' id='word_1_150' title='bbox 810 1649 873 1681; x_wconf 90' lang='lat' dir='ltr'>pro</span> <span class='ocrx_word' id='word_1_151' title='bbox 888 1649 950 1671; x_wconf 87' lang='lat' dir='ltr'>se-</span> 
     </span>
     <span class='ocr_line' id='line_1_24' title="bbox 277 1686 952 1733; baseline 0.001 -13"><span class='ocrx_word' id='word_1_152' title='bbox 277 1689 413 1720; x_wconf 77' lang='lat' dir='ltr'>mimari</span> <span class='ocrx_word' id='word_1_153' title='bbox 420 1713 428 1727; x_wconf 90' lang='lat'>,</span> <span class='ocrx_word' id='word_1_154' title='bbox 446 1686 540 1721; x_wconf 85' lang='lat' dir='ltr'>idem</span> <span class='ocrx_word' id='word_1_155' title='bbox 555 1690 714 1722; x_wconf 72' lang='lat' dir='ltr'>semiviro.</span> <span class='ocrx_word' id='word_1_156' title='bbox 728 1706 772 1713; x_wconf 90' lang='lat'>——</span> <span class='ocrx_word' id='word_1_157' title='bbox 782 1688 883 1733; x_wconf 82' lang='lat' dir='ltr'>Regii</span> <span class='ocrx_word' id='word_1_158' title='bbox 897 1700 952 1722; x_wconf 89' lang='lat' dir='ltr'>co-</span> 
     </span>
     <span class='ocr_line' id='line_1_25' title="bbox 278 1739 952 1784; baseline 0.001 -11"><span class='ocrx_word' id='word_1_159' title='bbox 278 1739 370 1774; x_wconf 81' lang='lat' dir='ltr'>dices</span> <span class='ocrx_word' id='word_1_160' title='bbox 383 1766 392 1782; x_wconf 83' lang='lat'>,</span> <span class='ocrx_word' id='word_1_161' title='bbox 412 1743 534 1784; x_wconf 73' lang='lat' dir='ltr'>vitque</span> <span class='ocrx_word' id='word_1_162' title='bbox 548 1743 619 1774; x_wconf 78' lang='lat' dir='ltr'>viro</span> <span class='ocrx_word' id='word_1_163' title='bbox 631 1766 639 1780; x_wconf 87' lang='lat'><strong><em>‚</em></strong></span> <span class='ocrx_word' id='word_1_164' title='bbox 662 1747 697 1774; x_wconf 91' lang='lat' dir='ltr'>et</span> <span class='ocrx_word' id='word_1_165' title='bbox 718 1743 895 1774; x_wconf 84' lang='lat' dir='ltr'>sem1‘mar1&#39;.</span> <span class='ocrx_word' id='word_1_166' title='bbox 909 1759 952 1766; x_wconf 88' lang='lat'>-·-</span> 
     </span>
     <span class='ocr_line' id='line_1_26' title="bbox 274 1792 948 1839; baseline 0.001 -14"><span class='ocrx_word' id='word_1_167' title='bbox 274 1792 435 1836; x_wconf 75' lang='lat' dir='ltr'>Segm&#39;bus</span> <span class='ocrx_word' id='word_1_168' title='bbox 440 1795 538 1832; x_wconf 78' lang='lat' dir='ltr'>actis,</span> <span class='ocrx_word' id='word_1_169' title='bbox 552 1792 750 1839; x_wconf 86' lang='lat' dir='ltr'>segnitie.—-</span> <span class='ocrx_word' id='word_1_170' title='bbox 756 1794 856 1836; x_wconf 82' lang='lat' dir='ltr'>Quod</span> <span class='ocrx_word' id='word_1_171' title='bbox 850 1793 926 1837; x_wconf 76' lang='lat' dir='ltr'>suit</span> <span class='ocrx_word' id='word_1_172' title='bbox 936 1805 948 1835; x_wconf 80' lang='lat'>‚-</span> 
     </span>
     <span class='ocr_line' id='line_1_27' title="bbox 277 1843 953 1888; baseline 0.003 -11"><span class='ocrx_word' id='word_1_173' title='bbox 277 1856 368 1878; x_wconf 89' lang='lat' dir='ltr'>unus</span> <span class='ocrx_word' id='word_1_174' title='bbox 386 1843 564 1878; x_wconf 88' lang='lat' dir='ltr'>Leidensis</span> <span class='ocrx_word' id='word_1_175' title='bbox 577 1870 587 1888; x_wconf 90' lang='lat'>,</span> <span class='ocrx_word' id='word_1_176' title='bbox 605 1858 676 1888; x_wconf 78' lang='lat' dir='ltr'>qua·</span> <span class='ocrx_word' id='word_1_177' title='bbox 687 1844 762 1879; x_wconf 79' lang='lat' dir='ltr'>suit.</span> <span class='ocrx_word' id='word_1_178' title='bbox 775 1847 953 1879; x_wconf 77' lang='lat' dir='ltr'>-Forlt‘s-</span> 
     </span>
     <span class='ocr_line' id='line_1_28' title="bbox 277 1894 953 1940; baseline 0.004 -13"><span class='ocrx_word' id='word_1_179' title='bbox 277 1896 365 1927; x_wconf 79' lang='lat' dir='ltr'>sima</span> <span class='ocrx_word' id='word_1_180' title='bbox 385 1894 559 1940; x_wconf 84' lang='lat' dir='ltr'>conjunge</span> <span class='ocrx_word' id='word_1_181' title='bbox 578 1908 658 1929; x_wconf 89' lang='lat' dir='ltr'>cum</span> <span class='ocrx_word' id='word_1_182' title='bbox 676 1898 850 1930; x_wconf 66' lang='lat' dir='ltr'>animalia.</span> <span class='ocrx_word' id='word_1_183' title='bbox 871 1898 953 1931; x_wconf 82' lang='lat' dir='ltr'>Na-</span> 
     </span>
     <span class='ocr_line' id='line_1_29' title="bbox 275 1946 952 1992; baseline 0.003 -14"><span class='ocrx_word' id='word_1_184' title='bbox 275 1951 351 1978; x_wconf 78' lang='lat' dir='ltr'>tura</span> <span class='ocrx_word' id='word_1_185' title='bbox 380 1947 502 1989; x_wconf 75' lang='lat' dir='ltr'>duplex</span> <span class='ocrx_word' id='word_1_186' title='bbox 518 1946 643 1990; x_wconf 73' lang='lat' dir='ltr'>junxit</span> <span class='ocrx_word' id='word_1_187' title='bbox 667 1950 831 1980; x_wconf 68' lang='lat' dir='ltr'>animaltia</span> <span class='ocrx_word' id='word_1_188' title='bbox 848 1973 855 1986; x_wconf 92' lang='lat'><strong>‚</strong></span> <span class='ocrx_word' id='word_1_189' title='bbox 889 1959 952 1992; x_wconf 90' lang='lat' dir='ltr'>pro</span> 
     </span>
     <span class='ocr_line' id='line_1_30' title="bbox 277 1996 954 2042; baseline 0.006 -13"><span class='ocrx_word' id='word_1_190' title='bbox 277 1996 436 2030; x_wconf 84' lang='lat' dir='ltr'>animalia</span> <span class='ocrx_word' id='word_1_191' title='bbox 449 1996 591 2042; x_wconf 87' lang='lat' dir='ltr'>duplicis</span> <span class='ocrx_word' id='word_1_192' title='bbox 601 2005 733 2032; x_wconf 85' lang='lat' dir='ltr'>naturae</span> <span class='ocrx_word' id='word_1_193' title='bbox 744 1998 863 2042; x_wconf 73' lang='lat' dir='ltr'>juncta</span> <span class='ocrx_word' id='word_1_194' title='bbox 872 2005 954 2033; x_wconf 85' lang='lat' dir='ltr'>sunt</span> 
     </span>
     <span class='ocr_line' id='line_1_31' title="bbox 277 2049 955 2096; baseline 0.004 -14"><span class='ocrx_word' id='word_1_195' title='bbox 277 2049 315 2082; x_wconf 89' lang='lat' dir='ltr'>in</span> <span class='ocrx_word' id='word_1_196' title='bbox 336 2050 445 2083; x_wconf 89' lang='lat' dir='ltr'>nobis.</span> <span class='ocrx_word' id='word_1_197' title='bbox 464 2069 508 2075; x_wconf 90' lang='lat'>-—</span> <span class='ocrx_word' id='word_1_198' title='bbox 530 2052 633 2093; x_wconf 70' lang='lat' dir='ltr'>Quid,</span> <span class='ocrx_word' id='word_1_199' title='bbox 658 2053 767 2095; x_wconf 83' lang='lat' dir='ltr'>quod‚·</span> <span class='ocrx_word' id='word_1_200' title='bbox 795 2051 899 2096; x_wconf 83' lang='lat' dir='ltr'>vulgo</span> <span class='ocrx_word' id='word_1_201' title='bbox 921 2058 955 2085; x_wconf 82' lang='lat' dir='ltr'>ct</span> 
     </span>
     <span class='ocr_line' id='line_1_32' title="bbox 276 2101 951 2146; baseline 0.003 -12"><span class='ocrx_word' id='word_1_202' title='bbox 276 2102 372 2145; x_wconf 86' lang='lat' dir='ltr'>quod.</span> <span class='ocrx_word' id='word_1_203' title='bbox 389 2119 433 2126; x_wconf 91' lang='lat'>-—-</span> <span class='ocrx_word' id='word_1_204' title='bbox 446 2102 568 2134; x_wconf 79' lang='lat' dir='ltr'>Rerum</span> <span class='ocrx_word' id='word_1_205' title='bbox 587 2101 634 2135; x_wconf 90' lang='lat' dir='ltr'>sic</span> <span class='ocrx_word' id='word_1_206' title='bbox 654 2101 866 2146; x_wconf 74' lang='lat' dir='ltr'>superlativis</span> <span class='ocrx_word' id='word_1_207' title='bbox 883 2101 951 2136; x_wconf 83' lang='lat' dir='ltr'>ad-</span> 
     </span>
     <span class='ocr_line' id='line_1_33' title="bbox 276 2152 846 2194; baseline 0.002 -8"><span class='ocrx_word' id='word_1_208' title='bbox 276 2152 391 2194; x_wconf 81' lang='lat' dir='ltr'>ditur,</span> <span class='ocrx_word' id='word_1_209' title='bbox 407 2160 446 2188; x_wconf 88' lang='lat' dir='ltr'>ut</span> <span class='ocrx_word' id='word_1_210' title='bbox 460 2154 652 2187; x_wconf 80' lang='lat' dir='ltr'>dulcissime</span> <span class='ocrx_word' id='word_1_211' title='bbox 666 2167 770 2187; x_wconf 81' lang='lat' dir='ltr'>rerum</span> <span class='ocrx_word' id='word_1_212' title='bbox 783 2160 846 2187; x_wconf 81' lang='lat' dir='ltr'>etc.</span> 
     </span>
    </p>

    <p class='ocr_par' dir='ltr' id='par_1_15' title="bbox 275 2205 952 2720">
     <span class='ocr_line' id='line_1_34' title="bbox 323 2205 951 2251; baseline -0.002 -11"><span class='ocrx_word' id='word_1_213' title='bbox 323 2207 396 2240; x_wconf 78' lang='lat'>505.</span> <span class='ocrx_word' id='word_1_214' title='bbox 425 2207 533 2246; x_wconf 71' lang='lat' dir='ltr'>Alte,</span> <span class='ocrx_word' id='word_1_215' title='bbox 565 2218 699 2251; x_wconf 83' lang='lat' dir='ltr'>magnae</span> <span class='ocrx_word' id='word_1_216' title='bbox 713 2232 723 2249; x_wconf 95' lang='lat'>,</span> <span class='ocrx_word' id='word_1_217' title='bbox 748 2205 951 2240; x_wconf 83' lang='lat' dir='ltr'>auctoritate</span> 
     </span>
     <span class='ocr_line' id='line_1_35' title="bbox 279 2256 948 2303; baseline 0.003 -14"><span class='ocrx_word' id='word_1_218' title='bbox 279 2257 416 2303; x_wconf 85' lang='lat' dir='ltr'>Virgilii</span> <span class='ocrx_word' id='word_1_219' title='bbox 433 2283 443 2301; x_wconf 93' lang='lat'>,</span> <span class='ocrx_word' id='word_1_220' title='bbox 466 2256 555 2303; x_wconf 85' lang='lat' dir='ltr'>apud</span> <span class='ocrx_word' id='word_1_221' title='bbox 573 2270 678 2303; x_wconf 86' lang='lat' dir='ltr'>quem</span> <span class='ocrx_word' id='word_1_222' title='bbox 700 2260 789 2291; x_wconf 85' lang='lat' dir='ltr'>altus</span> <span class='ocrx_word' id='word_1_223' title='bbox 804 2257 929 2300; x_wconf 82' lang='lat' dir='ltr'>Apollo</span> <span class='ocrx_word' id='word_1_224' title='bbox 940 2283 948 2297; x_wconf 88' lang='lat'><em>‚</em></span> 
     </span>
     <span class='ocr_line' id='line_1_36' title="bbox 278 2309 951 2356; baseline 0 -13"><span class='ocrx_word' id='word_1_225' title='bbox 278 2309 363 2344; x_wconf 88' lang='lat' dir='ltr'>AEn.</span> <span class='ocrx_word' id='word_1_226' title='bbox 375 2309 408 2344; x_wconf 88' lang='lat' dir='ltr'>X</span> <span class='ocrx_word' id='word_1_227' title='bbox 419 2336 427 2354; x_wconf 91' lang='lat'>,</span> <span class='ocrx_word' id='word_1_228' title='bbox 439 2310 502 2355; x_wconf 80' lang='lat'>875</span> <span class='ocrx_word' id='word_1_229' title='bbox 515 2324 523 2351; x_wconf 91' lang='grc'>;</span> <span class='ocrx_word' id='word_1_230' title='bbox 536 2312 627 2345; x_wconf 84' lang='lat' dir='ltr'>allus</span> <span class='ocrx_word' id='word_1_231' title='bbox 636 2312 777 2355; x_wconf 79' lang='lat' dir='ltr'>Jupiter,</span> <span class='ocrx_word' id='word_1_232' title='bbox 791 2310 864 2352; x_wconf 85' lang='lat' dir='ltr'>XI,</span> <span class='ocrx_word' id='word_1_233' title='bbox 879 2310 951 2356; x_wconf 79' lang='lat'><strong>726.</strong></span> 
     </span>
     <span class='ocr_line' id='line_1_37' title="bbox 279 2361 950 2406; baseline 0 -10"><span class='ocrx_word' id='word_1_234' title='bbox 279 2362 418 2406; x_wconf 85' lang='lat' dir='ltr'>—Spem</span> <span class='ocrx_word' id='word_1_235' title='bbox 425 2364 568 2397; x_wconf 79' lang='lat' dir='ltr'>Junom&#39;s</span> <span class='ocrx_word' id='word_1_236' title='bbox 576 2363 727 2397; x_wconf 88' lang='lat' dir='ltr'>breviter</span> <span class='ocrx_word' id='word_1_237' title='bbox 736 2370 771 2398; x_wconf 87' lang='lat' dir='ltr'>et</span> <span class='ocrx_word' id='word_1_238' title='bbox 781 2361 950 2406; x_wconf 79' lang='lat' dir='ltr'>modeste,</span> 
     </span>
     <span class='ocr_line' id='line_1_38' title="bbox 278 2414 950 2458; baseline -0.001 -10"><span class='ocrx_word' id='word_1_239' title='bbox 278 2426 376 2458; x_wconf 85' lang='lat' dir='ltr'>spem</span> <span class='ocrx_word' id='word_1_240' title='bbox 404 2414 659 2448; x_wconf 87' lang='lat' dir='ltr'>concumbendi</span> <span class='ocrx_word' id='word_1_241' title='bbox 687 2426 767 2449; x_wconf 90' lang='lat' dir='ltr'>cum</span> <span class='ocrx_word' id='word_1_242' title='bbox 796 2414 950 2448; x_wconf 86' lang='lat' dir='ltr'>Junone.</span> 
     </span>
     <span class='ocr_line' id='line_1_39' title="bbox 281 2464 952 2510; baseline 0 -11"><span class='ocrx_word' id='word_1_243' title='bbox 281 2464 391 2510; x_wconf 83' lang='lat' dir='ltr'>Quod</span> <span class='ocrx_word' id='word_1_244' title='bbox 402 2478 547 2500; x_wconf 73' lang='lat' dir='ltr'>summae</span> <span class='ocrx_word' id='word_1_245' title='bbox 558 2465 705 2501; x_wconf 85' lang='lat' dir='ltr'>audaciae</span> <span class='ocrx_word' id='word_1_246' title='bbox 718 2473 753 2500; x_wconf 91' lang='lat' dir='ltr'>et</span> <span class='ocrx_word' id='word_1_247' title='bbox 764 2465 952 2510; x_wconf 75' lang='lat' dir='ltr'>impuden-</span> 
     </span>
     <span class='ocr_line' id='line_1_40' title="bbox 278 2517 950 2562; baseline 0.001 -11"><span class='ocrx_word' id='word_1_248' title='bbox 278 2517 335 2552; x_wconf 82' lang='lat' dir='ltr'>tiae</span> <span class='ocrx_word' id='word_1_249' title='bbox 352 2525 444 2562; x_wconf 84' lang='lat' dir='ltr'>erat,</span> <span class='ocrx_word' id='word_1_250' title='bbox 462 2518 497 2552; x_wconf 88' lang='lat' dir='ltr'>id</span> <span class='ocrx_word' id='word_1_251' title='bbox 512 2518 630 2553; x_wconf 83' lang='lat' dir='ltr'>callide</span> <span class='ocrx_word' id='word_1_252' title='bbox 642 2519 744 2553; x_wconf 86' lang='lat' dir='ltr'>vertit</span> <span class='ocrx_word' id='word_1_253' title='bbox 759 2519 796 2553; x_wconf 87' lang='lat' dir='ltr'>in</span> <span class='ocrx_word' id='word_1_254' title='bbox 810 2518 950 2553; x_wconf 88' lang='lat' dir='ltr'>laudem</span> 
     </span>
     <span class='ocr_line' id='line_1_41' title="bbox 279 2569 948 2616; baseline 0.001 -13"><span class='ocrx_word' id='word_1_255' title='bbox 279 2569 384 2613; x_wconf 87' lang='lat' dir='ltr'>patris</span> <span class='ocrx_word' id='word_1_256' title='bbox 404 2570 467 2605; x_wconf 86' lang='lat' dir='ltr'>sui.</span> <span class='ocrx_word' id='word_1_257' title='bbox 488 2569 556 2605; x_wconf 87' lang='lat' dir='ltr'>Sed</span> <span class='ocrx_word' id='word_1_258' title='bbox 575 2571 759 2613; x_wconf 80' lang='lat' dir='ltr'>mentitur,</span> <span class='ocrx_word' id='word_1_259' title='bbox 787 2583 895 2616; x_wconf 88' lang='lat' dir='ltr'>quum</span> <span class='ocrx_word' id='word_1_260' title='bbox 913 2583 948 2604; x_wconf 90' lang='lat' dir='ltr'>se</span> 
     </span>
     <span class='ocr_line' id='line_1_42' title="bbox 275 2621 951 2657; baseline 0.003 -3"><span class='ocrx_word' id='word_1_261' title='bbox 275 2627 380 2655; x_wconf 79' lang='lat' dir='ltr'>matre</span> <span class='ocrx_word' id='word_1_262' title='bbox 401 2623 479 2656; x_wconf 78' lang='lat' dir='ltr'>Dea</span> <span class='ocrx_word' id='word_1_263' title='bbox 501 2621 635 2656; x_wconf 85' lang='lat' dir='ltr'>editum</span> <span class='ocrx_word' id='word_1_264' title='bbox 656 2622 747 2657; x_wconf 85' lang='lat' dir='ltr'>dicit.</span> <span class='ocrx_word' id='word_1_265' title='bbox 766 2641 809 2648; x_wconf 91' lang='lat'>—</span> <span class='ocrx_word' id='word_1_266' title='bbox 824 2623 951 2656; x_wconf 80' lang='lat' dir='ltr'>Elt&#39;dile</span> 
     </span>
     <span class='ocr_line' id='line_1_43' title="bbox 278 2673 938 2720; baseline 0 -13"><span class='ocrx_word' id='word_1_267' title='bbox 278 2680 398 2718; x_wconf 82' lang='lat' dir='ltr'>aptum</span> <span class='ocrx_word' id='word_1_268' title='bbox 413 2673 493 2708; x_wconf 86' lang='lat' dir='ltr'>huie</span> <span class='ocrx_word' id='word_1_269' title='bbox 509 2674 631 2709; x_wconf 87' lang='lat' dir='ltr'>mortis</span> <span class='ocrx_word' id='word_1_270' title='bbox 648 2674 768 2720; x_wconf 88' lang='lat' dir='ltr'>generi</span> <span class='ocrx_word' id='word_1_271' title='bbox 782 2673 938 2708; x_wconf 83' lang='lat' dir='ltr'>verbum.</span> 
     </span>
    </p>

    <p class='ocr_par' dir='ltr' id='par_1_16' title="bbox 316 2725 949 2770">
     <span class='ocr_line' id='line_1_44' title="bbox 316 2725 949 2770; baseline 0.003 -12"><span class='ocrx_word' id='word_1_272' title='bbox 316 2725 389 2770; x_wconf 87' lang='lat'><strong>507.</strong></span> <span class='ocrx_word' id='word_1_273' title='bbox 400 2725 502 2767; x_wconf 72' lang='lat' dir='ltr'><em>Saxa,</em></span> <span class='ocrx_word' id='word_1_274' title='bbox 514 2728 686 2770; x_wconf 78' lang='lat' dir='ltr'>trabesque</span> <span class='ocrx_word' id='word_1_275' title='bbox 694 2737 803 2769; x_wconf 84' lang='lat' dir='ltr'>super,·</span> <span class='ocrx_word' id='word_1_276' title='bbox 815 2725 884 2770; x_wconf 79' lang='lat' dir='ltr'>jam</span> <span class='ocrx_word' id='word_1_277' title='bbox 897 2726 949 2760; x_wconf 91' lang='lat' dir='ltr'>co-</span> 
     </span>
    </p>
   </div>
   <div class='ocr_carea' id='block_1_11' title="bbox 1014 1427 1716 2771">
    <p class='ocr_par' dir='ltr' id='par_1_17' title="bbox 1015 1427 1692 2137">
     <span class='ocr_line' id='line_1_45' title="bbox 1017 1427 1686 1473; baseline -0.001 -11"><span class='ocrx_word' id='word_1_278' title='bbox 1017 1429 1109 1473; x_wconf 87' lang='lat' dir='ltr'>piose</span> <span class='ocrx_word' id='word_1_279' title='bbox 1122 1435 1156 1462; x_wconf 89' lang='lat' dir='ltr'>et</span> <span class='ocrx_word' id='word_1_280' title='bbox 1170 1442 1233 1463; x_wconf 91' lang='lat' dir='ltr'>suo</span> <span class='ocrx_word' id='word_1_281' title='bbox 1249 1441 1346 1463; x_wconf 89' lang='lat' dir='ltr'>more</span> <span class='ocrx_word' id='word_1_282' title='bbox 1363 1440 1531 1463; x_wconf 84' lang='lat' dir='ltr'>exornare</span> <span class='ocrx_word' id='word_1_283' title='bbox 1548 1427 1686 1473; x_wconf 83' lang='lat' dir='ltr'>incipit,</span> 
     </span>
     <span class='ocr_line' id='line_1_46' title="bbox 1016 1478 1690 1524; baseline 0 -12"><span class='ocrx_word' id='word_1_284' title='bbox 1016 1479 1108 1523; x_wconf 90' lang='lat' dir='ltr'>quod</span> <span class='ocrx_word' id='word_1_285' title='bbox 1125 1480 1307 1524; x_wconf 82' lang='lat' dir='ltr'>scriptores</span> <span class='ocrx_word' id='word_1_286' title='bbox 1323 1479 1365 1514; x_wconf 88' lang='lat' dir='ltr'>ad</span> <span class='ocrx_word' id='word_1_287' title='bbox 1378 1492 1465 1514; x_wconf 85' lang='lat' dir='ltr'>vers.</span> <span class='ocrx_word' id='word_1_288' title='bbox 1485 1479 1546 1523; x_wconf 78' lang='lat'>146</span> <span class='ocrx_word' id='word_1_289' title='bbox 1561 1478 1690 1513; x_wconf 83' lang='lat' dir='ltr'>laudati</span> 
     </span>
     <span class='ocr_line' id='line_1_47' title="bbox 1016 1529 1688 1576; baseline -0.001 -12"><span class='ocrx_word' id='word_1_290' title='bbox 1016 1530 1167 1564; x_wconf 85' lang='lat' dir='ltr'>breviter</span> <span class='ocrx_word' id='word_1_291' title='bbox 1182 1530 1343 1573; x_wconf 84' lang='lat' dir='ltr'>tradunt,</span> <span class='ocrx_word' id='word_1_292' title='bbox 1360 1530 1530 1576; x_wconf 86' lang='lat' dir='ltr'>congestis</span> <span class='ocrx_word' id='word_1_293' title='bbox 1547 1529 1688 1564; x_wconf 84' lang='lat' dir='ltr'>arbori-</span> 
     </span>
     <span class='ocr_line' id='line_1_48' title="bbox 1015 1580 1686 1622; baseline 0 -7"><span class='ocrx_word' id='word_1_294' title='bbox 1015 1582 1079 1615; x_wconf 89' lang='lat' dir='ltr'>bus</span> <span class='ocrx_word' id='word_1_295' title='bbox 1095 1581 1318 1615; x_wconf 74' lang='lat' dir='ltr'>interiectum</span> <span class='ocrx_word' id='word_1_296' title='bbox 1333 1580 1522 1615; x_wconf 82' lang='lat' dir='ltr'>Caenea.—</span> <span class='ocrx_word' id='word_1_297' title='bbox 1533 1582 1686 1622; x_wconf 69' lang='lat' dir='ltr'>Canens,</span> 
     </span>
     <span class='ocr_line' id='line_1_49' title="bbox 1016 1631 1688 1678; baseline 0.003 -12"><span class='ocrx_word' id='word_1_298' title='bbox 1016 1633 1129 1677; x_wconf 86' lang='lat' dir='ltr'>inquit</span> <span class='ocrx_word' id='word_1_299' title='bbox 1154 1632 1368 1678; x_wconf 85' lang='lat' dir='ltr'>Palaephatus</span> <span class='ocrx_word' id='word_1_300' title='bbox 1385 1656 1395 1675; x_wconf 89' lang='lat'>,</span> <span class='ocrx_word' id='word_1_301' title='bbox 1420 1639 1495 1666; x_wconf 89' lang='lat' dir='ltr'>erat</span> <span class='ocrx_word' id='word_1_302' title='bbox 1520 1632 1572 1666; x_wconf 86' lang='lat' dir='ltr'>vir</span> <span class='ocrx_word' id='word_1_303' title='bbox 1597 1631 1688 1668; x_wconf 86' lang='lat' dir='ltr'>bello</span> 
     </span>
     <span class='ocr_line' id='line_1_50' title="bbox 1015 1683 1689 1729; baseline -0.004 -9"><span class='ocrx_word' id='word_1_304' title='bbox 1015 1692 1176 1720; x_wconf 83' lang='lat' dir='ltr'>strenuus</span> <span class='ocrx_word' id='word_1_305' title='bbox 1196 1691 1230 1719; x_wconf 86' lang='lat' dir='ltr'>et</span> <span class='ocrx_word' id='word_1_306' title='bbox 1247 1694 1370 1729; x_wconf 81' lang='lat' dir='ltr'>pugnae</span> <span class='ocrx_word' id='word_1_307' title='bbox 1385 1684 1515 1718; x_wconf 82' lang='lat' dir='ltr'>sciens:</span> <span class='ocrx_word' id='word_1_308' title='bbox 1533 1683 1560 1718; x_wconf 90' lang='lat' dir='ltr'>is</span> <span class='ocrx_word' id='word_1_309' title='bbox 1580 1695 1689 1729; x_wconf 89' lang='lat' dir='ltr'>quum</span> 
     </span>
     <span class='ocr_line' id='line_1_51' title="bbox 1016 1735 1690 1780; baseline -0.003 -10"><span class='ocrx_word' id='word_1_310' title='bbox 1016 1736 1054 1770; x_wconf 82' lang='lat' dir='ltr'>in</span> <span class='ocrx_word' id='word_1_311' title='bbox 1080 1736 1196 1770; x_wconf 85' lang='lat' dir='ltr'>multis</span> <span class='ocrx_word' id='word_1_312' title='bbox 1220 1736 1388 1780; x_wconf 82' lang='lat' dir='ltr'>variisque</span> <span class='ocrx_word' id='word_1_313' title='bbox 1414 1735 1511 1769; x_wconf 81' lang='lat' dir='ltr'>bellis</span> <span class='ocrx_word' id='word_1_314' title='bbox 1536 1740 1690 1770; x_wconf 81' lang='lat' dir='ltr'>versatus</span> 
     </span>
     <span class='ocr_line' id='line_1_52' title="bbox 1015 1787 1688 1832; baseline 0 -11"><span class='ocrx_word' id='word_1_315' title='bbox 1015 1787 1152 1832; x_wconf 83' lang='lat' dir='ltr'>suisset,</span> <span class='ocrx_word' id='word_1_316' title='bbox 1170 1800 1285 1832; x_wconf 84' lang='lat' dir='ltr'>neque</span> <span class='ocrx_word' id='word_1_317' title='bbox 1303 1787 1501 1822; x_wconf 86' lang='lat' dir='ltr'>vulneratus</span> <span class='ocrx_word' id='word_1_318' title='bbox 1513 1799 1688 1832; x_wconf 84' lang='lat' dir='ltr'>unquam,</span> 
     </span>
     <span class='ocr_line' id='line_1_53' title="bbox 1017 1839 1691 1885; baseline -0.001 -11"><span class='ocrx_word' id='word_1_319' title='bbox 1017 1852 1098 1874; x_wconf 80' lang='lat' dir='ltr'>cum</span> <span class='ocrx_word' id='word_1_320' title='bbox 1110 1839 1262 1885; x_wconf 87' lang='lat' dir='ltr'>Lapithis</span> <span class='ocrx_word' id='word_1_321' title='bbox 1276 1839 1460 1884; x_wconf 84' lang='lat' dir='ltr'>aliquando</span> <span class='ocrx_word' id='word_1_322' title='bbox 1474 1852 1652 1885; x_wconf 83' lang='lat' dir='ltr'>pugnans,</span> <span class='ocrx_word' id='word_1_323' title='bbox 1670 1851 1691 1873; x_wconf 80' lang='lat' dir='ltr'>a</span> 
     </span>
     <span class='ocr_line' id='line_1_54' title="bbox 1021 1892 1692 1938; baseline 0.001 -12"><span class='ocrx_word' id='word_1_324' title='bbox 1021 1892 1207 1927; x_wconf 86' lang='lat' dir='ltr'>Centauris</span> <span class='ocrx_word' id='word_1_325' title='bbox 1215 1893 1426 1938; x_wconf 84' lang='lat' dir='ltr'>interceptus</span> <span class='ocrx_word' id='word_1_326' title='bbox 1435 1919 1444 1936; x_wconf 91' lang='lat'>,</span> <span class='ocrx_word' id='word_1_327' title='bbox 1453 1893 1592 1927; x_wconf 89' lang='lat' dir='ltr'>illorum</span> <span class='ocrx_word' id='word_1_328' title='bbox 1604 1893 1692 1927; x_wconf 88' lang='lat' dir='ltr'>mul-</span> 
     </span>
     <span class='ocr_line' id='line_1_55' title="bbox 1017 1945 1690 1991; baseline -0.001 -11"><span class='ocrx_word' id='word_1_329' title='bbox 1017 1946 1166 1980; x_wconf 85' lang='lat' dir='ltr'>titudine</span> <span class='ocrx_word' id='word_1_330' title='bbox 1185 1946 1329 1980; x_wconf 87' lang='lat' dir='ltr'>obrutus</span> <span class='ocrx_word' id='word_1_331' title='bbox 1351 1951 1426 1979; x_wconf 87' lang='lat' dir='ltr'>est:</span> <span class='ocrx_word' id='word_1_332' title='bbox 1447 1945 1544 1989; x_wconf 77' lang='lat' dir='ltr'>cujus</span> <span class='ocrx_word' id='word_1_333' title='bbox 1566 1957 1690 1991; x_wconf 80' lang='lat' dir='ltr'>corpus</span> 
     </span>
     <span class='ocr_line' id='line_1_56' title="bbox 1017 1998 1691 2034; baseline -0.003 0"><span class='ocrx_word' id='word_1_334' title='bbox 1017 2000 1076 2034; x_wconf 91' lang='lat' dir='ltr'>ubi</span> <span class='ocrx_word' id='word_1_335' title='bbox 1088 1999 1184 2034; x_wconf 85' lang='lat' dir='ltr'>nullo</span> <span class='ocrx_word' id='word_1_336' title='bbox 1195 1999 1339 2033; x_wconf 89' lang='lat' dir='ltr'>vulnere</span> <span class='ocrx_word' id='word_1_337' title='bbox 1354 1998 1550 2033; x_wconf 77' lang='lat' dir='ltr'>confossum</span> <span class='ocrx_word' id='word_1_338' title='bbox 1565 1998 1691 2033; x_wconf 80' lang='lat' dir='ltr'>adver-</span> 
     </span>
     <span class='ocr_line' id='line_1_57' title="bbox 1018 2050 1690 2093; baseline 0 -9"><span class='ocrx_word' id='word_1_339' title='bbox 1018 2051 1138 2085; x_wconf 82' lang='lat' dir='ltr'>tissent</span> <span class='ocrx_word' id='word_1_340' title='bbox 1158 2050 1346 2093; x_wconf 81' lang='lat' dir='ltr'>Centauri,</span> <span class='ocrx_word' id='word_1_341' title='bbox 1366 2050 1408 2084; x_wconf 88' lang='lat' dir='ltr'>ab</span> <span class='ocrx_word' id='word_1_342' title='bbox 1423 2050 1463 2084; x_wconf 86' lang='lat' dir='ltr'>iis</span> <span class='ocrx_word' id='word_1_343' title='bbox 1483 2050 1690 2085; x_wconf 81' lang='lat' dir='ltr'>invulnera—</span> 
     </span>
     <span class='ocr_line' id='line_1_58' title="bbox 1016 2102 1472 2137; baseline -0.002 -1"><span class='ocrx_word' id='word_1_344' title='bbox 1016 2102 1091 2136; x_wconf 83' lang='lat' dir='ltr'>bilis</span> <span class='ocrx_word' id='word_1_345' title='bbox 1107 2108 1157 2137; x_wconf 88' lang='lat' dir='ltr'>est</span> <span class='ocrx_word' id='word_1_346' title='bbox 1172 2102 1392 2136; x_wconf 80' lang='lat' dir='ltr'>existimatus.</span> <span class='ocrx_word' id='word_1_347' title='bbox 1406 2103 1472 2135; x_wconf 81' lang='lat' dir='ltr'>Ed.</span> 
     </span>
    </p>

    <p class='ocr_par' dir='ltr' id='par_1_18' title="bbox 1014 2151 1716 2771">
     <span class='ocr_line' id='line_1_59' title="bbox 1050 2151 1690 2198; baseline -0.003 -9"><span class='ocrx_word' id='word_1_348' title='bbox 1050 2158 1069 2189; x_wconf 87' lang='lat'>5</span> <span class='ocrx_word' id='word_1_349' title='bbox 1077 2168 1087 2188; x_wconf 85' lang='lat'>1</span> <span class='ocrx_word' id='word_1_350' title='bbox 1093 2166 1125 2187; x_wconf 90' lang='lat' dir='ltr'>o.</span> <span class='ocrx_word' id='word_1_351' title='bbox 1132 2155 1269 2195; x_wconf 49' lang='lat' dir='ltr'>Insunt}</span> <span class='ocrx_word' id='word_1_352' title='bbox 1278 2153 1418 2198; x_wconf 89' lang='lat' dir='ltr'>plurimi</span> <span class='ocrx_word' id='word_1_353' title='bbox 1426 2156 1578 2195; x_wconf 78' lang='lat' dir='ltr'>insanis,-</span> <span class='ocrx_word' id='word_1_354' title='bbox 1588 2151 1690 2189; x_wconf 87' lang='lat' dir='ltr'>multi</span> 
     </span>
     <span class='ocr_line' id='line_1_60' title="bbox 1015 2200 1688 2250; baseline -0.001 -11"><span class='ocrx_word' id='word_1_355' title='bbox 1015 2205 1190 2250; x_wconf 65' lang='lat' dir='ltr'>dtis-jectam</span> <span class='ocrx_word' id='word_1_356' title='bbox 1199 2232 1209 2247; x_wconf 89' lang='lat'>,</span> <span class='ocrx_word' id='word_1_357' title='bbox 1228 2218 1291 2250; x_wconf 89' lang='lat' dir='ltr'>pro</span> <span class='ocrx_word' id='word_1_358' title='bbox 1302 2200 1618 2250; x_wconf 69' lang='lat' dir='ltr'>dejectam—Regii</span> <span class='ocrx_word' id='word_1_359' title='bbox 1632 2217 1688 2239; x_wconf 93' lang='lat' dir='ltr'>co-</span> 
     </span>
     <span class='ocr_line' id='line_1_61' title="bbox 1016 2257 1690 2302; baseline 0 -10"><span class='ocrx_word' id='word_1_360' title='bbox 1016 2257 1107 2292; x_wconf 88' lang='lat' dir='ltr'>dices</span> <span class='ocrx_word' id='word_1_361' title='bbox 1117 2262 1248 2292; x_wconf 77' lang='lat' dir='ltr'>iasam&#39;s</span> <span class='ocrx_word' id='word_1_362' title='bbox 1258 2259 1690 2302; x_wconf 66' lang='lat' dir='ltr'>dejectam—Exemplum-</span> 
     </span>
     <span class='ocr_line' id='line_1_62' title="bbox 1015 2308 1687 2356; baseline -0.001 -12"><span class='ocrx_word' id='word_1_363' title='bbox 1015 2310 1167 2354; x_wconf 78' lang='lat' dir='ltr'>quesut‘t‚·</span> <span class='ocrx_word' id='word_1_364' title='bbox 1179 2323 1270 2344; x_wconf 87' lang='lat' dir='ltr'>unus</span> <span class='ocrx_word' id='word_1_365' title='bbox 1278 2309 1456 2345; x_wconf 84' lang='lat' dir='ltr'>Mediceus</span> <span class='ocrx_word' id='word_1_366' title='bbox 1466 2309 1618 2356; x_wconf 76' lang='lat' dir='ltr'>melioris</span> <span class='ocrx_word' id='word_1_367' title='bbox 1627 2308 1687 2343; x_wconf 72' lang='lat' dir='ltr'>no&#39;-</span> 
     </span>
     <span class='ocr_line' id='line_1_63' title="bbox 1015 2359 1683 2407; baseline -0.001 -12"><span class='ocrx_word' id='word_1_368' title='bbox 1015 2368 1059 2396; x_wconf 76' lang='lat' dir='ltr'>1ae</span> <span class='ocrx_word' id='word_1_369' title='bbox 1074 2359 1368 2407; x_wconf 74' lang='lat' dir='ltr'>exemploquesuil.</span> <span class='ocrx_word' id='word_1_370' title='bbox 1388 2362 1584 2405; x_wconf 74' lang='lat' dir='ltr'>Exemplum</span> <span class='ocrx_word' id='word_1_371' title='bbox 1592 2360 1683 2404; x_wconf 73' lang='lat' dir='ltr'>fidi,</span> 
     </span>
     <span class='ocr_line' id='line_1_64' title="bbox 1015 2413 1686 2459; baseline 0 -12"><span class='ocrx_word' id='word_1_372' title='bbox 1015 2413 1172 2458; x_wconf 89' lang='lat' dir='ltr'>exemplo</span> <span class='ocrx_word' id='word_1_373' title='bbox 1188 2426 1250 2448; x_wconf 89' lang='lat' dir='ltr'>suo</span> <span class='ocrx_word' id='word_1_374' title='bbox 1266 2413 1397 2459; x_wconf 82' lang='lat' dir='ltr'>praeivit</span> <span class='ocrx_word' id='word_1_375' title='bbox 1410 2413 1686 2447; x_wconf 85' lang='lat' dir='ltr'>caeteris.-—Mox</span> 
     </span>
     <span class='ocr_line' id='line_1_65' title="bbox 1014 2464 1716 2511; baseline 0 -12"><span class='ocrx_word' id='word_1_376' title='bbox 1014 2464 1222 2510; x_wconf 87' lang='lat' dir='ltr'>loquiturita</span> <span class='ocrx_word' id='word_1_377' title='bbox 1235 2491 1243 2506; x_wconf 83' lang='lat'>‚</span> <span class='ocrx_word' id='word_1_378' title='bbox 1265 2472 1442 2509; x_wconf 86' lang='lat' dir='ltr'>tamquam</span> <span class='ocrx_word' id='word_1_379' title='bbox 1458 2471 1493 2499; x_wconf 88' lang='lat' dir='ltr'>et</span> <span class='ocrx_word' id='word_1_380' title='bbox 1512 2466 1636 2511; x_wconf 81' lang='lat' dir='ltr'>Othrys</span> <span class='ocrx_word' id='word_1_381' title='bbox 1651 2471 1687 2499; x_wconf 83' lang='lat' dir='ltr'>et</span> <span class='ocrx_word' id='word_1_382' title='bbox 1714 2489 1716 2491; x_wconf 65' lang='grc'><em>»</em></span> 
     </span>
     <span class='ocr_line' id='line_1_66' title="bbox 1014 2516 1686 2562; baseline 0.001 -12"><span class='ocrx_word' id='word_1_383' title='bbox 1014 2518 1131 2550; x_wconf 74' lang='lat' dir='ltr'>Pelion</span> <span class='ocrx_word' id='word_1_384' title='bbox 1150 2516 1296 2562; x_wconf 88' lang='lat' dir='ltr'>proximi</span> <span class='ocrx_word' id='word_1_385' title='bbox 1313 2516 1443 2550; x_wconf 85' lang='lat' dir='ltr'>suerint</span> <span class='ocrx_word' id='word_1_386' title='bbox 1459 2516 1607 2551; x_wconf 87' lang='lat' dir='ltr'>Pirithoi</span> <span class='ocrx_word' id='word_1_387' title='bbox 1622 2530 1686 2551; x_wconf 87' lang='lat' dir='ltr'>re—</span> 
     </span>
     <span class='ocr_line' id='line_1_67' title="bbox 1015 2566 1686 2613; baseline -0.001 -11"><span class='ocrx_word' id='word_1_388' title='bbox 1015 2568 1402 2613; x_wconf 76' lang='lat' dir='ltr'>giae.·—Nudusarbor1&#39;.5,</span> <span class='ocrx_word' id='word_1_389' title='bbox 1420 2566 1535 2602; x_wconf 87' lang='lat' dir='ltr'>nudus</span> <span class='ocrx_word' id='word_1_390' title='bbox 1551 2567 1686 2602; x_wconf 83' lang='lat' dir='ltr'>arbori-</span> 
     </span>
     <span class='ocr_line' id='line_1_68' title="bbox 1014 2618 1682 2663; baseline 0 -10"><span class='ocrx_word' id='word_1_391' title='bbox 1014 2619 1240 2655; x_wconf 68' lang='lat' dir='ltr'>bus.—Paru0</span> <span class='ocrx_word' id='word_1_392' title='bbox 1254 2623 1290 2654; x_wconf 82' lang='lat' dir='ltr'>in</span> <span class='ocrx_word' id='word_1_393' title='bbox 1304 2626 1444 2663; x_wconf 83' lang='lat' dir='ltr'>tempore</span> <span class='ocrx_word' id='word_1_394' title='bbox 1458 2618 1536 2653; x_wconf 81' lang='lat' dir='ltr'>vide</span> <span class='ocrx_word' id='word_1_395' title='bbox 1551 2618 1594 2653; x_wconf 83' lang='lat' dir='ltr'>ad</span> <span class='ocrx_word' id='word_1_396' title='bbox 1609 2619 1662 2653; x_wconf 92' lang='lat' dir='ltr'>XI</span> <span class='ocrx_word' id='word_1_397' title='bbox 1672 2644 1682 2662; x_wconf 95' lang='lat'><strong>‚</strong></span> 
     </span>
     <span class='ocr_line' id='line_1_69' title="bbox 1014 2670 1685 2717; baseline 0 -13"><span class='ocrx_word' id='word_1_398' title='bbox 1014 2671 1116 2717; x_wconf 80' lang='lat'><strong>39.-—</strong></span> <span class='ocrx_word' id='word_1_399' title='bbox 1131 2672 1272 2706; x_wconf 83' lang='lat' dir='ltr'>Umbras</span> <span class='ocrx_word' id='word_1_400' title='bbox 1290 2683 1353 2717; x_wconf 90' lang='lat' dir='ltr'>pro</span> <span class='ocrx_word' id='word_1_401' title='bbox 1367 2697 1376 2716; x_wconf 95' lang='lat'>,</span> <span class='ocrx_word' id='word_1_402' title='bbox 1395 2671 1533 2706; x_wconf 88' lang='lat' dir='ltr'>arbores</span> <span class='ocrx_word' id='word_1_403' title='bbox 1544 2696 1554 2715; x_wconf 93' lang='lat'>,</span> <span class='ocrx_word' id='word_1_404' title='bbox 1571 2677 1610 2706; x_wconf 86' lang='lat' dir='ltr'>ut</span> <span class='ocrx_word' id='word_1_405' title='bbox 1630 2670 1662 2704; x_wconf 90' lang='lat' dir='ltr'>X</span> <span class='ocrx_word' id='word_1_406' title='bbox 1673 2693 1685 2713; x_wconf 77' lang='lat'>,</span> 
     </span>
     <span class='ocr_line' id='line_1_70' title="bbox 1014 2726 1176 2771; baseline -0.006 -12"><span class='ocrx_word' id='word_1_407' title='bbox 1014 2726 1057 2759; x_wconf 86' lang='lat'>88</span> <span class='ocrx_word' id='word_1_408' title='bbox 1074 2732 1110 2760; x_wconf 83' lang='lat' dir='ltr'>et</span> <span class='ocrx_word' id='word_1_409' title='bbox 1124 2737 1176 2771; x_wconf 85' lang='lat'>90.</span> 
     </span>
    </p>
   </div>
  </div>
 </body>
</html>
