1820 3106
310 249 394 292 256

681 253 731 295 P.
771 254 1004 299 OVIDII
1030 254 1327 302 NASONIS

306 342 607 409 Mentitusque
628 344 742 407 fugae
763 364 935 395 causam
950 384 962 405 ‚
985 348 1100 414 petit
1115 348 1225 396 urbe
1239 386 1251 407 ,
1274 349 1342 397 vel
1363 368 1467 412 agro

306 420 360 466 Se
377 420 496 484 juvet
514 439 524 468 ε
544 420 661 469 hunc
686 433 838 470 contra
859 422 1030 489 placido
1049 425 1310 475 Trachinius
1332 446 1407 475 ore

303 496 485 546 Talibus
509 497 761 564 adloquitur
781 519 790 546 :
817 521 840 542 «
860 501 1016 549 Mediae
1039 521 1215 569 quoque
1237 504 1464 552 commoda
1483 503 1603 570 plebi

311 595 334 615 «
359 575 523 622 Nostra
544 586 719 640 patent,
745 575 902 634 Peleu3
925 596 1004 625 nec
1026 578 1251 645 inhospita
1269 599 1400 642 regna
1422 592 1627 629 tenemus.

311 673 334 693 »
359 652 526 716 Adjicis
549 652 653 700 huic
679 652 822 700 animo
846 666 1065 702 momenta
1089 657 1313 721 potentia,
1339 656 1502 704 clarum

1646 669 1711 705 285

312 751 332 770 »
358 731 552 787 Nomen,
571 748 782 795 avumque
799 731 828 777 J
832 749 954 778 ovem
976 749 986 777 :
1007 750 1087 778 nec
1110 742 1307 797 tempora
1319 733 1451 798 perde
1469 732 1709 798 precando;

311 828 334 847 »
362 805 500 869 Quod
522 805 636 871 petis
651 843 661 862 ‚
687 824 815 853 omne
837 805 971 862 feres;
996 818 1159 873 tuaque
1180 808 1270 856 haec
1293 827 1375 874 pro
1400 800 1523 875 parte
1545 809 1710 867 videto,

311 904 334 923 »
362 880 707 946 Qualiacumque
731 880 851 929 vides
871 903 879 929 :
902 882 1068 929 utinam
1093 883 1273 932 meliora
1295 884 1486 933 videres!
1514 907 1536 927 »

307 959 368 1005 Et
391 957 524 1005 flebat
542 977 551 1005 :
572 969 741 1004 moveat
767 977 860 1022 quae
883 970 1028 1006 tantos
1050 978 1175 1008 causa
1199 959 1399 1018 dolores,

308 1033 550 1098 Peleusque
576 1033 840 1098 comitesque
863 1045 1046 1095 rogant3
1073 1035 1234 1100 quibus
1258 1034 1330 1083 ille
1352 1035 1572 1101 profatur:

1652 1061 1716 1097 290

314 1131 336 1152 «
361 1109 565 1157 Forsitan
587 1109 698 1158 hanc
717 1109 961 1168 volucrem,
985 1122 1112 1177 rapto
1137 1130 1232 1177 quae
1253 1111 1384 1170 vivit,
1408 1124 1451 1161 et
1474 1131 1623 1161 omnes

351 1239 424 1273 281.
436 1239 544 1281 Fuga,
553 1237 863 1281 exsilii.-Sejuoet.
876 1238 980 1272 Unus

308 1290 511 1325 Basileensis
525 1290 566 1322 Se
578 1292 687 1332 recipi.
701 1309 745 1315 —
756 1289 855 1334 Regii
871 1291 980 1324 nostri

308 1344 497 1387 Sejuvet.—
503 1343 590 1377 Urbe
598 1345 653 1376 vel
655 1349 734 1386 agro
735 1343 842 1386 juvet,
856 1343 979 1377 urbem

308 1395 361 1429 vel
372 1406 493 1439 agrum
503 1393 566 1427 sibi
583 1393 745 1438 assignet,
761 1393 818 1427 ubi
831 1406 910 1428 cum
924 1406 981 1427 ar-

309 1447 437 1482 mentis
452 1447 520 1481 suis
535 1446 676 1493 habitet.
693 1445 839 1479 Heroid.
850 1447 903 1488 11,
919 1449 958 1481 55
968 1472 977 1490 ‚

315 1501 361 1533 Te
363 1500 445 1543 juvi
445 1505 604 1543 portuque
615 1500 759 1541 locoque.
771 1497 823 1531 Ibi
831 1497 902 1531 loca
912 1497 980 1531 lau·

309 1552 392 1586 dant
403 1552 444 1586 In
449 1556 615 1595 terpretes
624 1576 633 1593 ,
646 1550 683 1583 in
693 1549 816 1594 quibus
824 1551 977 1593 hospitio,

306 1611 410 1644 tecto,
431 1606 561 1643 lt'miae,
579 1604 670 1642 cibo,
689 1613 750 1645 ope
757 1600 879 1645 juvare
894 1601 982 1635 alte-

310 1670 390 1692 rum
408 1655 543 1690 dicitur.

352 1707 425 1742 283.
435 1707 557 1740 Meam
570 1706 740 1739 commoda
747 1706 847 1748 plebi.
862 1703 982 1748 Quin-

308 1772 374 1804 que
386 1784 395 1802 ,
412 1758 447 1791 in
466 1756 588 1801 quibus
603 1755 697 1800 prior
713 1755 845 1789 Moreti
859 1758 981 1788 maem'a

301 1810 546 1856 plebe·.Gudius
553 1808 594 1844 ad
607 1808 794 1843 Phaedrum
807 1834 815 1850 ,
830 1808 883 1842 ΙΙΙ
895 1833 904 1850 ,
921 1820 960 1853 ¹9
970 1833 979 1849 ,

307 1879 347 1900 ex
363 1864 459 1899 MSS
476 1861 608 1908 profert
623 1863 731 1895 medio
743 1872 868 1905 quoque
882 1872 981 1894 com—

307 1918 406 1950 moda
415 1916 545 1957 Phoebi,
556 1920 590 1947 et
607 1912 677 1957 ipse
686 1911 907 1957 legitPhaebo,
923 1909 982 1944 ab·

307 1968 410 2002 surde
424 1993 433 2011 ,
449 1966 564 2012 judice
576 1966 843 2000 Burmann0.--
853 1962 981 2007 Regius

310 2019 431 2054 Codex
441 2018 474 2052 A
486 2017 572 2052 nihil
583 2023 697 2051 mutat
710 2029 718 2058 ;
738 2014 858 2050 Codex
868 2015 911 2057 B,
924 2027 982 2048 er-

307 2085 386 2106 rore
399 2070 581 2105 manifesto
591 2095 600 2113 ,
616 2076 651 2104 et
665 2069 754 2103 mala
766 2067 904 2102 alterius
912 2066 983 2100 lec-

309 2124 410 2158 tionis
423 2122 592 2156 memoria
605 2147 614 2164 ,
631 2122 746 2154 media·
756 2131 880 2164 quoque
891 2131 983 2152 com-

308 2177 407 2210 moda
421 2175 548 2208 Phoebt.
567 2171 648 2207 Sola
669 2170 807 2205 Codicis
824 2169 857 2204 A
871 2195 880 2213 ,
906 2183 982 2214 quae

308 2234 359 2261 est
376 2226 509 2271 vulgata
526 2224 626 2258 lectio
637 2249 646 2266 ,
668 2222 818 2267 genuina
834 2234 906 2256 esse
923 2221 982 2254 vi-

308 2278 421 2313 detur.
437 2277 602 2311 Ed.—De
616 2276 725 2308 media
732 2275 829 2317 plebe
846 2272 921 2308 vide
939 2271 983 2306 ad

309 2330 362 2364 IX
376 2355 385 2372 ,
404 2329 477 2363 360.
487 2346 529 2353 -
540 2327 720 2362 Commoda
732 2331 844 2358 nostra
854 2351 862 2364 ‚
882 2336 980 2358 com-

308 2381 413 2415 moda
429 2406 439 2424 ‚
464 2392 540 2425 quae
565 2378 655 2424 leges
677 2376 791 2422 largiri
812 2382 956 2421 possunt
971 2402 980 2419 ,

308 2433 474 2469 habitatio
486 2433 523 2466 in
537 2431 622 2465 urbe
640 2429 789 2475 agrisve,
803 2428 908 2462 tutela
919 2435 982 2463 etc.

312 2484 481 2520 Similiter
497 2483 529 2518 h.
546 2495 577 2517 v.
595 2483 630 2515 in
654 2494 692 2516 re
714 2479 855 2514 militari
871 2493 879 2520 3
906 2478 982 2512 Art.

308 2535 425 2570 Amat.
443 2535 459 2568 I
471 2561 480 2575 ,
501 2535 572 2567 131.
583 2551 626 2560 ·-
638 2534 769 2571 Pateat,
794 2543 869 2576 quae
884 2529 981 2565 facile

307 2587 542 2631 impetrantur
551 2598 569 2618 a
577 2583 691 2617 media
701 2582 814 2627 plebe,
824 2581 895 2615 imo
904 2594 922 2615 a
932 2594 983 2615 re-

309 2639 370 2683 giis
379 2638 470 2679 viris;
480 2649 630 2682 quorum
636 2635 734 2680 copia
744 2634 848 2668 facilis
860 2641 910 2669 est
920 2647 928 2667 ι
937 2634 983 2669 sic

308 2689 471 2724 mulieres
491 2695 612 2733 patent
634 2687 715 2722 viris
735 2713 744 2730 ‚
772 2687 866 2720 locus
888 2691 986 2729 patet

308 2741 621 2787 proficiscentibus,
641 2739 700 2773 Dii
707 2745 827 2782 pateat
836 2749 983 2782 precan-

1045 1239 1136 1274 tibus
1148 1266 1158 1282 ,
1178 1239 1285 1285 gloria
1296 1247 1395 1284 patet
1409 1241 1489 1275 viris
1506 1240 1661 1276 sortibus.
1673 1260 1717 1268 ·—

1044 1292 1218 1335 Inhospita
1224 1305 1334 1335 regna.
1343 1292 1431 1327 Tres
1439 1294 1606 1336 inhospita
1614 1299 1716 1336 lecta,·

1044 1350 1083 1378 ut
1094 1356 1182 1389 saepe
1194 1343 1328 1378 alibi.—-
1335 1344 1435 1390 Regii
1445 1345 1554 1380 nostri
1564 1358 1674 1389 regna.

1089 1396 1162 1430 285.
1185 1397 1276 1429 Huic
1296 1400 1418 1430 animo.
1443 1396 1486 1430 In
1508 1396 1561 1431 his
1578 1396 1717 1431 vocibus

1045 1444 1160 1479 haeren
1167 1452 1179 1480 t
1187 1446 1396 1491 interpretes
1403 1473 1412 1490 ,
1420 1447 1494 1494 sine
1502 1460 1612 1483 causa.
1620 1448 1717 1483 Prae-

1044 1503 1203 1540 terquam
1225 1497 1317 1542 quod
1338 1510 1403 1544 ego
1421 1494 1486 1533 hoe
1501 1502 1629 1541 animo,
1647 1499 1716 1534 be-

1044 1548 1152 1593 nigno
1182 1548 1309 1583 scilicet
1329 1556 1364 1583 et
1389 1549 1521 1584 liberali
1549 1563 1628 1585 sum
1641 1576 1651 1594 ,
1678 1557 1718 1584 tu

1044 1606 1206 1634 momenta
1220 1603 1373 1644 potentia
1383 1627 1392 1641 ‚
1423 1613 1540 1636 causas
1558 1608 1594 1635 et
1610 1602 1719 1636 ratio-

1044 1664 1107 1686 nes
1117 1651 1329 1696 gravissimas
1339 1654 1719 1687 commemoras—Mo-

1044 1709 1156 1737 menta
1165 1715 1205 1736 ex
1215 1715 1288 1736 uno
1298 1703 1411 1738 Vossii
1422 1711 1456 1738 et
1467 1716 1539 1738 uno
1549 1703 1719 1738 Gronovii

1046 1768 1110 1800 pro
1122 1755 1255 1790 diversa
1266 1756 1414 1791 lectione
1427 1756 1523 1792 dedit
1534 1756 1700 1792 Heinsius
1709 1784 1718 1800 ‚

1047 1818 1111 1851 pro
1121 1813 1386 1841 monumenta.·--
1393 1807 1494 1853 Regii
1508 1808 1620 1842 nostri
1637 1807 1722 1842 dant

1045 1859 1299 1891 monimenta.·-
1303 1859 1435 1893 Clarum
1443 1871 1559 1893 nomen
1568 1865 1604 1893 et
1614 1858 1656 1892 de
1667 1870 1719 1892 re·

1047 1908 1110 1942 bus
1128 1909 1228 1954 gestis
1249 1915 1285 1943 et
1305 1908 1349 1943 de
1371 1921 1499 1954 genere
1515 1909 1624 1944 nobili
1645 1910 1721 1956 capi

1046 1966 1169 2005 potest.
1185 1959 1389 2005 Opponitur
1407 1964 1552 2005 ignotum
1576 1974 1693 1996 nomen
1704 1989 1712 2003 ,

1049 2012 1101 2046 lx
1114 2037 1123 2054 ,
1141 2011 1215 2058 669.
1227 2030 1271 2037 —
1286 2013 1420 2056 Tuoque
1431 2013 1502 2046 ᾗσι·
1517 2018 1582 2047 etc.
1597 2024 1720 2047 omnes

1047 2074 1101 2096 res
1112 2074 1205 2096 meas
1215 2068 1330 2096 tecum
1341 2062 1481 2107 partiar,
1492 2061 1675 2098 adsciscam
1686 2068 1719 2096 te

1047 2114 1084 2148 in
1101 2120 1236 2159 partem
1254 2115 1372 2158 regni:
1386 2114 1583 2159 neglexerat
1602 2120 1720 2148 autem

1047 2166 1145 2212 regni
1152 2166 1203 2201 sui
1212 2173 1341 2201 statum
1348 2166 1467 2201 dolore
1475 2166 1589 2202 fratris
1596 2167 1721 2201 amissi.
1742 2174 1745 2177 '

1046 2236 1090 2243 -
1111 2219 1229 2252 Videte
1251 2230 1270 2252 e
1295 2218 1412 2252 multis
1431 2217 1527 2253 MSS
1548 2218 1719 2253 revocavit

1049 2269 1214 2304 Heinsius
1232 2281 1295 2314 pro
1312 2269 1451 2314 vulgato
1470 2276 1610 2312 incudo,-
1629 2281 1719 2303 unus

1047 2327 1171 2355 notato.
1181 2339 1225 2347 —-
1235 2321 1363 2366 Regius
1382 2319 1506 2356 Codex
1520 2320 1551 2354 A
1560 2345 1570 2363 ,
1586 2322 1718 2362 deleto,-

1049 2372 1135 2407 alter
1151 2379 1280 2407 vocato.

1092 2436 1166 2469 29¹·
1179 2425 1292 2466 Καρία
1302 2434 1373 2467 quae
1384 2424 1465 2456 vim't
1478 2427 1542 2456 etc.
1557 2419 1721 2456 Circum—

1048 2475 1202 2520 loquitur
1225 2475 1422 2519 accipitrem
1436 2499 1445 2517 ‚
1469 2473 1530 2508 sed
1552 2485 1625 2507 non
1641 2473 1722 2508 satis

1049 2528 1225 2573 perspicue
1244 2541 1252 2568 ;
1279 2525 1573 2572 quandoquidem.
1589 2532 1626 2560 et
1649 2526 1721 2561 aliae

1050 2592 1127 2614 aves
1144 2586 1243 2623 rapto
1259 2578 1390 2612 vivunt.
1405 2596 1450 2603 —-
1465 2578 1618 2612 Versum
1639 2577 1719 2623 293,

1049 2630 1240 2664 delendum
1255 2636 1372 2664 censet
1385 2629 1556 2665 ‘Heinsius
1572 2629 1653 2673 quia
1667 2628 1722 2661 vix

1048 2683 1175 2717 latinus
1185 2682 1247 2725 sit,
1266 2689 1301 2715 et
1312 2681 1390 2726 quia
1400 2707 1409 2724 ,
1424 2693 1466 2715 eo
1477 2681 1610 2716 sublato
1619 2706 1630 2724 ,
1643 2691 1722 2715 om·

1049 2737 1107 2771 nia
1120 2736 1188 2771 sint
1205 2735 1314 2779 plana.
1342 2735 1406 2770 Est
1421 2747 1501 2770 sane
1520 2739 1700 2779 corruptus
1711 2758 1720 2775 ,
