1820 3106
252 220 340 276 480

612 223 665 266 P.
703 223 953 268 OVIDII
987 223 1308 272 NASONIS

255 315 487 381 Paucaque
512 314 698 364 laudatae
719 316 841 366 dedit
863 317 1010 367 oscula
1026 356 1037 377 ‚
1064 320 1210 386 qualia
1230 341 1457 388 nunquam

250 393 365 440 Vera
390 391 579 440 dedisset
598 411 731 452 anus;
759 393 974 461 glebaque
997 397 1176 445 incurva
1199 399 1388 458 resedit,

252 468 507 535 Suspiciens
527 470 699 536 pandos
726 473 926 520 autumni
948 474 1144 540 pondere
1163 494 1321 525 ramos.

252 544 412 595 Ulmus
434 560 524 595 erat
545 560 698 596 contra
724 549 917 616 spatiosa
942 553 1216 601 tumentibus
1234 554 1356 612 uvis;

181 667 184 675 f
251 624 398 687 Quam
420 624 537 672 socia
556 638 791 692 postquam
815 628 978 694 pariter
1000 647 1098 677 cum
1121 631 1208 679 vite
1231 631 1460 698 probavit,

256 723 280 744 «
303 702 365 749 At
389 702 425 749 si
449 714 604 760 staret,
631 702 718 761 ait,
742 704 897 754 caelebs
920 705 1014 754 sine
1038 707 1216 772 palmite
1235 721 1416 757 truncus
1431 746 1444 767 ‚

250 778 326 827 Nil
349 792 507 846 praeter
530 781 734 840 frondes,
760 802 892 848 quare
916 796 1165 850 peteretur,
1191 785 1387 834 haberet.

250 857 363 905 'Haec
384 877 561 924 quoque
576 896 587 917 ,
614 878 709 925 quae
730 859 881 924 juncta
904 861 1007 909 vitis
1030 863 1266 927 requiescit
1288 862 1335 910 in
1355 862 1502 923 ulmo,

1602 877 1670 913 665

253 936 301 983 Si
322 955 413 983 non
432 949 572 1003 nupta
596 937 736 995 foret,
762 949 886 986 terrae
909 938 1126 988 adclinata
1147 940 1321 1005 jaceret.

252 1013 322 1060 Tu
349 1024 494 1061 tamen
517 1012 718 1079 exemplo
739 1033 834 1062 non
858 1016 1050 1078 tangeris
1075 1016 1246 1065 arboris
1268 1017 1428 1083 hujus3

253 1089 619 1156 Concubitusque
639 1090 782 1153 fugis,
807 1110 888 1139 nec
911 1103 953 1141 te
974 1093 1234 1158 conjungere
1257 1112 1407 1152 curas,

251 1170 402 1233 Atque
426 1167 594 1215 utinam
617 1167 775 1217 velles!
801 1169 967 1218 Helene
992 1190 1084 1219 non
1106 1170 1309 1237 pluribus
1333 1184 1448 1220 esset

253 1244 494 1293 Sollicitata
521 1245 692 1312 procis,
719 1265 799 1294 nec
819 1251 921 1313 quae'
939 1248 1169 1314 Lapitheia
1191 1249 1330 1297 movit

1603 1265 1670 1310 670

251 1321 432 1380 Praelia,
454 1341 534 1371 nee
558 1323 718 1388 conjux
741 1324 909 1372 timidis
932 1325 1106 1373 audacis
1130 1325 1289 1374 Ulixei.

251 1432 287 1460 et
297 1428 466 1470 potentior
474 1425 579 1460 habet
591 1439 655 1471 pro
668 1426 761 1460 varia
770 1427 931 1462 lectione.

252 1478 332 1512 Hoc
346 1476 563 1512 ovidianum
575 1490 646 1511 esse
664 1477 795 1521 sciunt,
814 1479 873 1523 qui
890 1492 930 1513 ea

250 1541 335 1563 voce
365 1535 544 1563 auctorem
568 1528 849 1574 frequentissime
878 1531 930 1564 uti

251 1581 504 1616 meminerunt.
518 1582 589 1616 Pro
604 1587 697 1616 tanto
714 1582 807 1617 idem
822 1583 930 1617 codex

252 1635 286 1670 A
296 1637 434 1669 cunctis.
445 1633 510 1667 Ed.
519 1652 564 1659 —
578 1635 859 1678 Tantopotentior
866 1635 930 1669 sol-

251 1686 378 1722 lemnis
388 1693 422 1721 et
433 1686 571 1732 elegans
582 1685 744 1721 laudandi
755 1687 905 1722 formula
917 1714 927 1730 ,

252 1747 293 1774 ut
307 1744 400 1773 lanto
416 1739 542 1783 major,
568 1745 663 1773 tanto
682 1741 815 1780 melior,
834 1745 930 1774 lanto

243 1791 406 1836 felicio&
430 1791 563 1825 Seneca
576 1817 585 1834 ,
603 1790 791 1836 deTranq.
811 1792 929 1826 Anim.

254 1858 327 1890 cap.
349 1846 386 1878 15
401 1856 408 1877 :
423 1857 441 1873 «
458 1842 657 1877 Laudemus
671 1843 771 1878 toties
783 1843 929 1889 dignum

255 1911 273 1927 »
290 1895 448 1930 laudibus
467 1902 502 1929 et
518 1894 673 1929 dicamus
697 1908 705 1929 ε
729 1902 827 1930 tanto
846 1896 929 1930 for-

255 1948 359 1982 »tior
376 1973 386 1989 ,
413 1953 511 1981 tanto
535 1946 694 1981 felicior!
716 1961 733 1977 υ
759 1949 933 1981 Potentior-

253 2011 441 2045 pomorum
456 1998 554 2043 copia
567 2024 577 2040 ‚
599 1996 722 2043 quibus
742 1997 825 2032 olim
844 2010 929 2031 ma·-

252 2052 344 2086 xime
360 2051 592 2085 censebantur
612 2050 749 2085 divitiae.
770 2050 928 2095 Quidam

254 2103 388 2138 addunt
419 2101 506 2136 duos
530 2114 647 2136 versus
666 2128 675 2144 ,
707 2103 868 2135 Omnibus
898 2108 933 2136 et

252 2156 418 2202 Nymphis·
434 2180 443 2194 ,
467 2166 554 2198 quas
565 2157 712 2187 continet
725 2154 855 2187 Albula
874 2157 929 2187 ri-

246 2211 314 2253 pis.
346 2208 443 2242 Saloe
464 2209 608 2250 virginei
616 2208 687 2251 flos
709 2209 838 2240 illibate
855 2220 929 2250 pu-

253 2262 353 2294 doris.
365 2277 409 2283 —
421 2259 545 2301 Qualia
556 2271 720 2302 nunquam
730 2264 793 2292 etc.
809 2257 853 2291 cf.
870 2258 906 2293 Π
918 2283 927 2301 ,

255 2312 296 2353 43
304 2323 315 2344 ι
324 2310 447 2344 .—Pro
453 2311 587 2353 pandos
596 2309 696 2343 multi
701 2312 847 2352 patulos,
855 2322 930 2353 gra-

256 2364 351 2400 vidos
362 2388 370 2402 ,
386 2374 513 2396 curvos.
525 2361 626 2406 Regii
639 2360 714 2396 cod.
721 2363 864 2404 pandos.

298 2414 375 2447 661.
408 2414 525 2446 Ulmus
539 2420 612 2446 erut
625 2439 633 2447 .
650 2438 658 2446 .
671 2439 679 2447 .
699 2415 850 2456 spatzbsa
866 2419 929 2446 etc.

255 2464 355 2500 Olim
379 2464 548 2499 edebatur
575 2468 728 2508 speciosa
751 2466 930 2498 nitentibus

254 2523 348 2561 uas's‚·
365 2518 510 2552 alteram
528 2517 714 2552 lectionem
731 2516 805 2551 dari
818 2530 858 2551 ex
870 2530 930 2550 ve-

256 2571 457 2605 tustioribus
471 2571 568 2616 jussit
585 2569 931 2605 Heinsius.—C0dex

257 2623 387 2669 Regius
399 2624 431 2658 A
447 2650 456 2667 ,
467 2627 619 2667 speciosa
634 2625 833 2657 tumentibus
841 2626 931 2664 aaliz·

257 2678 363 2712 codex
378 2678 421 2720 B,
435 2678 932 2721 spat1bsatument1’bus.-Spa-

254 2734 360 2774 absa,
392 2729 508 2775 patula
527 2736 562 2766 et
588 2729 768 2765 abundans
789 2729 931 2766 uvis.-

998 1428 1195 1463 Commode
1213 1435 1247 1464 et
1269 1429 1405 1475 egregie
1423 1429 1547 1464 vitium
1565 1429 1669 1465 ulmis

996 1480 1241 1525 adjunctarum
1248 1482 1405 1527 exemplo
1415 1481 1567 1516 utiturin
1577 1494 1670 1516 com-

994 1533 1197 1567 mendando
1206 1534 1374 1568 Pomonae
1380 1535 1554 1580 conjugio,
1563 1533 1671 1569 Com-

995 1584 1107 1628 parari
1132 1585 1228 1618 enim
1254 1585 1383 1619 solebat
1409 1585 1465 1619 illa
1490 1585 1670 1630 adjunctio

993 1648 1074 1669 cum
1085 1636 1261 1681 conjugio;
1274 1635 1355 1670 hinc
1368 1636 1455 1670 ulmi
1467 1639 1602 1671 celibes
1611 1663 1620 1678 ,
1642 1650 1668 1672 s.

994 1690 1101 1722 viduoe
1111 1688 1214 1722 dicun
1220 1690 1448 1729 turman'tari,
1461 1695 1520 1723 aut
1530 1688 1598 1723 vite
1610 1684 1671 1722 ilo-

993 1742 1073 1779 tari,
1087 1746 1122 1773 et
1134 1740 1220 1774 vites
1232 1743 1358 1774 nubunt
1371 1740 1472 1774 ulmis
1484 1766 1494 1783 ,
1508 1739 1669 1785 fiuntque

995 1803 1115 1826 earum
1123 1791 1282 1835 conjuges
1291 1797 1350 1825 aut
1356 1795 1456 1826 socia·
1463 1804 1475 1835 ,·
1482 1791 1550 1827 vid.
1560 1792 1670 1826 Hein-

994 1843 1072 1877 sius.
1083 1861 1126 1869 --
1135 1845 1341 1888 Requiesct't,
1359 1855 1486 1889 nempe
1501 1843 1670 1879 claviculis

994 1895 1063 1930 suis
1074 1895 1251 1940 complexa
1259 1895 1559 1929 ulmume-Sinon
1568 1901 1673 1940 nupta

984 1947 1088 1992 soret.
1104 1948 1251 1983 Plurimi
1267 1947 1326 1990 (et
1340 1946 1415 1982 cod.
1427 1947 1530 1981 ambo
1541 1946 1669 1994 Regii)

992 2007 1104 2037 sinon
1114 2000 1352 2046 junctasoret,
1378 2001 1472 2046 quod
1490 2001 1670 2036 damnavit

995 2053 1161 2088 Heinsius
1170 2079 1179 2096 ,
1190 2054 1392 2098 quiajuncta
1400 2053 1556 2098 proximo
1566 2066 1669 2088 versu

994 2111 1220 2149 praecesserat.
1235 2106 1350 2148 Nupta
1359 2105 1488 2150 recepit
1500 2117 1518 2138 e
1528 2104 1667 2139 Thuan.

994 2162 1029 2189 et
1045 2156 1145 2200 prim.
1164 2156 1303 2190 Bonon.
1317 2155 1431 2190 laudat
1443 2156 1546 2190 etiam
1562 2156 1668 2202 primi

994 2207 1148 2242 Gronov.
1167 2211 1291 2242 vincta.
1314 2226 1349 2233 -
1371 2209 1477 2242 Terre
1493 2210 1668 2243 adclinata

983 2258 1125 2302 jaceret.
1137 2257 1277 2293 Ciofani
1288 2258 1396 2294 codex
1408 2285 1417 2302 ,
1430 2259 1666 2303 Florentinus,

994 2319 1030 2346 et
1047 2312 1199 2348 Urbinas
1212 2339 1221 2356 ,
1241 2320 1275 2348 et
1294 2313 1422 2358 Regius
1438 2313 1467 2347 B
1481 2339 1491 2354 ,
1513 2319 1668 2357 terraque

993 2366 1127 2398 adcliva
1140 2365 1295 2408 jacerem·
1322 2365 1378 2399 alii
1398 2368 1571 2399 inclinatu.
1596 2364 1667 2399 Ci-

993 2429 1075 2450 cero
1086 2443 1095 2460 ,
1113 2417 1196 2451 Sen.
1210 2430 1221 2450 1
1230 2420 1266 2461 5,
1284 2419 1335 2451 ud
1343 2421 1462 2450 terram
1464 2415 1584 2460 fertur,
1599 2420 1669 2451 nist

984 2468 1083 2512 sulla
1097 2472 1153 2503 sit.

1037 2521 1114 2565 670.
1139 2522 1284 2555 Helenes
1309 2533 1494 2565 procorum
1519 2520 1665 2557 nomina

994 2572 1099 2607 habet
1110 2573 1292 2619 Hyginus,
1308 2572 1376 2607 fab.
1393 2574 1431 2607 81
1445 2572 1531 2607 wid.
1547 2573 1663 2618 idem,

993 2623 1063 2659 fab.
1083 2625 1144 2658 126
1155 2625 1197 2658 de
1211 2624 1403 2670 Penelopes
1417 2625 1667 2670 precise—Qua

994 2678 1078 2721 lup.
1095 2679 1343 2718 ιηονίίΡηι-Ιία,
1360 2677 1583 2722 Hippodame
1594 2704 1603 2721 ,
1621 2678 1666 2712 de

995 2741 1062 2775 qua
1077 2730 1166 2775 ΧΠ,
1183 2742 1248 2766 210
1257 2729 1473 2776 sqq.-·Olim
1485 2730 1663 2774 edebatur,
1694 2727 1701 2730 ”
