1820 3106
284 260 380 319 242„

647 262 700 304 P.
745 261 977 306 OVIDII
1025 261 1319 307 NASONIS

278 354 408 418 Isque
432 352 576 400 Deum
598 351 771 418 pecoris
795 364 1016 418 spectans3
1047 375 1069 397 «
1090 353 1142 403 In
1161 352 1305 417 judice
1320 389 1331 410 ‚
1358 352 1494 410 dixit,

1619 366 1680 404 ¹60

282 452 306 473 »
332 428 463 477 Nulla
486 447 606 476 mora
629 440 720 477 ests
738 450 759 471 »
789 428 976 479 Calamis
999 430 1245 492 agrestibus
1268 430 1443 480 insonat
1464 429 1564 480 ille:

276 508 598 573 Barbaricoque
619 506 796 564 Midan,
819 506 965 556 aderat
987 526 1086 557 nam
1110 507 1224 556 sorte
1247 508 1444 567 canenti,

277 585 479 633 Carmine
503 583 664 632 delenit
685 603 694 631 ι
718 595 822 649 post
840 584 958 632 hunc
982 603 1099 635 sacer
1123 603 1198 634 ora
1221 586 1398 636 retorsit

275 661 458 710 Tmolus
479 660 532 708 ad
555 679 604 708 os
630 660 814 717 Phoebi3
835 659 1003 709 vultum
1027 680 1103 711 sua
1129 661 1236 710 silva
1258 675 1402 711 secuta
1425 674 1503 711 est.

274 738 353 786 Ille
378 748 509 803 caput
530 735 688 784 ssavum
711 735 835 785 lauro
859 737 1092 785 Parnaside
1115 738 1287 786 vinctus

1620 753 1679 787 165

275 815 424 862 Verrit
444 814 627 861 humum
649 814 783 880 Tyrio
810 825 1000 862 saturata
1020 815 1182 863 murice
1207 814 1318 881 palla
1340 835 1350 861 x

276 939 395 985 ginqui
417 938 580 973 caerulum
604 937 755 972 colorem
780 937 946 972 referunt.

273 991 411 1024 —Caoa
425 995 569 1032 tempora
582 988 712 1033 ingenii
726 987 854 1022 summi
864 1000 948 1022 acu-

275 1054 358 1076 men
380 1053 451 1086 prae
473 1053 507 1074 se
532 1039 622 1074 serre
646 1045 742 1084 putat
768 1038 946 1073 Ciofanus.

274 1093 322 1128 At
338 1093 441 1127 etiam
455 1091 550 1136 equis
570 1098 604 1125 et
617 1090 789 1135 juvencis,
806 1090 945 1135 aliisque

273 1143 504 1179 animantibus
521 1154 605 1176 caua
621 1148 765 1185 tempora
777 1140 944 1175 tribuun-

272 1206 329 1233 tur
341 1224 350 1242 ,
369 1204 404 1231 et
419 1195 553 1231 Atlanti
569 1194 681 1229 monti
692 1193 782 1239 apud
798 1194 921 1228 Silium
934 1219 943 1236 ,

271 1251 305 1284 d.
322 1251 342 1286 l.
362 1251 424 1285 Est
438 1248 551 1294 potius
567 1247 746 1292 epitheton
768 1258 896 1280 ornans
911 1252 946 1280 et

271 1303 425 1338 solemne
449 1307 648 1345 temporum
667 1324 676 1342 ,
704 1311 779 1343 quae
796 1297 944 1343 depres-

269 1356 360 1390 siora
374 1354 504 1389 caeteris
520 1352 683 1398 partibus.

319 1407 392 1443 160.
407 1407 505 1450 Isque
515 1406 634 1438 Deum.
645 1403 811 1439 Burman.
827 1401 946 1436 mallet

272 1461 354 1494 Inde
378 1459 494 1493 Deum.
510 1475 554 1482 —-
570 1455 671 1500 Regii
688 1455 797 1491 nostri
814 1454 945 1488 habent

269 1514 386 1555 isque;
402 1509 503 1544 lectio
521 1506 716 1542 Burmanni
734 1513 804 1540 tota
823 1518 841 1541 e
859 1517 944 1540 con-

269 1563 403 1608 iectura
417 1576 425 1603 ;
441 1568 559 1595 tamen
573 1572 643 1594 non
659 1558 863 1604 displiceret.
878 1559 943 1592 Ed.

271 1632 315 1639 —-
334 1614 477 1646 Insonat
490 1624 585 1646 nuuc
600 1610 708 1646 active
721 1635 731 1653 ,
746 1609 847 1644 canit.
865 1608 943 1642 Pri-

271 1678 349 1700 mus
361 1664 543 1699 Mediceus
558 1667 705 1702 intonat,
730 1660 821 1706 quod
835 1661 944 1706 placet

272 1718 430 1753 Heinsio.
445 1736 488 1742 -
503 1715 604 1761 Regii
619 1715 729 1756 nostri
742 1717 884 1749 insonat.
901 1731 945 1740 --

270 1771 491 1805 Barbaricum
515 1780 646 1802 carmen
665 1766 805 1801 Sasstius
825 1766 944 1801 inter-

271 1829 427 1868 pretatur
450 1821 660 1856 barbarische
687 1820 801 1854 Toene.
827 1818 885 1853 Sic
909 1825 944 1853 et

274 1874 365 1913 Rnd.
384 1880 487 1918 atque
506 1871 663 1908 Lenzius.
680 1871 758 1905 lmo
785 1872 943 1908 barbari-

271 1939 345 1962 cum
361 1933 412 1961 est
429 1923 632 1970 Phrygium.
659 1922 824 1967 Virgilius
837 1947 846 1964 ‚
870 1919 943 1957 Cir.

274 1977 336 2013 166
349 2004 360 2022 ,
377 1979 553 2012 barbarica
568 1977 675 2010 buxus
686 2000 695 2015 ,
716 1974 797 2009 tibia
821 1973 943 2020 Phry—

272 2031 354 2076 gia;
379 2028 587 2074 Euripides,
616 2027 726 2072 Iphig.
749 2026 829 2063 Aul.
852 2026 915 2072 576
932 2052 941 2070 ,

273 2083 371 2117 Paris
386 2083 522 2130 βάρὲαρα
542 2084 670 2129 συρίζων
691 2083 822 2128 Φρυγίων
837 2081 943 2114 αὐλῶν.

273 2134 321 2169 Et
336 2134 499 2178 Phrygius
517 2133 652 2170 modus,
677 2130 734 2174 qui
752 2129 864 2164 nullos
880 2129 944 2164 ha-

273 2185 374 2219 bebat
383 2182 554 2226 modulos,
568 2181 726 2225 (Aristot.
739 2180 854 2215 Prohl.
862 2188 942 2216 sect.

273 2235 362 2272 XIX
375 2261 386 2279 ,
406 2234 434 2279 S.
451 2232 520 2281 49)
544 2239 647 2277 atque
662 2232 699 2265 in
724 2232 825 2266 sacris
844 2231 944 2266 adhi-

271 2286 431 2328 bebatur,
443 2283 638 2330 Porphyrio
654 2282 778 2317 dicitur
786 2284 942 2332 ssbpcoepog.

272 2336 427 2383 Phrygio
452 2335 606 2370 carmine
637 2334 796 2381 Phrygiae
822 2347 941 2380 regem

272 2389 413 2424 delenit.
428 2407 472 2414 -—
491 2389 621 2422 Aderat
624 2386 716 2430 sorte
729 2386 808 2421 cum
825 2388 942 2424 multis

272 2440 344 2475 aliis
366 2439 578 2475 auditoribus
594 2451 602 2473 :
622 2437 698 2472 vide
716 2450 854 2474 versum
872 2440 942 2483 ¹73-

274 2491 377 2538 Apud
395 2491 618 2536 Fulgentium
636 2489 751 2525 Midas
763 2490 866 2534 iudex
879 2504 942 2525 se·-

273 2544 332 2578 det
353 2544 391 2578 in
406 2543 596 2578 certamine
612 2542 762 2588 Marsyae
778 2549 812 2577 et
830 2542 939 2586 Apol·

271 2593 556 2633 linis.—-Delen1't‚
571 2606 635 2638 pro
643 2596 791 2632 delim'it,
804 2606 845 2628 ex
858 2593 942 2627 Flo—

272 2646 412 2679 rentino
429 2645 464 2679 S.
482 2645 593 2678 Marci
604 2644 753 2678 restituit
766 2645 942 2678 Burman-

272 2708 337 2729 nus
351 2721 360 2739 ,
379 2703 413 2730 et
427 2697 473 2730 ita
489 2709 626 2741 semper
640 2695 861 2730 scribendum
876 2696 940 2739 ju-

273 2747 372 2794 dicat.
393 2767 436 2774 —
453 2747 573 2783 Codex
593 2749 721 2794 Regius
747 2748 778 2782 A
802 2751 939 2792 delim'fg

1015 938 1134 973 Codex
1150 939 1180 974 B
1192 940 1490 980 dalmat—Sacer,
1513 945 1553 974 ut
1564 938 1678 982 VIII,

1013 992 1089 1037 597,
1100 994 1365 1029 sacriamnes.—
1371 987 1439 1026 Or'a
1450 993 1589 1026 retorsit.
1601 991 1680 1026 An-

1012 1042 1098 1087 tiqui
1117 1042 1255 1087 plurimi
1277 1045 1335 1086 (et
1349 1044 1457 1078 nostri
1477 1043 1601 1090 Regii)
1621 1058 1680 1079 ora

1010 1097 1146 1129 resolvit
1154 1107 1166 1137 ,·
1183 1107 1274 1129 unus
1289 1096 1477 1131 Vaticanus
1491 1099 1624 1132 remisit.
1637 1115 1681 1123 —-

1018 1150 1150 1182 Vultum
1175 1160 1240 1183 sua
1262 1150 1349 1184 silua
1371 1154 1497 1185 secula.
1519 1148 1587 1184 Sex
1605 1162 1678 1185 non

1010 1197 1225 1243 ineleganter
1240 1200 1414 1234 dominum.
1424 1199 1594 1236 -Noatri
1607 1199 1681 1235 Re-

1011 1250 1056 1295 gii
1071 1253 1205 1286 vultum.
1220 1271 1264 1277 —
1275 1251 1368 1286 Nihil
1381 1252 1472 1287 aliud
1481 1279 1490 1294 ,
1501 1253 1568 1288 nisi
1578 1260 1680 1299 caput

1011 1302 1151 1337 retorsit
1159 1315 1241 1337 eum
1251 1303 1320 1338 suis
1331 1304 1522 1340 frondibus.
1533 1304 1680 1340 Lentim

1011 1361 1129 1389 tamen
1156 1354 1222 1390 hoc
1251 1355 1362 1391 inesse
1390 1363 1510 1401 putat,
1542 1357 1680 1392 arbores

1005 1405 1216 1451 frondesque
1229 1407 1444 1442 auscultandi
1458 1421 1558 1444 causa
1569 1420 1678 1454 spon-

1007 1463 1041 1492 te
1059 1470 1130 1492 esse
1144 1465 1288 1492 secutas.
1518 1492 1529 1499 ,

1054 1509 1123 1544 ι65,
1144 1511 1209 1542 Ille
1227 1516 1331 1553 caput
1340 1512 1468 1554 flavum
1490 1517 1553 1546 etc.
1576 1511 1681 1547 Nunc

1007 1559 1133 1605 Apollo
1151 1561 1266 1606 prodit
1290 1567 1325 1595 et
1342 1561 1463 1596 doctus
1483 1569 1518 1597 et
1536 1563 1655 1597 artifex
1668 1588 1678 1604 ‚

1005 1619 1041 1647 et
1055 1612 1191 1658 egregie
1211 1619 1363 1647 ornatus.
1387 1612 1461 1657 Qui
1479 1613 1535 1647 hic
1549 1613 1679 1649 descri—

1005 1659 1099 1695 bitur
1111 1687 1120 1705 ‚
1147 1661 1290 1696 habitus.
1305 1668 1380 1696 erat
1395 1662 1677 1699 citharoedorum.

1007 1712 1110 1747 Auct.
1125 1712 1168 1746 ad
1186 1713 1320 1747 Hercu.
1339 1713 1403 1755 IV,
1424 1714 1463 1758 47
1480 1726 1488 1748 :
1505 1728 1523 1743 α
1542 1714 1605 1748 Uti
1621 1714 1678 1749 ei—

1006 1778 1025 1795 »
1042 1763 1344 1808 tharoedus,quum
1354 1763 1532 1808 prodierit,
1545 1765 1676 1810 optime

1008 1829 1025 1846 »
1042 1815 1184 1850 vestitus
1197 1841 1207 1857 ,
1237 1815 1326 1860 palla
1350 1815 1509 1850 inaurata
1533 1815 1677 1852 indutus

1008 1881 1026 1897 υ»
1042 1879 1121 1902 cum
1138 1866 1321 1914 chlamyde
1338 1879 1512 1912 purpurea
1522 1893 1534 1911 ‚
1550 1867 1678 1906 eolori-

1008 1934 1026 1950 »
1044 1920 1108 1954 bus
1125 1919 1225 1954 variis
1242 1919 1388 1963 intexta,
1404 1926 1438 1954 et
1453 1932 1534 1954 cum
1549 1932 1676 1966 corona

1008 1984 1025 2001 n
1043 1983 1148 2005 aurea
1164 1971 1297 2016 magnis
1310 1970 1522 2016 fulgentibus
1533 1972 1677 2017 gemmis

1009 2038 1026 2053 n
1043 2023 1248 2067 illuminata,
1263 2023 1429 2058 citharam
1442 2030 1565 2060 tenens
1573 2036 1675 2059 exor-

1007 2088 1026 2104 »
1043 2075 1268 2117 natissimam,
1281 2087 1366 2108 auro
1378 2081 1413 2108 et
1424 2075 1528 2108 ebore
1540 2073 1677 2110 distin&

1007 2142 1026 2158 ι»
1044 2134 1128 2171 tam,
1142 2128 1211 2173 ipse
1223 2134 1389 2172 praeterea
1398 2127 1511 2161 forma
1519 2133 1556 2162 et
1564 2127 1673 2172 speeie

1008 2193 1025 2209 »
1042 2178 1104 2222 sit,
1117 2186 1150 2213 et
1165 2185 1295 2212 statura
1306 2177 1459 2223 apposita
1468 2177 1511 2213 ad
1525 2177 1675 2223 dignita-

1006 2245 1025 2261 »
1043 2237 1124 2265 tem.
1142 2244 1159 2260 »
1176 2229 1310 2265 Confer
1324 2229 1521 2273 Tibullum,
1534 2229 1609 2272 111,
1621 2239 1671 2267 lv.

1007 2285 1048 2318 25
1064 2295 1136 2327 sqq.
1150 2300 1195 2307 --
1205 2281 1424 2316 Palla-vestis
1438 2281 1574 2326 longior
1586 2281 1672 2317 deo-

1004 2348 1086 2371 rum
1100 2335 1315 2381 dearumque
1330 2361 1339 2378 ‚
1355 2341 1472 2369 vatum
1485 2360 1495 2378 ,
1511 2333 1673 2369 citharoe-

1005 2386 1130 2421 dorum
1156 2394 1190 2421 et
1213 2386 1447 2432 tragoedorum
1466 2398 1545 2421 cnm
1568 2386 1672 2434 longo

1004 2447 1179 2487 syrmate:
1198 2439 1265 2474 vid.
1286 2438 1458 2474 Christius
1480 2437 1523 2475 de
1544 2439 1672 2483 Imagg.

1003 2491 1191 2526 Musarum
1202 2517 1213 2535 ‚
1233 2503 1264 2535 p.
1277 2491 1318 2530 5;
1336 2496 1370 2524 et
1384 2488 1617 2524 Bruckhusius
1629 2489 1670 2524 ad

1005 2541 1202 2585 Tibullum,
1217 2541 1282 2583 IV,
1297 2550 1355 2582 Vl,
1378 2540 1427 2574 ιδ.
1447 2539 1601 2585 Longior
1615 2538 1671 2574 itta

1004 2594 1106 2629 vestis
1116 2620 1125 2637 ‚
1137 2606 1213 2638 quae
1222 2593 1294 2627 fere
1306 2591 1667 2636 diciturfluere‚fiaende

1002 2648 1141 2689 defluere
1149 2646 1318 2688 adpdes,
1328 2643 1560 2688 sem-epedes,
1577 2655 1669 2678 nunc

1004 2700 1106 2732 verrit
1119 2699 1268 2737 humum,
1287 2703 1327 2729 ut
1339 2696 1410 2730 VII
1420 2722 1433 2739 ,
1454 2695 1517 2740 706
1531 2720 1540 2738 ,
1555 2695 1591 2729 in
1611 2707 1670 2729 ex-

1004 2747 1242 2783 cellentissima
1275 2748 1396 2782 Boreae
1431 2745 1667 2791 descriptione.
