1820 3106
543 225 1087 272 ARGUMENTUM.

94 321 308 370 Extremo
333 337 411 370 rex
433 318 503 370 est
525 318 700 387 sapiens
722 319 871 368 Numa
891 318 1257 385 Pythagorasque

162 392 330 443 Codice
344 430 357 452 ,
382 392 548 460 quique
571 390 660 440 fuit
682 389 870 439 Virbius
892 389 1196 457 Hippolytus,

97 465 214 515 Cum
239 463 445 532 Cipoque
465 463 611 527 Tages
630 473 766 511 vates.
792 462 918 512 Deus
941 461 1044 511 inde
1065 459 1254 512 salutem

163 535 260 586 Sub
283 545 488 603 serpente
509 533 655 584 latens
677 533 872 584 reddidit
895 547 948 583 ut
966 533 1098 583 Latio
1113 571 1126 593 ,

97 607 268 673 Magno
286 618 356 657 est
377 607 424 656 in
445 606 634 675 populis
655 605 930 674 Epidaurius
947 607 1119 673 ‚hospes
1139 606 1323 657 honore.

161 679 238 729 Pit
254 679 398 745 majus
421 698 432 728 :
455 679 582 729 Deus
603 690 672 728 est
693 678 846 728 Julius
869 678 983 727 urbe
1007 696 1087 727 sua

97 751 266 811 Cesar,
289 762 338 799 at
356 751 407 799 in
428 750 535 800 caelo
559 751 683 800 sidus
706 752 867 810 micat;
894 751 1031 819 inque
1053 749 1206 800 relicta

160 824 398 887 Augustus
422 835 538 873 terra
561 835 733 891 sceptra
753 835 938 891 paterna
961 835 1093 873 tenet.

93 955 188 1005 Tot
206 973 278 1005 res
299 966 390 1004 tam
410 955 553 1004 varias
573 953 721 1004 vinclo
745 953 1028 1022 conjunxerit
1048 973 1140 1004 uno

160 1029 226 1076 Ut
246 1026 460 1092 Pelignus
485 1025 608 1087 olor,
635 1027 795 1094 quaeris
808 1064 820 1086 ,
846 1027 1016 1076 amice?
1036 1024 1171 1090 legas.

95 1098 187 1149 Ista
208 1097 294 1148 viri
315 1098 382 1148 vis
402 1116 564 1166 arsque
586 1118 599 1148 ε
625 1098 833 1148 cadavera
854 1098 964 1148 nolo
986 1110 1143 1166 poetas
1158 1135 1171 1158 ‚

166 1171 491 1222 Grammaticus
511 1182 662 1239 partes
686 1191 784 1239 quae
808 1182 925 1221 secet
946 1171 994 1219 in
1016 1170 1212 1239 vapidas.

97 1243 191 1303 Tu,
214 1242 337 1294 dedit
359 1255 413 1294 ut
435 1262 556 1303 sese,
583 1255 732 1293 totum
752 1244 929 1310 accipe;
954 1261 1037 1291 nec
1057 1242 1171 1292 male
1192 1241 1359 1292 rimans

158 1318 215 1366 In
235 1318 416 1367 Nasone
437 1315 549 1387 mihi
572 1316 759 1384 quaerito
786 1314 1039 1379 Virgilium.

98 1390 203 1442 Non
222 1407 312 1439 una
335 1400 405 1438 est
424 1387 557 1438 facies
579 1390 759 1438 Naturae
778 1408 790 1438 :
813 1400 983 1447 mutat,
1008 1399 1054 1437 et
1073 1387 1209 1437 audet

165 1459 406 1529 Quidque,
430 1479 512 1513 nec
535 1460 584 1509 in
607 1459 742 1510 solita
763 1459 951 1510 vertitur
973 1478 1118 1528 usque
1138 1459 1221 1509 via.

1447 227 1534 289 567

1474 477 1538 511 115

1479 849 1542 873 120

1480 1267 1491 1290 1
1499 1255 1542 1295 25
