1820 3106
313 240 398 299 392

665 243 715 285 P.
767 243 1004 318 0>V1D11
1041 244 1342 289 NASONIS

313 333 419 397 Quo
440 333 558 383 ferus
582 333 747 400 injusto
771 324 899 401 petiit
919 337 1244 400 Agamemnona
1265 337 1393 386 ferro.

316 434 338 454 «
364 413 730 479 Immemoresque
752 415 837 462 mei
861 415 1101 473 disceditis,
1126 416 1295 482 inquit,
1321 416 1517 465 Achivi?
1651 430 1716 476 445

316 509 339 529 »
368 487 631 553 Obrutaque
658 502 724 537 est
744 509 911 539 mecum
935 491 1110 540 virtutis
1133 492 1270 554 gratia
1293 493 1488 540 nostrae?

314 587 337 608 »
365 566 431 613 Ne
453 566 578 614 facite
598 586 607 623 ;
632 579 768 633 utque
794 587 939 616 meum
961 587 1053 616 non
1077 568 1134 616 sit
1151 568 1242 617 sine
1260 569 1428 616 honore
1445 568 1690 636 sepulcrum
1704 606 1716 627 ‚

316 663 340 684 »
367 642 515 690 Placet
536 644 761 693 Achilleos
783 657 968 694 mactata
988 644 1209 711 Polyxena
1230 664 1391 693 manes.
1416 668 1440 688 >›

312 717 468 767 Dixit:
494 731 536 767 et
555 720 711 769 immiti
734 722 863 771 sociis
883 722 1139 789 parentibus
1162 722 1351 780 umbrae,

314 798 458 863 Rapta
482 798 581 846 sinu
602 800 775 858 matris,
802 820 932 866 quam
948 801 1035 865 jam
1056 819 1195 866 prope
1215 800 1309 848 sola
1326 799 1529 857 fovebat,

1656 813 1722 858 450

314 872 460 919 Fortis
475 910 487 930 ,
514 885 556 922 et
578 874 750 933 infelix,
776 887 819 922 et
838 876 939 941 plus
966 875 1096 942 quani
1119 875 1278 923 semina
1293 912 1305 932 ‚
1327 875 1451 936 virgo

315 949 506 997 Ducitur
527 950 580 998 ad
604 951 819 999 tumulum
835 988 847 1009 ‚
873 952 1056 1017 diroque
1079 951 1131 999 fit
1149 952 1296 1000 hostia
1317 951 1468 999 busto.

316 1027 429 1090 Quae
451 1046 619 1076 memor
640 1030 736 1096 ipsa
760 1030 854 1086 sui,
877 1041 1113 1095 postquam
1135 1029 1384 1077 crudelibus
1406 1027 1497 1076 aris
1543 1045 1546 1051 ·
1595 1058 1604 1072 .

317 1105 508 1154 Admota
531 1119 622 1164 est,
648 1108 870 1173 sensitque
894 1108 979 1156 sibi
999 1107 1087 1155 fera
1112 1127 1229 1157 sacra
1248 1106 1413 1173 parari3

305 1184 470 1249 thue
493 1184 833 1251 Neoptolemum
859 1197 1073 1243 stantem,
1094 1185 1345 1250 ferrumque
1368 1184 1611 1241 tenentem,
1657 1195 1723 1241 455

318 1261 460 1326 Inque
485 1280 564 1309 suo
588 1261 697 1309 vidit
718 1262 922 1324 figentem
945 1262 1110 1310 lumina
1131 1261 1283 1310 vultu:

322 1359 344 1380 «
374 1340 507 1386 Utere
527 1338 783 1403 jamdudum
808 1357 1022 1401 generoso
1047 1339 1280 1401 sanguine,
1304 1337 1413 1385 dixit
1433 1356 1446 1395 ;

318 1443 378 1488 qui
392 1442 424 1477 ei
438 1443 556 1477 similis
571 1450 640 1483 est;
658 1443 735 1477 vide
754 1443 930 1478 Drakenb.
947 1444 989 1478 ad

319 1493 379 1527 Sil.
392 1493 446 1536 II,
463 1493 537 1536 634.
554 1494 724 1539 ε-Ρείίίί,
742 1501 859 1538 petere
874 1494 989 1528 voluit.

369 1545 443 1589 446.
474 1548 595 1580 Gratia
621 1546 730 1590 placet
759 1558 832 1590 prae
859 1546 966 1580 altero
979 1572 988 1589 ,

314 1599 443 1640 gloria,
472 1596 565 1642 quod
590 1603 734 1631 tuentur
759 1596 859 1631 multi
882 1597 989 1632 MSS.

320 1647 382 1682 Illa
399 1648 494 1682 enim
513 1648 646 1693 gravius
661 1648 927 1682 incitamentum
947 1647 990 1681 ad

315 1698 430 1733 officia
457 1698 682 1744 persolvenda
696 1725 705 1742 ,
727 1711 829 1743 quam
853 1699 991 1733 haec.--

318 1753 393 1786 Non
408 1755 457 1785 sit
471 1754 544 1785 sine
558 1764 567 1785 ‚¹
584 1751 833 1789 Broukhusius,
843 1750 992 1785 malebat

322 1815 363 1836 nc
376 1806 432 1837 st't.‘
444 1822 486 1828 —-
501 1803 578 1842 St'nc
595 1805 730 1843 bonore,
747 1802 819 1837 sine
837 1801 966 1837 inferiis
981 1828 991 1846 ,

318 1861 358 1887 ut
375 1867 469 1888 sacra
481 1848 568 1899 saepe
585 1856 723 1888 honores
740 1854 913 1894 dicuntur.

367 1907 440 1952 449.
471 1906 638 1940 Sociorum
666 1902 848 1942 sententiae
875 1905 991 1940 divisae

319 1964 420 1991 erant
437 1983 448 1995 .
481 1957 552 1992 aliis
575 1970 648 1992 non
668 1960 850 2001 parendum
872 1960 996 1992 immid

318 2010 437 2043 umbroe
447 2010 665 2044 censentibus
681 2023 688 2044 :
706 2009 766 2044 sed
783 2009 837 2043 hic
854 2022 991 2054 quoque

320 2062 400 2097 vicit
413 2062 587 2107 eloquium
602 2063 752 2109 Ulyssis3
772 2062 927 2106 Euripid.
944 2076 991 2096 vs.

324 2128 335 2148 1
347 2127 386 2160 ¹9
400 2127 470 2158 seq.
488 2133 530 2139 ——
546 2116 690 2148 Favebat
710 2114 858 2159 eleganti
880 2120 992 2147 meta-

321 2167 429 2212 phora
457 2180 612 2210 am-orem
636 2167 823 2212 exprimitr
845 2179 914 2211 quo
930 2180 992 2210 pa-

322 2227 438 2254 rentes
451 2219 705 2264 amplectuntur
716 2218 992 2253 liberos.—15olus

320 2279 357 2305 et
371 2274 517 2305 solitudo
534 2270 576 2305 de
593 2271 632 2305 iis
647 2268 773 2305 dicitur
790 2270 847 2314 qui
865 2282 991 2314 paren—

323 2325 413 2359 tibus
431 2351 440 2366 ,
466 2324 668 2369 conjugibus
688 2350 703 2366 r
725 2323 839 2357 liberis
869 2323 992 2367 privati

322 2383 414 2410 sunt.
423 2375 552 2409 —Plus
561 2375 811 2420 quamfemt‘na,
827 2387 991 2419 superans

323 2441 441 2462 sexum
461 2440 561 2462 suum
585 2427 771 2461 tolerandis
791 2426 993 2461 calamitati-

322 2481 404 2521 hus;
425 2480 474 2515 IX
486 2505 495 2523 ,
513 2480 575 2522 543
587 2505 595 2521 ,
607 2482 687 2522 plus
701 2477 992 2523 quamftrrepuel-

323 2535 391 2565 lam
403 2533 506 2565 Posse
515 2539 625 2574 pules,
651 2543 710 2574 ego
725 2532 807 2564 duta
821 2533 891 2564 tuli.
904 2530 991 2564 Tan.

325 2583 437 2617 Faber
453 2582 486 2616 h.
504 2594 590 2615 vers.
608 2581 651 2615 ad
666 2581 747 2616 artis
761 2580 893 2627 regulas
908 2593 992 2614 mo—

325 2647 400 2668 rose
417 2633 613 2668 examinans
625 2658 635 2675 ,
652 2632 749 2667 valde
765 2646 847 2667 eum
861 2633 993 2677 impro-

325 2686 383 2719 bat
397 2711 406 2727 ,
430 2683 660 2729 emendatque
675 2710 684 2727 ,
708 2685 847 2719 Fortiter
864 2684 992 2729 iafi'lix.

327 2735 466 2772 AEstum
484 2736 556 2779 eius
576 2735 752 2780 componit
771 2735 993 2770 Burmannus

1056 1444 1114 1488 qui
1129 1442 1249 1477 suadet
1260 1468 1271 1485 ‚
1288 1443 1397 1476 Fortis
1410 1443 1469 1485 (at
1480 1440 1599 1485 infelix
1613 1441 1625 1484 )
1637 1439 1652 1482 Ἀ,
1664 1452 1725 1475 ve-

1055 1510 1133 1530 rum
1150 1496 1231 1530 illud
1247 1503 1286 1530 at
1302 1496 1357 1530 hic
1368 1495 1423 1529 vix
1437 1495 1541 1529 habet
1555 1506 1655 1542 suum
1672 1495 1727 1529 lo-

1054 1560 1144 1582 cum.
1162 1547 1262 1581 Ordo
1275 1547 1461 1580 verborum
1471 1546 1618 1581 debebat
1629 1559 1699 1581 esse
1715 1572 1724 1588 ‚

1055 1598 1151 1642 virgo
1172 1623 1181 1640 ,
1208 1596 1323 1630 infelix
1336 1621 1346 1639 ‚
1376 1596 1436 1631 sed
1465 1596 1562 1630 fortis
1588 1603 1623 1630 et
1651 1596 1726 1641 plus

1055 1662 1159 1694 quam
1173 1648 1302 1683 semina
1319 1661 1327 1683 :
1343 1648 1401 1682 sed
1420 1648 1514 1682 licuit
1531 1654 1641 1693 poetae
1654 1647 1726 1682 haec

1054 1701 1158 1735 verba
1182 1707 1407 1745 transponere
1422 1725 1433 1743 2
1458 1706 1498 1733 ut
1520 1699 1648 1734 centies
1671 1698 1725 1733 sa-

1055 1759 1150 1787 ctum
1166 1751 1338 1786 videmus.

1099 1804 1173 1847 453.
1190 1804 1324 1837 stlemor
1334 1805 1406 1842 sui,
1425 1814 1459 1836 se
1474 1814 1545 1836 esse
1556 1800 1728 1847 virginem

1055 1856 1186 1901 regiam
1198 1882 1206 1897 ,
1224 1862 1258 1889 et
1272 1855 1426 1888 animum
1438 1853 1566 1887 sortem
1579 1865 1728 1887 servans.

1057 1907 1132 1942 Hos
1145 1920 1265 1941 mores
1276 1906 1381 1951 spirat-
1398 1912 1467 1940 tam
1482 1899 1729 1950 quae'sequitur

1056 1960 1165 1994 oratio
1180 1985 1190 2003 ,
1211 1971 1315 2004 quam
1333 1957 1491 2004 praeclara
1507 1956 1607 1992 caedis
1624 1956 1726 2002 ipsius

1055 2011 1208 2046 narratio
1221 2037 1230 2054 ,
1247 2023 1330 2044 vers.
1348 2010 1503 2054 475-480
1516 2034 1524 2050 ,
1546 2007 1588 2042 ad
1605 2020 1728 2042 exem-

1054 2064 1152 2108 plum
1168 2061 1364 2106 Euripidis,
1380 2074 1427 2094 vs.
1445 2060 1509 2103 345
1525 2060 1727 2104 sqq—Fera

1054 2126 1152 2147 sacra
1163 2126 1172 2147 :
1184 2111 1343 2146 nonnulli
1350 2111 1537 2156 scrofulas
1552 2111 1727 2145 unus-Me-

1055 2165 1170 2200 diceus
1184 2165 1266 2208 sera
1290 2167 1389 2198 busta
1401 2191 1410 2204 ‚
1441 2163 1535 2198 unde
1562 2163 1726 2202 Heinsius

1054 2216 1194 2260 conjicit
1198 2216 1279 2259 sera
1281 2216 1390 2259 justa.
1403 2215 1488 2248 fibra
1497 2227 1595 2248 sacra
1605 2214 1640 2248 in
1654 2214 1729 2248 Re-

1053 2268 1113 2313 giis
1123 2267 1306 2303 codicibus.
1315 2267 1496 2301 Sibisacra
1503 2270 1630 2309 parari,
1647 2279 1723 2312 pro,

1054 2333 1088 2354 se
1108 2319 1315 2353 destinatam
1335 2331 1405 2353 esse
1429 2318 1572 2353 hostiam
1586 2344 1595 2361 ,
1621 2318 1726 2351 etiam

1055 2372 1145 2417 apud
1159 2371 1342 2417 Virgilium
1353 2397 1362 2414 ,
1379 2370 1461 2404 AEn.
1477 2371 1530 2413 II,
1555 2370 1622 2404 132.
1637 2370 1719 2405 Non

1054 2432 1171 2460 autem
1187 2431 1261 2458 tum
1279 2423 1421 2458 demum
1437 2425 1556 2462 sensit,
1574 2421 1638 2457 sed
1649 2422 1720 2466 jam

1055 2484 1133 2511 ante
1150 2475 1597 2521 cognorat—Neoptolemus
1608 2487 1720 2509 sacer-

1054 2529 1116 2563 dos
1126 2534 1198 2562 erat
1209 2528 1414 2562 constitutus
1426 2525 1528 2570 liujus
1544 2525 1697 2561 sacrificii
1710 2540 1719 2568 ;

1054 2579 1238 2625 Euripides
1249 2605 1261 2622 ,
1274 2591 1359 2612 vers.
1373 2578 1445 2611 223.
1459 2577 1650 2622 Quomodo
1665 2577 1721 2611 in-

1054 2631 1194 2666 terfecta
1211 2631 1252 2665 sit
1266 2657 1275 2673 ,
1296 2629 1478 2674 diligenter
1496 2629 1599 2663 matri
1616 2627 1723 2669 refert

1055 2682 1258 2729 Talthybius
1274 2681 1356 2716 ibid.
1371 2694 1458 2715 vers.
1475 2683 1534 2715 521
1553 2694 1625 2726 sqq.

1097 2737 1170 2780 457.
1185 2735 1388 2769 Jamdudum
1395 2760 1404 2776 ,
1423 2733 1591 2768 continuo
1603 2758 1612 2776 ,
1621 2744 1729 2780 quam
