1820 3106
315 194 1193 279 7ΜΕΤΑΜΟΒΡΗΟΞΕΟΝ·ΙΛΙΒ.
1229 230 1383 273 VIII.
1517 245 1572 290 27

139 326 363 391 Sanguine
389 337 433 375 et
455 325 558 389 igne
581 324 749 372 micant
772 322 918 382 oculi;
943 323 1059 386 riget
1079 321 1216 371 ardua
1239 323 1381 370 cervix
1401 342 1411 381 ;

139 407 200 454 Et
219 416 320 454 setae
342 402 491 453 densis
515 401 681 451 similes
702 401 942 450 hastilibus
963 399 1175 458 horrent;

139 483 355 547 Stantque
381 479 502 529 velut
522 478 709 539 vallum,
733 479 856 529 velut
877 478 965 528 alta
987 477 1187 536 hastilia,
1212 489 1341 526 setae:

137 558 321 621 Fervida
344 578 445 608 cum
468 577 601 607 rauco
625 557 742 607 latos
764 557 954 607 stridore
978 576 1058 624 per
1078 575 1225 615 armos

137 638 306 705 Spuma
324 636 425 686 fluit
443 657 454 686 :
477 636 630 686 dentes
655 648 886 704 aequantur
908 635 1119 684 dentibus
1144 634 1269 682 Indis
1290 653 1300 682 ε

135 714 320 765 Fulmen
343 715 399 764 ab
421 734 495 765 ore
513 715 656 774 venit3
676 714 859 764 frondes
878 714 1116 764 adflatibus
1134 713 1304 762 ardent.

136 795 182 842 Is
203 794 338 843 modo
363 794 576 843 crescenti
601 805 770 858 segetes
785 792 1017 860 proculcat
1038 792 1086 840 in
1109 791 1276 840 herba:

136 943 263 966 rcanus
273 957 282 975 ,
291 941 361 977 pro*
371 937 419 974 et,
433 932 586 978 positum
599 932 731 978 accipit.
743 931 823 966 Lo-

135 982 309 1018 vaniensis
323 982 428 1019 habet
443 991 492 1026 et,
508 997 583 1020 non
598 984 823 1020 male.—Re-

137 1036 182 1082 gii
200 1036 335 1079 nostri,
353 1038 426 1071 sed.
525 1079 528 1080 ⁷

179 1088 255 1131 284.
280 1089 468 1133 Sanguine,
497 1088 646 1132 scilicet,
669 1088 791 1124 sussusi
810 1115 820 1133 ‚

136 1138 218 1184 quia
227 1139 318 1174 oculi
329 1140 409 1185 igne
420 1140 612 1175 rubescunt
626 1153 634 1175 :
646 1141 699 1175 XI
711 1167 719 1183 ‚
736 1140 801 1174 368
811 1167 820 1184 ,

135 1193 236 1226 rubra
250 1191 408 1237 suffusus
418 1194 721 1238 luminaflarmna‚·
738 1192 823 1228 AEn.

139 1245 176 1280 II
185 1271 195 1288 ,
215 1257 280 1279 210
290 1271 299 1288 ,
313 1245 542 1290 Ardentesque
552 1247 668 1281 oculos
683 1245 827 1290 suffecti

135 1301 300 1342 sangeu‘ne
307 1306 342 1334 et
349 1301 582 1343 ι’ςηιζ-Ιίιζςοί
587 1301 696 1333 ardua
705 1326 713 1340 ‚
727 1306 822 1334 recta

138 1353 274 1388 eminet
286 1379 296 1396 ,
320 1360 361 1387 ut
378 1352 454 1397 XI,
477 1353 539 1387 156
553 1378 563 1396 ,
593 1355 680 1397 riget
693 1354 821 1387 arduus

143 1405 291 1439 Tmolus.
305 1423 350 1430 —
361 1405 488 1439 Ardua
501 1417 521 1439 e
533 1404 564 1439 F
564 1404 820 1439 rancosurtensi

137 1458 235 1494 dedit
246 1459 473 1495 Burmannus
485 1484 494 1502 ,
514 1457 596 1503 quia
614 1457 724 1492 ardua
741 1471 821 1493 cer-

136 1510 193 1545 vix
201 1510 302 1546 obvia
312 1509 405 1556 apud
419 1509 699 1556 poetas.—Regii
710 1509 822 1545 nostri

134 1560 268 1596 habent
290 1563 427 1596 horrida
440 1588 450 1603 ,
480 1561 573 1607 quod
603 1561 820 1607 praetulerim

135 1620 282 1659 propter
302 1626 344 1648 ea
375 1626 454 1659 quae
477 1613 634 1659 proxime
663 1613 756 1649 dicet
778 1614 820 1649 cl.

140 1665 266 1710 Gany.
282 1664 347 1701 Ed.
355 1684 401 1691 -—
411 1665 500 1711 Apri
515 1678 588 1700 non
599 1665 731 1700 habent
742 1679 822 1701 cer·

135 1716 248 1751 vicem
258 1724 412 1752 erectam
422 1744 432 1762 ,
450 1716 512 1752 sed
524 1730 685 1763 pronam.
695 1718 820 1762 Itaque

135 1770 350 1815 praetulerim
370 1797 380 1815 ‚
414 1771 508 1816 quod
546 1778 675 1817 praeter
705 1783 822 1805 unum

138 1822 246 1858 MSS.
255 1835 380 1858 omnes
391 1823 524 1859 habent
536 1850 546 1867 ‚
561 1827 647 1868 riget
659 1825 814 1866 horrida,

137 1884 176 1911 ut
194 1876 283 1912 dura
300 1904 310 1921 ,
335 1877 526 1912 immobilis
542 1878 659 1913 cervix
676 1877 821 1913 indice-

136 1935 196 1964 tur
213 1955 223 1972 ,
256 1930 338 1964 setis
354 1929 603 1965 eminentibus.
629 1930 703 1964 Aut
717 1933 823 1975 rigere

136 1989 302 2017 naturam
331 1991 488 2018 setarum
519 1982 684 2028 exprimit
703 1995 711 2018 :
732 1996 821 2019 vers.

135 2034 213 2078 428,
226 2036 346 2079 regnun-
353 2036 523 2069 horrentia
530 2037 623 2070 setis.
635 2035 716 2070 Hoc
725 2046 822 2070 sum-

136 2093 174 2121 to
189 2100 308 2123 versus
324 2088 502 2134 proximus
519 2087 701 2123 delendus.

183 2143 259 2176 285.
276 2143 327 2176 Et
339 2149 419 2177 seta
434 2144 549 2177 densis
564 2149 629 2178 etc.
650 2142 770 2187 Hujus
787 2149 822 2178 et

137 2194 315 2238 sequentis
341 2195 551 2231 alterutrum
578 2208 720 2230 versum
750 2195 821 2231 de-

136 2244 284 2280 lendum
295 2259 368 2282 esse
379 2273 390 2290 ‚
408 2254 562 2292 apparet.
572 2248 736 2283 Priorem
752 2248 823 2282 im·-

139 2298 264 2343 probat
272 2298 688 2344 Heinsius,posteriorem
697 2302 821 2337 Burm.

138 2349 297 2385 Gronov.
316 2350 402 2386 Obs.
422 2351 500 2395 111,
518 2353 557 2387 ιδ
570 2378 580 2396 ,
600 2354 692 2398 conj.
710 2357 824 2391 vallus

138 2403 193 2438 vel
207 2406 304 2439 valli.
320 2422 365 2430 -
385 2404 517 2450 Regius
543 2405 574 2439 A
595 2419 737 2442 versum
759 2409 822 2443 285

137 2456 280 2501 respuit.
300 2475 346 2483 —-
363 2456 399 2492 si
415 2457 488 2492 haec
506 2464 671 2503 tuemur,
697 2462 824 2495 vallum

138 2521 158 2543 e
181 2508 330 2553 conjeet.
359 2508 531 2544 Gronovii
557 2510 594 2545 in
620 2513 709 2546 valli
734 2525 824 2547 mu-

138 2561 298 2596 tandum.
309 2562 415 2597 Forte
425 2563 529 2598 ambo
539 2576 659 2598 versus
670 2563 823 2600 delendi.

137 2633 183 2640 —
197 2616 322 2659 Spuma
337 2628 427 2662 saepe
444 2617 526 2651 seris
538 2617 633 2652 iratis
650 2617 825 2653 tribuitur.

139 2666 211 2702 Sed
240 2667 369 2702 Noster
391 2681 470 2703 eam
494 2669 575 2703 facit
592 2669 763 2714 fervidam
789 2676 825 2705 et

138 2734 242 2755 rauco
257 2723 399 2756 stridore
409 2721 638 2758 defluentem.
650 2723 742 2758 Satis
755 2730 827 2758 ter-

139 2771 547 2819 ribiliter.—AEquar1tur,
573 2787 646 2810 non
667 2774 822 2811 candore

1511 813 1576 849 29⁰

889 930 905 978 (
917 944 1122 978 quanquam
1133 931 1316 965 Homerus
1325 929 1491 963 candidos
1500 926 1575 971 ejus

889 985 1013 1021 dentes
1023 983 1231 1030 memorat),
1241 983 1302 1019 sed
1314 980 1575 1028 magnitudine:

888 1049 963 1072 non
981 1037 1078 1071 enim
1098 1036 1240 1071 laudare
1261 1035 1336 1070 vult
1353 1035 1470 1068 serum
1485 1059 1493 1075 ,
1514 1031 1574 1066 sed

887 1089 1094 1124 horribilem
1109 1088 1317 1123 describere.
1335 1087 1432 1122 Insra
1446 1112 1455 1129 ,
1471 1096 1575 1118 versu

889 1143 977 1189 429,
1004 1143 1138 1185 magnis
1160 1142 1310 1184 insignia
1329 1140 1481 1173 dentibus
1506 1150 1575 1171 ora.

886 1196 1039 1228 -lndus
1050 1221 1058 1235 ‚
1075 1192 1216 1228 Indicus
1230 1218 1239 1236 ,
1252 1199 1292 1226 ut
1300 1192 1459 1231 murus,
1474 1189 1576 1223 Mau-

888 1247 1001 1290 ricus,
1021 1253 1086 1280 etc.
1101 1265 1144 1271 —
1164 1245 1219 1279 De
1231 1245 1381 1289 fulmine
1402 1243 1476 1288 apri
1496 1242 1573 1276 vide

889 1300 931 1335 ad
946 1301 979 1343 1,
1003 1301 1068 1334 305
1085 1314 1092 1342 ;
1104 1299 1310 1344 fulmineum
1319 1311 1358 1333 os
1369 1305 1421 1333 est
1434 1298 1470 1333 11
1483 1298 1575 1332 Fast.

887 1355 963 1389 232.
982 1355 1088 1389 Nunc
1109 1353 1217 1399 possis
1237 1353 1420 1388 flammam
1441 1365 1460 1386 e
1484 1364 1575 1397 pec-

886 1413 963 1441 tore
987 1407 1180 1452 spirantem
1206 1405 1401 1452 intelligere
1429 1418 1449 1439 e
1471 1416 1576 1438 versu

886 1459 963 1494 356.
977 1458 1029 1494 Ea
1039 1457 1363 1502 ardebantsrondes.
1377 1458 1471 1492 Ante
1488 1469 1577 1490 ocu—-

886 1511 937 1546 los
962 1512 1091 1546 Noster
1124 1511 1243 1546 locum
1275 1509 1415 1556 Apuleii
1448 1509 1574 1544 Meta—

886 1562 1025 1610 morph.
1049 1574 1121 1598 vul
1136 1590 1145 1606 ,
1171 1563 1207 1597 in
1226 1562 1460 1608 descriptione
1478 1561 1573 1607 apri,

885 1615 1047 1651 habuisse
1063 1615 1215 1651 videtur.

932 1681 1007 1716 290.
1026 1670 1064 1702 Is
1075 1670 1173 1703 modo
1187 1671 1369 1711 crescent1'‚·
1381 1667 1470 1702 olim
1485 1680 1575 1701 cres-

885 1728 1019 1756 centes:
1038 1720 1207 1756 Heinsius
1221 1720 1264 1755 de
1281 1733 1345 1755 suo
1356 1747 1365 1764 ,
1385 1723 1571 1760 crescenti,-

885 1785 985 1819 posse
1013 1780 1134 1809 tamen
1161 1773 1269 1808 etiam
1294 1773 1361 1818 legi
1389 1777 1573 1807 crescentes

885 1832 1026 1870 segetem
1045 1828 1225 1870 proculcat
1246 1829 1281 1861 in
1307 1827 1428 1860 herbas
1446 1836 1458 1867 ,·
1484 1836 1569 1858 nam

885 1880 1006 1912 herbas
1025 1891 1098 1912 esse
1122 1877 1159 1911 in
1186 1877 1374 1912 nonnullis.
1405 1896 1449 1902 —-
1469 1876 1572 1922 Regii

886 1931 1019 1975 nostri,
1047 1938 1231 1966 crescentes
1249 1956 1326 1966 .....
1347 1934 1384 1966 in
1398 1932 1512 1966 herba.
1528 1948 1572 1955 -—

887 1985 1070 2019 Homerus
1080 1996 1153 2018 non
1164 1983 1231 2018 nisi
1242 1984 1383 2019 arbores
1393 1983 1477 2018 altas
1487 1996 1570 2018 cum

890 2037 1064 2073 radicibus
1083 2043 1119 2072 et
1134 2036 1280 2072 floribus
1298 2037 1443 2079 excisas,
1462 2035 1574 2070 homi-

886 2103 1020 2136 nesque
1050 2090 1180 2125 multos
1205 2089 1395 2124 trucidatos
1417 2089 1572 2123 breviter

886 2149 1073 2179 memorat.
1087 2142 1223 2178 Confer
1232 2142 1502 2188 Apollodorum,
1512 2141 1571 2176 ubi

886 2204 942 2240 τὴν
955 2205 1012 2243 γῆν
1026 2199 1154 2245 ἄσπορον
1166 2199 1257 2233 ἐτίθει
1272 2204 1337 2232 etc.
1346 2215 1391 2222 -
1403 2199 1579 2232 Crescentz‘

886 2255 922 2286 ιἰι
939 2252 1043 2285 herba
1056 2277 1064 2290 ‚
1084 2257 1243 2285 teneram
1262 2256 1428 2296 segetem.
1448 2249 1508 2284 Sic
1525 2255 1573 2282 te-

886 2316 968 2337 nera
981 2305 1018 2337 in
1031 2304 1132 2337 herba
1143 2329 1152 2342 ,
1171 2302 1338 2348 Virgilius
1352 2329 1361 2346 ‚
1384 2301 1513 2346 Georg.
1532 2301 1548 2334 I
1562 2325 1574 2343 ‚

891 2369 952 2391 112
969 2369 978 2397 ;
996 2362 1033 2391 et
1051 2358 1172 2400 primis
1193 2357 1233 2389 in
1256 2357 1367 2390 herbt‘s
1378 2382 1386 2396 ,
1417 2355 1547 2389 Noster
1562 2379 1573 2395 ‚

888 2408 937 2451 V,
955 2409 1030 2451 482.
1042 2409 1178 2444 -Non
1191 2408 1282 2443 bene
1297 2406 1466 2441 Heinsius
1483 2417 1576 2451 prae-

887 2460 1046 2504 serebat,
1070 2462 1147 2495 Non
1168 2460 1224 2494 vel
1240 2473 1301 2494 nec
1322 2465 1472 2499 matura,
1495 2470 1574 2493 eam

888 2513 1035 2559 quidem
1048 2514 1092 2549 ob
1105 2526 1244 2549 causam
1255 2539 1264 2556 ,
1279 2511 1373 2558 quod
1385 2511 1460 2546 leve
1470 2512 1488 2545 s
1486 2511 1576 2547 uerit

890 2565 1062 2601 damnum
1076 2592 1085 2610 ,
1103 2566 1130 2600 si
1144 2572 1292 2600 matura.
1306 2565 1450 2600 Rectius
1462 2564 1575 2599 multo

888 2618 1134 2653 Burmannus:
1146 2632 1163 2648 (ε
1176 2620 1276 2654 Nunc
1289 2623 1421 2652 matura
1430 2617 1576 2659 retinui,

890 2670 971 2716 quia
988 2670 1103 2715 major
1118 2677 1154 2705 et
1172 2669 1378 2716 praesentior
1404 2669 1525 2713 dolor,
1547 2669 1575 2703 si

888 2723 962 2768 jam
987 2730 1127 2758 matura
1145 2749 1155 2767 ‚
1185 2736 1263 2768 quae
1290 2730 1514 2769 tempestates
1540 2729 1575 2756 et

889 2775 1102 2813 calamitates
1123 2776 1269 2812 evasisse
1287 2775 1453 2811 videntur
1465 2801 1476 2819 ,
1493 2776 1574 2809 sru-
