1820 3106
306 215 1073 267 'METAMORPHOSEON
1100 222 1238 268 LIB.
1279 226 1341 269 X.

129 316 312 375 Dicere,
335 314 578 373 conticuit;
605 315 912 383 promissaque
936 317 1118 367 numine
1141 317 1299 367 firmat.

1483 229 1563 289 195

1499 336 1568 382 430

128 396 260 445 Festa
278 394 363 463 piae
386 394 559 444 Cereris
583 392 872 443 celebrabant
895 414 1041 444 annua
1063 407 1224 445 matres

130 471 238 532 Illa,
264 472 431 540 quibus
455 472 582 520 nivea
603 470 755 521 velatae
778 491 969 540 corpora
994 486 1113 523 veste

131 551 356 608 Primitias
377 549 558 615 frugum
580 550 712 610 dant,
735 551 883 619 spicea
907 564 1045 610 serta,
1074 571 1281 611 suarum;

130 631 304 698 Perque
326 648 485 678 novem
508 639 662 678 noctes
683 629 925 688 Venerem,
952 641 1186 697 tactusque
1208 629 1356 680 viriles

129 710 183 758 In
206 708 356 758 vetitis
375 719 638 757 numerant:
664 707 797 757 turba
821 708 1062 757 Cenchreis
1086 709 1134 756 in
1158 708 1236 758 illa

1503 723 1570 771 435

129 787 268 852 Regis
291 787 419 836 abest
441 786 604 852 conjux
621 824 633 845 ,
660 806 907 854 arcanaque
933 807 1053 836 saera
1075 787 1342 856 frequentat.

127 866 252 930 Ergo
273 864 473 929 legitima
495 884 661 914 vacuus
688 865 793 914 dum
813 865 1003 931 conjuge
1025 864 1167 915 lectus
1182 903 1194 924 ,

128 982 313 1026 Caesenas,
328 983 463 1028 primus
474 981 648 1017 Gronovii
660 1008 669 1026 ,
685 988 721 1017 et
733 981 818 1017 duo-

94 1044 99 1047 '
127 1036 243 1072 decim
259 1036 489 1083 alit—Regii
507 1037 640 1080 nostri,
659 1050 779 1072 amore.

172 1090 248 1133 430.
268 1091 446 1124 Promissa
460 1093 595 1124 nurnine
598 1092 723 1135 firmat
736 1091 819 1124 bre-

128 1141 220 1176 viter
234 1149 272 1176 et
286 1141 368 1177 satis
383 1142 563 1188 eleganter
579 1142 664 1176 mihi
683 1142 818 1178 dictum

129 1194 273 1231 videtur
298 1207 365 1241 pro
382 1221 392 1239 ‚
425 1208 488 1240 per
516 1208 653 1230 numen
687 1196 820 1240 jurans.

129 1248 362 1282 Burmannus
385 1259 470 1282 vero
494 1248 621 1293 prioris
648 1247 819 1283 Gronovii

130 1300 398 1336 MSlectionem
406 1301 547 1346 praefert
559 1313 567 1335 ι
579 1302 712 1338 Dicere.
722 1301 820 1344 jura-

129 1358 165 1387 lo
172 1355 407 1398 promissaque
420 1356 555 1387 nurnine
554 1354 686 1398 firmat.
703 1352 819 1387 Causa

131 1404 198 1440 hoc
211 1403 498 1451 praeserendisuit
508 1404 582 1441 haec
591 1432 601 1449 ,
614 1405 694 1450 quia
698 1405 819 1449 jurare

129 1470 250 1492 numen
266 1469 330 1504 pro
341 1483 352 1501 ,
368 1456 490 1502 jurare
499 1469 564 1502 per
578 1470 700 1492 numen
722 1464 817 1492 recte

129 1510 258 1546 dicitur
269 1513 284 1553 ’ς
308 1509 379 1545 vid.
395 1509 576 1546 Drakenb.
601 1511 645 1546 ad
662 1511 790 1546 Silium
805 1537 815 1555 ,

130 1562 244 1608 VIII,
267 1565 339 1598 105.

171 1617 246 1662 431.
264 1618 368 1652 Festa
380 1620 449 1662 pioe
467 1619 607 1653 Cereris.
634 1618 677 1652 In
700 1617 819 1652 hono-

126 1682 204 1705 rem
221 1668 364 1705 Cereris
373 1677 565 1719 θεσμοᾳομυ
578 1696 587 1713 ,
605 1683 631 1705 s.
642 1670 794 1716 legiferae
805 1697 814 1715 ,

124 1735 241 1757 annua
252 1735 349 1757 sacra
366 1735 386 1757 a
402 1722 522 1757 multis
535 1721 680 1757 Graeciae
695 1722 819 1757 civita-

128 1775 242 1819 tibus,
270 1775 421 1810 maxima
442 1782 560 1810 autem
587 1774 757 1820 religione
775 1775 818 1809 ab

126 1827 818 1873 Atheniensibus,celebrabantur,Thes-

126 1880 314 1927 mophoria
339 1880 423 1915 inde
451 1880 552 1915 dicta.
576 1880 698 1925 anue
722 1893 817 1915 sacra

125 1935 203 1970 sine
221 1935 330 1970 dubio
350 1942 386 1970 et
408 1934 475 1970 hoc
492 1934 570 1970 loco
590 1935 818 1982 intelligenda

127 1995 222 2023 sunt.
234 1988 444 2034 Agebantur
457 1988 555 2023 enim
570 2001 641 2024 non
655 1989 721 2024 nisi
734 2002 751 2024 a
765 1989 818 2024 se-

127 2041 235 2077 minis
246 2041 408 2088 ingenuis
425 2041 507 2076 inde
526 2054 546 2076 a
563 2041 619 2076 die
635 2044 674 2086 ¹4
687 2043 818 2078 mensis

128 2094 383 2143 Pyanepsionis
411 2093 429 2141 (
455 2095 515 2141 qui
539 2102 614 2130 erat
639 2096 818 2130 mensium

128 2146 389 2182 autumnalium
406 2146 565 2193 primus)
584 2159 648 2193 per
660 2147 816 2194 quinque

127 2199 213 2235 dies.
225 2200 397 2236 Mulieres
411 2200 478 2242 illae
491 2201 613 2236 velatae
629 2209 730 2236 erant
742 2215 819 2237 ves-

126 2257 218 2289 tibus
233 2255 340 2288 m'm’s
351 2281 359 2294 ‚
385 2253 422 2288 in
439 2253 580 2299 signum
597 2254 818 2291 intemeratae

125 2306 333 2350 sanctitatis,
344 2312 379 2340 et
390 2318 499 2351 quum
510 2318 574 2351 per
582 2306 818 2352 quinqueillas

126 2365 272 2403 noctes,
296 2366 374 2394 tum
397 2372 462 2404 per
485 2365 638 2403 quatuor
661 2359 817 2404 proxime

124 2410 364 2458 precedentes
374 2437 384 2455 ,
399 2418 434 2446 et
446 2423 465 2446 a
481 2413 608 2445 Venere
618 2411 793 2447 abstinere
808 2438 818 2456 ,

124 2471 161 2499 et
186 2476 334 2499 summae
357 2462 539 2499 modestiae
562 2476 707 2509 operam
734 2463 818 2500 dare

124 2515 313 2551 debebant.
345 2515 443 2551 Hinc
466 2520 535 2561 μίαν
562 2521 687 2550 matres
708 2527 720 2558 ‚⁸
750 2520 819 2562 μία

126 2568 226 2604 enim
243 2595 252 2613 ,
276 2581 353 2614 quae
372 2569 534 2603 Deorum
553 2582 647 2604 sacra
669 2569 732 2604 rite
750 2582 818 2604 co·-

124 2622 206 2658 lunt
224 2635 232 2657 :
252 2622 332 2658 vide
352 2623 501 2658 Meursii
524 2623 636 2659 Graec.
656 2624 819 2659 feriatam

125 2674 161 2708 in
173 2677 379 2725 Seaepofipcoe.
388 2677 619 2710 Burmannus
629 2682 747 2710 tamen
758 2689 818 2721 pu-

126 2733 201 2771 tat,
218 2728 254 2762 in
273 2728 393 2763 animo
410 2728 569 2764 habuisse
588 2736 728 2774 poetam
748 2731 819 2764 ses-

126 2786 206 2815 tum
215 2779 340 2816 Cereri
349 2794 501 2824 sacrum,
514 2781 608 2827 quod
618 2781 653 2816 in
665 2781 816 2817 Oriente

881 981 1099 1016 celebratum
1120 981 1164 1016 sit
1186 983 1243 1026 (at
1262 981 1360 1017 istius
1377 982 1455 1016 sesti
1477 982 1574 1018 nulla

884 1041 993 1069 exstat
1010 1033 1220 1080 memoria);
1238 1048 1322 1069 nam
1340 1034 1376 1068 in
1388 1035 1573 1070 Thesmo-

883 1085 1014 1131 phoriis
1027 1093 1096 1122 tres
1109 1087 1217 1121 modo
1230 1094 1351 1122 noctes
1363 1100 1497 1133 purese
1512 1087 1577 1122 ha-

885 1139 999 1174 buisse
1011 1147 1192 1174 matronas
1201 1138 1244 1186 ὴ(
1255 1139 1349 1185 quod
1363 1146 1413 1174 est
1427 1141 1552 1175 salsum
1566 1155 1575 1183 ;

885 1191 956 1226 vid.
971 1194 1106 1226 Pollert'
1117 1191 1290 1227 Archaeol.
1308 1191 1421 1240 Graeq,
1438 1193 1552 1228 tom-I
1566 1219 1576 1237 ,

884 1256 918 1289 p.
932 1244 996 1278 883
1010 1270 1019 1288 ,
1039 1243 1095 1278 ed.
1108 1243 1261 1287 Ramb.)
1276 1257 1392 1289 neque
1405 1257 1441 1279 se
1455 1244 1498 1279 de
1510 1245 1578 1290 pri·

884 1298 990 1332 mitiis
1020 1298 1144 1334 oblatis
1174 1299 1370 1344 quidquam
1396 1300 1576 1345 reperisse.

884 1351 1015 1395 Negavi
1043 1364 1126 1386 sane
1153 1364 1227 1385 non
1251 1358 1385 1397 potest,
1407 1352 1579 1398 primitias

882 1415 957 1437 non
975 1410 1049 1437 tam
1067 1403 1101 1438 in
1123 1403 1414 1450 Thesmophoriis
1429 1431 1438 1448 ,
1467 1418 1576 1451 quam

881 1455 919 1490 in
934 1461 1097 1496 θαλυσιόις
1108 1456 1223 1502 potius
1233 1484 1242 1502 ,
1256 1457 1387 1492 oblatas
1400 1456 1525 1492 Cereri
1541 1465 1578 1493 et

882 1508 1024 1544 Baccho
1034 1536 1044 1553 ,
1063 1510 1125 1544 sed
1137 1510 1268 1546 Noster
1282 1523 1355 1545 non
1369 1510 1479 1546 semel
1490 1524 1578 1547 con-

879 1562 973 1599 fudit
984 1562 1177 1598 diversa.—-
1184 1566 1221 1600 V
1214 1568 1313 1599 eluloe
1322 1578 1464 1610 corpora
1474 1573 1576 1601 veste.

882 1615 1116 1651 Burmannus
1133 1617 1254 1652 mallet
1273 1630 1355 1653 cum
1372 1618 1575 1653 Genevensi

883 1671 1004 1702 velatoe
1020 1675 1169 1713 tempora
1186 1673 1284 1704 ve'lta.
1294 1671 1448 1716 —Regii
1464 1672 1576 1706 nostri

882 1722 1061 1768 vulgatam
1077 1723 1271 1758 habent.—
1286 1726 1320 1758 T
1313 1732 1475 1770 actusque
1491 1729 1577 1760 vlri-

883 1777 950 1816 les,
972 1776 1181 1811 concubitus
1199 1790 1280 1812 cum
1298 1778 1432 1812 maritis
1448 1791 1455 1812 τ
1471 1778 1575 1824 vulgo

882 1834 1059 1872 tuclusque
1065 1830 1369 1876 virorum.-Regii
1383 1830 1493 1864 nostri
1505 1838 1576 1866 tar-

882 1886 1000 1925 rusque
1010 1883 1147 1923 virilem
1168 1880 1363 1928 elegantior
1378 1882 1491 1917 lectio.
1507 1885 1575 1918 Ed.

928 1933 1002 1976 435.
1017 1934 1196 1968 Cenchreis
1206 1934 1261 1968 vel
1277 1935 1431 1968 Cencretlr
1443 1934 1576 1969 habent

885 1984 1017 2031 Regius
1027 1993 1149 2021 noster
1160 1987 1203 2031 B,
1214 1986 1442 2022 Florentinus
1453 1987 1576 2022 Sancti

884 2038 1018 2082 Marci,
1034 2040 1297 2086 Berneggerian
1304 2053 1343 2075 us
1354 2066 1364 2084 ,
1377 2036 1576 2086 Neapolita-

885 2104 951 2126 nus
960 2118 969 2135 ,
985 2090 1190 2139 Cantabrig.
1201 2092 1415 2128 Oxoniensis
1425 2094 1573 2140 primus,

885 2151 921 2178 et
935 2144 1110 2180 secundus
1123 2145 1321 2190 Palatinus,
1341 2146 1466 2192 aliique
1477 2159 1576 2181 com-

884 2196 1001 2243 plures
1017 2212 1024 2239 ;
1045 2204 1150 2233 recte.
1170 2199 1302 2245 Regius
1314 2200 1344 2234 Β
1359 2198 1463 2233 habet
1476 2200 1578 2233 Cine-

883 2253 950 2285 retssr
960 2278 968 2291 ‚
994 2263 1060 2296 pro
1082 2251 1223 2297 vulgato
1254 2253 1417 2298 Ct'rtyret's.
1440 2251 1577 2286 Auctor

885 2302 1099 2349 Argument.
1134 2304 1323 2352 Myrrham
1362 2303 1506 2351 Cinyrae
1540 2310 1577 2338 et

888 2357 1105 2391 Cenchreidis
1123 2356 1232 2391 filiam
1250 2357 1333 2391 dicit
1350 2370 1358 2397 ;
1383 2356 1547 2402 Higynus
1563 2381 1573 2400 ,

884 2409 953 2444 sab.
969 2409 1035 2454 68,
1061 2409 1218 2457 Smyrna
1241 2409 1385 2456 Cinyrae
1408 2408 1579 2456 Assyrio-

884 2474 964 2495 rum
979 2462 1069 2507 regis
1086 2469 1122 2496 et
1139 2463 1353 2495 Cencrheidzk
1370 2460 1450 2494 lilia.
1461 2462 1574 2494 hd·—

884 2518 1003 2550 Abest.
1016 2516 1132 2560 Vulgo
1143 2514 1199 2560 (et
1210 2515 1245 2548 in
1261 2521 1383 2548 nostro
1395 2513 1508 2559 Regio
1518 2512 1576 2559 B)

882 2570 990 2601 adest.
1003 2586 1048 2592 -
1063 2567 1193 2612 Regius
1210 2566 1240 2600 Α
1251 2592 1260 2610 ,
1275 2568 1349 2600 abi!
1358 2591 1366 2608 ,
1385 2565 1477 2611 quod
1495 2577 1570 2599 non

885 2621 996 2664 male,
1010 2621 1036 2654 si
1052 2620 1088 2654 in
1101 2633 1203 2654 versu
1215 2618 1426 2665 praecedenti
1443 2619 1576 2653 scribe-

885 2686 922 2707 re
927 2680 938 2706 t
943 2686 983 2706 ur
990 2675 1121 2707 turbam
1135 2674 1312 2708 Cenchreis
1318 2677 1354 2707 ln
1363 2676 1473 2716 illam‚·
1479 2671 1574 2719 quod

882 2728 1005 2763 ferunt
1019 2740 1086 2762 sec.
1103 2727 1176 2762 Pal.
1194 2734 1229 2762 et
1247 2726 1364 2762 Oxon.
1379 2730 1445 2763 Ed.

931 2783 1006 2828 437.
1039 2784 1175 2818 Vacuus
1199 2785 1307 2817 lectus
1319 2810 1327 2824 ,
1351 2795 1463 2828 quum
1489 2781 1576 2815 alter
