1820 3106
248 287 339 331 108*

614 289 667 332 P.
705 289 941 334 OVIDII
976 289 1107 335 NAS
1126 290 1288 335 ONIS

240 378 323 428 Illa
347 379 523 446 quidem
544 382 692 440 venit,
718 381 795 431 sed
816 395 1142 450 praecorrupta,
1166 401 1402 449 meumque
1550 419 1566 423 η
1595 408 1639 444 ²9

1639 395 1660 441 ἘἸ

241 456 353 520 Quae
377 458 537 508 donare
561 473 693 527 caput
716 461 886 508 Junoni
910 460 1040 510 vellet
1062 461 1237 527 iniquae.

239 535 389 601 thue
414 555 532 585 meos
556 538 679 586 audit
701 539 911 602 gemitus,
938 538 1138 587 subsedit
1162 539 1209 586 in
1234 537 1308 586 illa

236 611 355 660 Ante
374 613 492 662 fores
513 634 610 673 ara,
640 615 883 683 dextroque
905 637 929 666 a
953 615 1123 683 poplite
1145 615 1302 664 laevum

236 689 393 740 Pressa
417 710 556 754 genu,
583 692 733 757 digitis
759 693 873 742 inter
897 713 941 742 se
967 693 1140 760 pectine
1161 692 1327 757 junctis

238 825 324 858 quos
340 827 420 850 cum
437 815 613 864 Ganyraeo
626 817 667 852 ad
679 818 703 852 J
706 831 760 852 uv.
773 818 844 854 Sat.
858 819 894 854 II
904 846 914 863 ‚

237 866 279 899 33
292 891 301 909 ‚
326 866 369 901 de
385 869 551 912 partubus
568 869 741 914 implicitis
760 897 769 915 ,
795 871 915 917 impe-

237 918 316 954 ditis
333 919 445 955 adhuc
462 921 496 956 in
515 929 616 957 utero
629 950 638 967 ,
654 924 753 969 capit.
774 925 916 959 Alcme—

235 985 319 1007 nam
334 973 441 1018 igitur
454 973 589 1010 vocasse
604 976 772 1011 Lucinam
786 1003 794 1020 ,
812 985 850 1012 ut
863 991 916 1012 ex-

235 1024 371 1069 pediret
387 1039 495 1061 nexos
511 1028 547 1061 in
565 1034 667 1062 utero
686 1035 803 1073 partus
819 1044 826 1071 3
853 1029 914 1064 sed

234 1089 344 1121 quum
354 1078 472 1113 scribae
482 1092 554 1113 non
565 1088 833 1124 assequerentur
842 1082 914 1116 vim

235 1128 382 1162 istorum
394 1130 583 1164 verborum
596 1157 604 1174 ‚
618 1131 700 1166 inde
714 1140 827 1167 ortam
841 1146 913 1168 esse

234 1181 438 1216 varietatem
454 1182 620 1218 lectionis.
633 1185 710 1230 Ego
721 1198 805 1220 vero
822 1186 915 1220 arbi-

235 1239 323 1277 tror,
336 1234 398 1269 loc.
410 1235 456 1270 ita
472 1249 544 1271 esse
557 1238 842 1272 constituendum
853 1265 862 1282 ,
874 1246 914 1274 ut

234 1286 417 1319 Parcarum
437 1286 494 1322 hic
515 1287 575 1322 fiat
598 1290 742 1324 mentio.
755 1289 914 1325 Dubium

235 1334 331 1368 enim
340 1348 412 1369 non
423 1344 486 1380 est,
498 1338 623 1373 Parcas
634 1352 702 1373 una
710 1353 790 1374 cum
799 1340 914 1375 Diana

233 1387 506 1431 parturientibus
514 1391 687 1435 praesuisse
694 1406 700 1433 ;
706 1392 805 1426 Plato
814 1391 914 1439 Sym-

234 1451 307 1484 pos.
322 1452 355 1484 p.
375 1441 450 1476 ποθ.
474 1440 615 1477 Deinde
634 1443 837 1478 Antoninus
854 1443 915 1477 Li-

233 1491 377 1535 beralis,
397 1492 430 1526 d.
448 1493 468 1527 l.
487 1493 612 1529 diserte
626 1495 752 1539 tradit,
771 1495 915 1530 Alcme-

234 1555 317 1577 nam
327 1544 582 1588 parturientem
592 1546 743 1581 Dianam
753 1548 914 1583 etParcas

234 1602 413 1640 expertam
428 1609 500 1632 esse
518 1597 684 1637 difficiles,
697 1607 858 1657 Μοῖραι,
850 1600 913 1634 in—

237 1646 332 1692 quit,
348 1654 401 1683 και
416 1653 570 1686 Easdem
587 1654 656 1699 πρός
669 1653 764 1708 χάριν
772 1645 876 1703 ‘cissis
869 1670 914 1692 ας

235 1708 375 1744 κατεῖχον
402 1703 429 1736 ἕν
452 1710 519 1741 ταῖς
546 1704 640 1739 ὧδ’ῖσι
665 1710 720 1746 τὴν
742 1709 914 1750 Αλκμήνην.

235 1752 395 1788 Fortasse
412 1767 503 1789 verae
519 1755 675 1791 lectionis
693 1757 835 1803 vestigia
856 1758 913 1793 la-

235 1811 312 1839 tent
322 1805 360 1839 in
370 1805 478 1840 altero
490 1807 692 1842 Tw1sden10
703 1810 781 1845 MS.
795 1823 915 1844 nexas-

234 1868 297 1899 quc
324 1858 431 1890 Deus.
453 1857 571 1892 Etiam
597 1858 720 1894 Codex
741 1860 914 1906 Spirensis

233 1910 413 1954 Naxosque
441 1911 605 1956 agnoscit.
632 1912 739 1958 Apud
764 1914 914 1949 Homer.

233 1974 320 1996 vers.
341 1975 354 1997 1
365 1976 403 2011 19
417 1989 426 2006 ‚
444 1964 542 1998 Juno
556 1965 685 2000 retinet
701 1967 860 2012 lerhyms
876 1967 914 2001 in

232 2026 384 2048 numero
404 2016 536 2060 plurali.
554 2017 784 2053 Lactantius
776 2031 813 2052 m
836 2019 913 2052 Ar-

234 2078 328 2110 gum.
342 2067 390 2101 nil
401 2075 527 2112 praeter
541 2069 716 2116 Ilithyiam
730 2077 913 2105 memorat.

235 2114 416 2160 Caeterum
433 2119 523 2163 apud
543 2120 735 2164 Plautum,
758 2122 794 2155 in
815 2122 913 2156 Am—

232 2168 337 2213 phitr.
352 2169 522 2204 Alcmene
539 2171 612 2206 sine
626 2147 802 2207 doloribus
812 2173 912 2218 parit.

276 2226 351 2270 295.
368 2225 436 2257 Illa
450 2226 581 2268 quidem
594 2229 695 2261 venit.
712 2226 835 2260 Vocati
852 2225 913 2259 Dii

231 2276 420 2311 veniebant
437 2303 446 2320 ‚
473 2277 606 2312 etiamsi
631 2278 795 2313 auxilium
820 2280 912 2313 serre

230 2328 366 2363 nollent
380 2343 388 2370 ;
407 2330 440 2363 X
455 2355 464 2372 ,
483 2330 513 2373 4.
524 2326 569 2355 -’-·
579 2331 806 2375 Pru-corrupta
822 2343 912 2365 nova

232 2381 482 2426 compositione
495 2408 504 2426 ,
516 2394 621 2426 quam
631 2382 730 2416 Juno
739 2382 913 2419 blanditiis

232 2439 268 2467 et
285 2433 443 2478 precibus
459 2434 531 2478 jam
548 2447 647 2468 suam
663 2435 809 2478 fecerat,
824 2441 858 2468 et
871 2434 912 2468 ab

233 2484 402 2520 Alcmena
413 2488 779 2521 averterat—Donate
785 2488 918 2521 Junoni

232 2545 349 2581 caput,
367 2539 403 2572 in
416 2539 569 2573 Junonis
580 2539 726 2584 gratiam
737 2539 912 2584 negligere

232 2588 379 2623 salutem
395 2597 429 2624 et
446 2591 551 2625 vitam
569 2591 756 2625 Alcmenae.
773 2609 817 2616 ·—
833 2592 913 2625 Im·-

231 2652 302 2684 quoe
320 2667 328 2681 ,
365 2642 536 2677 irascenti.
568 2643 672 2688 Apud
703 2643 851 2677 Homer.
878 2649 914 2678 et

232 2691 394 2737 Apollod.
409 2702 567 2728 moratur
578 2702 718 2740 partum
733 2695 912 2729 Alcmenae

232 2755 274 2777 eo
284 2743 444 2786 consilio,
462 2752 501 2779 ut
514 2746 729 2792 Eurystheus
745 2747 840 2792 prius
858 2746 914 2781 edi

233 2795 350 2839 possit.
362 2814 406 2823 -—
424 2798 553 2841 Vellet,·
573 2811 663 2833 unus
682 2798 862 2835 Mediceus
879 2804 914 2836 et

980 818 1119 853 Heinsii
1131 844 1139 861 ‚
1151 817 1319 864 probante
1331 818 1539 853 Burmanno
1548 845 1559 864 ,
1570 821 1659 854 mal-

979 873 1035 906 let.
1050 890 1092 896 —
1108 871 1211 916 Regii
1227 871 1337 905 nostri
1351 897 1360 915 ,
1380 873 1493 907 nollet.

1024 935 1098 969 297.
1109 924 1149 957 In
1161 925 1223 957 illa
1235 927 1388 962 δεικτικῶς
1398 936 1406 964 ;
1417 926 1454 957 in
1463 925 1535 964 illa,
1552 935 1659 969 quam

980 981 1060 1009 ante
1073 975 1163 1009 sores
1175 975 1297 1009 cernis.
1309 975 1574 1020 Supervacanea
1585 975 1659 1021 igi-

979 1033 1039 1060 tur
1050 1032 1100 1060 est
1110 1026 1256 1071 conject.
1267 1026 1404 1061 Heinsii
1416 1053 1425 1070 ‚
1437 1039 1542 1072 quam
1552 1027 1659 1062 etiam

978 1078 1205 1113 Burmannus
1230 1079 1409 1124 probavit,
1433 1084 1469 1114 in
1490 1083 1560 1114 ima
1572 1093 1653 1120 ata,

978 1129 1013 1164 id
1024 1137 1076 1164 est
1087 1156 1096 1173 ‚
1109 1131 1146 1164 in
1156 1131 1226 1165 ima
1238 1143 1304 1166 arae
1314 1138 1423 1177 parte.
1435 1132 1559 1177 Neque
1569 1131 1660 1166 hanc

979 1181 1265 1221 emendationem
1280 1182 1428 1227 postulat
1444 1185 1477 1218 τὲ
1491 1184 1659 1226 subsedit,-

977 1233 1013 1268 id
1040 1234 1136 1268 enim
1157 1234 1194 1268 in
1219 1234 1327 1270 altera
1349 1235 1426 1269 lect.
1445 1237 1522 1269 non‘
1540 1234 1658 1281 minus

977 1286 1095 1320 locum
1120 1286 1235 1321 hahet.
1254 1285 1436 1322 Lactantio
1458 1286 1495 1320 in
1514 1285 1597 1332 Arg.
1610 1289 1657 1320 *ia

977 1346 1064 1374 terra
1078 1342 1240 1381 resedisse
1258 1339 1394 1374 dicitur.
1409 1358 1452 1366 —
1467 1341 1658 1384 Dextroque

977 1405 1000 1425 a
1019 1395 1148 1436 poplite
1166 1391 1263 1426 venit
1283 1404 1323 1426 ex
1345 1391 1523 1426 Prisciano
1545 1398 1581 1426 et
1598 1403 1657 1426 sex

978 1444 1116 1478 Heinsii
1129 1470 1139 1487 ‚
1166 1457 1230 1489 pro
1250 1444 1388 1489 vulgato
1408 1446 1587 1489 dextroque
1606 1450 1659 1478 cst

971 1498 1234 1541 peplum—Hoc
1247 1497 1378 1532 habent
1392 1497 1492 1543 Regii
1509 1495 1657 1532 Codices

978 1549 1099 1583 nostri.
1113 1549 1289 1584 -Verba
1316 1548 1391 1584 haec
1416 1555 1452 1583 et
1475 1548 1660 1594 sequentia

977 1601 1170 1646 plurimum
1189 1600 1274 1635 lucis
1294 1600 1465 1646 accipiunt
1482 1613 1501 1635 a
1517 1600 1633 1636 Plinio
1645 1626 1657 1645 ‚

978 1652 1141 1687 XXVIII
1154 1678 1162 1696 ,
1176 1652 1198 1686 6
1210 1667 1217 1694 ;
1229 1664 1334 1697 quem
1345 1652 1461 1686 locum
1472 1651 1660 1686 commode

978 1704 1156 1750 adscripsit
1172 1704 1349 1739 Heinsius.
1367 1718 1384 1734 «
1400 1703 1562 1739 Assidere
1579 1717 1660 1749 gra-

979 1771 996 1787 »
1014 1756 1120 1799 vidis,
1146 1755 1201 1790 vel
1215 1768 1326 1801 quum
1342 1755 1542 1791 remedium
1557 1755 1659 1790 alicui

981 1824 999 1840 »
1017 1809 1243 1852 adhibeatun,
1263 1808 1378 1854 digitis
1391 1807 1594 1853 pectinatim
1604 1807 1661 1842 in-

981 1875 998 1891 »
1017 1867 1071 1895 ter
1089 1874 1124 1894 se
1144 1859 1300 1905 implexis
1314 1885 1323 1903 ‚
1349 1858 1560 1894 veneficium
1580 1862 1633 1894 'est
1651 1872 1660 1893 ι

981 1912 1120 1958 »idque
1150 1919 1372 1957 compertum
1398 1911 1544 1946 tradunt
1568 1910 1659 1946 Alc-

981 1979 998 1995 »
1016 1977 1121 1999 mena
1138 1964 1330 1999 Herculem
1347 1963 1513 2009 pariente.
1530 1962 1637 2007 Pejus
1648 1988 1657 2005 ,

981 2033 998 2049 »
1016 2019 1043 2053 si
1053 2019 1142 2053 circa
1153 2030 1265 2052 unum
1275 2017 1421 2051 ambove
1432 2028 1556 2062 genua.
1564 2016 1656 2050 Item

980 2084 997 2099 »
1015 2069 1160 2115 poplites
1183 2067 1324 2102 alternis
1349 2067 1494 2113 genibus
1510 2066 1655 2111 imponi.

980 2137 997 2152 »
1016 2121 1101 2156 Ideo
1116 2120 1190 2156 haec
1205 2120 1239 2154 in
1258 2119 1410 2155 conciliis
1427 2119 1558 2154 ducum
1571 2146 1580 2163 ,
1595 2132 1655 2164 po-

979 2186 996 2203 »
1014 2178 1220 2206 testatumve
1234 2171 1312 2206 fieri
1324 2178 1467 2205 vetuere
1483 2171 1633 2215 majores
1644 2197 1654 2215 ,

980 2240 998 2258 n
1015 2225 1111 2259 velut
1128 2237 1273 2259 ornnem
1287 2231 1404 2259 actum
1419 2223 1656 2269 impedientia.

980 2291 997 2307 »
1016 2278 1174 2311 Vetuere
1200 2283 1236 2311 et
1264 2276 1366 2311 sacris
1393 2276 1524 2310 votisve
1553 2274 1658 2310 simili

980 2343 997 2359 »
1015 2326 1122 2363 niodo
1140 2329 1316 2363 interesse.
1334 2343 1352 2358 ι»
1375 2328 1418 2362 In
1437 2333 1559 2361 nostro
1581 2326 1658 2361 loco

978 2381 1127 2428 syntaxis
1142 2380 1324 2426 negotium
1338 2379 1421 2414 secit
1438 2378 1662 2413 Grammati-

978 2434 1035 2467 cis.
1048 2433 1171 2467 Victor
1182 2432 1355 2467 Giselinus
1371 2430 1514 2476 putabat
1523 2456 1532 2474 ‚
1540 2443 1661 2474 pressa

978 2491 1031 2519 est
1044 2484 1294 2533 synecdochice
1311 2484 1462 2529 positum
1474 2495 1556 2528 pro,
1570 2496 1664 2527 pres-

977 2541 1033 2572 sit.
1049 2537 1120 2572 Sed
1133 2544 1183 2572 est
1199 2537 1333 2582 potius,
1351 2547 1467 2580 pressa
1481 2541 1533 2569 est
1545 2534 1663 2580 quoad

979 2590 1105 2623 laevum
1118 2602 1210 2634 genu
1222 2602 1240 2622 a
1252 2587 1373 2622 dextro
1390 2586 1518 2632 poplite
1532 2600 1540 2628 3
1555 2586 1662 2632 pedes

978 2642 1026 2675 ita
1048 2641 1278 2685 conjunxerat
1295 2665 1303 2681 ‚
1331 2645 1371 2672 ut
1395 2637 1515 2672 dexter
1539 2637 1661 2683 poples

980 2700 1157 2739 premeret
1184 2693 1310 2726 laevum
1335 2703 1438 2736 genu.
1467 2690 1556 2725 Ptin.
1582 2689 1614 2722 d.
1636 2689 1659 2723 l.

973 2748 1121 2790 poplites
1136 2746 1275 2778 alternis
1289 2745 1428 2787 genibus
1442 2745 1662 2786 imponere.—

979 2800 1134 2842 Panae,
1154 2797 1190 2832 in
1206 2797 1355 2831 sormam
1373 2794 1534 2841 pectinis,
1552 2792 1656 2839 pecti-
