1820 3106
313 186 1002 268 METAMORPHOSEON
1039 216 1172 261 LIB.
1215 216 1372 260 VIII.
1499 214 1555 270 45

130 315 388 382 Vulgusque
409 330 698 382 proceresque
721 322 927 374 gemunt3
956 309 1189 375 scissaeque
1212 306 1396 377 capillos

132 393 406 458 Planguntur
425 403 587 440 matres
607 388 900 457 Calydonides
922 386 1140 436 Eveninae.

135 470 316 522 Pulvere
338 469 535 519 canitiem
559 468 730 532 genitor
745 505 756 526 ‚
778 465 1016 533 vultusque
1040 462 1196 513 seniles

135 547 432 613 Foedatxhumi
453 546 580 596 fusus
599 566 609 605 ;
635 545 968 613 spatiosumque
990 543 1184 609 increpat
1208 559 1357 589 aevum.

137 631 251 679 Nam
274 626 328 676 de
348 638 484 676 matre
503 645 681 684 manus,
706 624 788 673 diri
809 622 896 673 sibi
919 620 1091 669 conscia
1113 619 1240 677 facti,
1496 631 1560 666 530

138 705 301 769 Exegit
321 723 471 772 poenas
484 741 496 762 ‚
519 715 619 751 acto
640 720 719 770 per
739 701 902 750 viscera
924 698 1055 747 ferro.

141 786 247 834 Non
271 782 382 832 mihi
401 783 439 831 si
462 794 636 830 centum
657 781 780 829 Deus
804 797 880 828 ora
904 777 1101 827 sonantia
1121 774 1306 837 linguis,

95 918 98 922 t
143 861 459 927 Ingeniumque
484 879 644 927 capax,
671 870 902 924 totumque
923 854 1134 904 Helicona
1157 854 1371 912 dedisset;

145 938 314 988 Tristia
334 955 616 1005 persequerer
635 935 892 992 miserarum
915 934 1031 983 dicta
1053 951 1278 982 sororum:

145 1018 428 1066 Immemores
451 1013 619 1062 decoris
638 1012 813 1061 liventia
836 1023 1017 1080 pectora
1039 1010 1256 1067 tundunt3

1507 1021 1575 1056 535

148 1095 360 1161 Dumque
378 1104 524 1142 manet
542 1110 703 1158 corpus
716 1127 727 1149 ‚
748 1093 916 1158 'corpus
937 1089 1220 1155 refoventque
1234 1125 1245 1146 ‚
1270 1087 1526 1154 foventque:

152 1217 258 1265 primi
273 1214 441 1260 Palatini,
453 1222 489 1250 et
503 1214 652 1250 aliorum
665 1221 828 1259 quatuor,

154 1270 215 1316 qui
223 1281 311 1304 eum
323 1268 361 1303 in
372 1268 528 1313 margine
540 1266 753 1312 adscriptum
769 1265 833 1302 ha-

154 1322 243 1358 bent
257 1347 268 1365 ,
299 1332 404 1366 quam
425 1325 570 1366 propter
590 1319 764 1365 ingratam
782 1323 836 1354 τοῦ

151 1376 322 1420 paulatim
349 1371 663 1418 repetitionenb—
681 1370 836 1405 Versum

159 1439 268 1474 quem
283 1425 412 1472 respuit
427 1426 596 1461 Heinsius
607 1425 737 1460 habent
751 1437 838 1460 nos-

158 1480 209 1517 tri
222 1479 324 1526 Regii
341 1479 375 1514 A
391 1485 423 1514 et
438 1479 468 1514 B
479 1504 489 1522 ‚
507 1491 582 1513 non
601 1478 639 1512 in
655 1477 813 1523 margine
826 1503 836 1521 ,

160 1545 236 1569 non
260 1545 280 1567 a
303 1543 412 1567 manu
425 1530 578 1567 secunda
590 1557 600 1574 ,
617 1537 653 1566 et
676 1530 751 1565 sine
769 1530 838 1565 ulla

159 1593 246 1622 nota
274 1598 344 1632 qua
367 1597 446 1621 eum
467 1584 614 1620 librariis
639 1591 839 1630 suspectum

162 1638 266 1674 fuisse
290 1637 512 1673 indicaretur.
534 1637 651 1672 Nemo
668 1663 678 1681 ,
706 1636 772 1671 nisi
797 1636 840 1670 ab

164 1689 344 1727 Ovidiano
354 1689 505 1726 carmine
515 1689 661 1734 alienus,
670 1700 745 1723 non
757 1701 842 1724 con-

165 1741 324 1778 fitebitur
352 1741 592 1789 hujuscemodi
615 1741 842 1788 repetitiones

165 1795 460 1841 frequentissimas
483 1794 575 1841 apud
591 1794 688 1830 hunc
702 1801 844 1840 poetam

167 1860 366 1891 occurrere3
375 1854 410 1883 et
416 1860 511 1893 pane
522 1847 658 1882 restitui
665 1846 761 1882 hune
770 1859 846 1882 ver-

169 1913 250 1936 sum
265 1900 406 1946 qualem
421 1899 522 1935 habet
537 1898 661 1934 Codex
676 1899 708 1934 A
724 1901 846 1934 :Pau—

169 1956 266 1989 latim
284 1965 430 1998 prunam
450 1965 539 1987 cana
562 1951 695 1987 velante
709 1951 848 1996 favilla.

174 2007 241 2043 Ed.
252 2026 298 2034 —-
312 2007 415 2048 Alta,
438 2006 529 2042 clara
544 2012 580 2040 et
595 2004 684 2040 flore
699 2017 763 2040 suo
781 2017 848 2040 su·-

174 2060 336 2105 perbiens
348 2086 358 2104 ,
368 2059 478 2103 jacet,
499 2057 626 2093 afflicta
635 2059 851 2093 est—Plan-

173 2119 314 2157 μνείαν,
342 2112 511 2160 plangunt
526 2126 561 2148 se
580 2138 590 2157 ,
615 2125 676 2148 sua
700 2118 851 2158 pectora.

178 2164 363 2201 Editiones
373 2166 584 2212 antiquiores
594 2166 727 2201 habent
734 2178 742 2199 z
750 2167 852 2200 Plan-

177 2224 264 2263 gunt
281 2231 341 2252 ora
355 2221 457 2253 simul
470 2226 592 2254 matres
611 2219 854 2266 Calydonides:

183 2271 310 2304 OEneus
327 2277 394 2306 etc.
418 2270 584 2307 Heinsius
603 2270 648 2306 de
672 2283 736 2306 suo
759 2270 857 2306 dedit

175 2323 398 2367 planguntur,
422 2321 598 2368 ductuque
616 2322 721 2368 primi
737 2322 859 2358 Medi-

182 2375 235 2409 cei
252 2381 287 2410 et
300 2374 472 2420 Spirensis
481 2400 491 2418 ,
506 2376 671 2409 Eveninae.
681 2393 725 2402 —
736 2373 860 2409 Codex

183 2434 303 2463 noster
313 2428 344 2463 A
355 2454 365 2471 ,
378 2429 550 2472 Plangunt
561 2440 622 2461 ora
631 2430 735 2462 simul
740 2431 862 2462 matres

187 2482 423 2521 Calidonides,
450 2479 581 2515 Heben!
605 2478 727 2514 Codex
741 2479 771 2514 B
791 2491 862 2514 ma-

186 2532 219 2567 le
230 2558 240 2576 ‚
258 2533 430 2577 Plangunt
443 2533 531 2566 hunc
548 2537 670 2566 matres
689 2531 864 2565 Calidoni-

188 2585 248 2619 des
258 2597 268 2618 :
281 2585 405 2619 OEneus
415 2591 512 2630 atque
521 2585 657 2618 Pulvere
670 2583 865 2618 ete—Eve-

190 2638 295 2677 nine,
315 2635 358 2670 ab
368 2636 490 2671 Eveno
501 2635 609 2670 fluvio
622 2661 632 2679 ,
647 2635 742 2681 juxta
758 2647 864 2680 quem

195 2689 356 2737 Calydon
372 2690 444 2725 sita.
461 2690 551 2725 Plin.
568 2688 634 2733 IV,
653 2702 684 2723 2.
699 2688 868 2734 Marpissa

195 2745 324 2784 Εὖηνίνη
340 2748 391 2779 est
406 2741 498 2788 aputl
510 2742 659 2781 Homer.
673 2734 735 2783 ll·i
746 2766 756 2786 1
771 2739 844 2777 553.

940 1216 1016 1260 529.
1031 1214 1150 1248 Faedat
1165 1212 1316 1258 graviter
1331 1202 1414 1258 tiro,
1433 1211 1576 1257 adsper-

899 1265 957 1311 git.
974 1265 1143 1300 Summus
1156 1265 1270 1300 luctus
1284 1265 1500 1314 describitur.
1518 1266 1579 1298 Ca-

899 1320 1000 1353 nities
1014 1325 1049 1353 et
1065 1319 1177 1352 vultus
1193 1319 1314 1351 seniles
1325 1317 1441 1351 valent
1457 1316 1500 1350 ad
1514 1316 1580 1350 mi-

902 1371 1115 1406 serationem
1130 1369 1337 1405 faciendam.

948 1424 1023 1458 531.
1038 1423 1131 1458 Acto
1140 1436 1204 1468 pet
1214 1427 1344 1458 viscera
1351 1423 1455 1467 fi’rro.
1476 1422 1582 1457 Juxta

905 1475 988 1511 alios
998 1476 1123 1521 laqueo
1131 1475 1239 1510 vitam
1250 1474 1468 1510 finivit.Vide
1477 1475 1585 1509 Mun-

904 1528 1029 1563 kerum
1039 1528 1082 1563 ad
1090 1528 1224 1576 Hygini
1232 1528 1299 1563 sab.
1312 1542 1324 1562 1
1332 1529 1383 1575 74.
1393 1527 1451 1562 Nil
1460 1527 1586 1563 definit

907 1581 1071 1628 Hyginus
1086 1594 1095 1616 :
1107 1593 1247 1616 moerens
1256 1583 1292 1615 1'n
1304 1583 1397 1615 luctu
1410 1582 1563 1615 decessit.

952 1633 1027 1667 532.
1045 1634 1086 1668 Si
1099 1640 1229 1668 centum
1251 1634 1347 1667 Deus
1365 1639 1428 1668 etc.
1449 1632 1508 1668 Sic
1531 1645 1587 1670 res

909 1684 1034 1720 arduas
1043 1686 1245 1731 exprimunt
1256 1691 1368 1731 poetae
1379 1711 1388 1729 ,
1401 1684 1566 1731 Virgilius
1577 1711 1586 1728 ,
1646 1681 1647 1686 ¹

909 1736 1039 1784 Georg.
1061 1738 1100 1774 11
1114 1764 1124 1781 ‚
1145 1739 1210 1781 423
1233 1737 1375 1772 AEneid.
1397 1737 1450 1771 VI
1465 1763 1474 1781 ,
1498 1737 1588 1777 625;

911 1790 1057 1824 Hostius
1074 1789 1165 1835 apud
1180 1790 1338 1824 Macrob.
1350 1789 1426 1832 Vl,
1445 1790 1465 1823 3
1479 1803 1486 1830 ;
1507 1790 1591 1823 Per-

910 1842 1000 1885 sius,
1029 1842 1100 1877 Sat.
1118 1841 1152 1874 V
1165 1868 1174 1886 ‚
1202 1853 1216 1875 1
1233 1868 1242 1885 ,
1262 1842 1327 1884 2ss;
1354 1840 1536 1876 Claudiau.
1553 1840 1592 1875 in

916 1896 1023 1932 Cons.
1035 1897 1141 1945 Olyb.
1152 1904 1188 1932 et
1198 1897 1304 1932 Proh.
1318 1899 1359 1932 55
1371 1923 1380 1940 ,
1397 1896 1456 1942 qui
1470 1909 1595 1931 omnes

913 1950 1022 1987 secuti
1038 1956 1121 1986 sunt
1137 1950 1247 1985 Hom.
1262 1949 1302 1984 ll.
1316 1949 1345 1984 B
1359 1975 1368 1993 ,
1387 1950 1468 1992 488:
1479 1954 1540 1990 Πλη
1547 1954 1594 1985 Θῦν

918 2002 1004 2039 δὀὐκ
1023 2002 1059 2039 Coo
1076 2005 1132 2048 ι’γὼ
1149 2006 1340 2048 μυθήσομαι,
1356 2001 1422 2038 οὐδ’
1442 2004 1594 2047 ὅνομήσω,

917 2055 996 2092 Οὐδ’
1013 2059 1042 2090 εἴ
1054 2061 1110 2101 μοι’
1127 2057 1198 2090 δέκα
1214 2059 1269 2099 μὲν
1287 2059 1426 2100 γλῶσσαι
1440 2080 1449 2098 ,
1475 2057 1546 2090 δέκα
1565 2059 1596 2089 δὲ

919 2106 1028 2151 (πόματ’
1047 2110 1117 2151 tim,
1133 2113 1216 2148 Φωνὴ
1240 2106 1432 2157 δοᾶῤῥηκτος,
1446 2114 1510 2141 etc.
1523 2105 1595 2141 Sed

919 2160 1048 2195 Noster
1062 2160 1100 2194 in
1116 2172 1154 2194 re
1168 2159 1296 2194 leviore
1313 2172 1437 2205 parum
1452 2159 1599 2194 feliciter

920 2213 994 2249 haec
1003 2212 1170 2248 adhibuit.
1183 2212 1351 2247 Heinsius
1362 2225 1380 2247 e
1390 2212 1598 2247 Florentino

922 2267 958 2303 S.
975 2266 1110 2311 Marci,
1127 2266 1377 2312 Neapolitano,
1396 2266 1601 2310 Bernegge-

921 2319 1022 2354 riano
1032 2345 1042 2362 ,
1055 2318 1185 2353 invexit
1197 2321 1317 2363 lingue
1326 2346 1333 2358 ,
1356 2325 1396 2352 ut
1406 2330 1486 2352 cum
1498 2333 1541 2363 τῳ
1554 2320 1601 2350 ιἠ-

920 2374 1113 2416 geniumque
1127 2371 1422 2416 conjungeretur-3
1441 2368 1535 2414 quod
1550 2375 1602 2404 est

925 2423 1161 2459 durissimum.
1179 2422 1352 2457 Revocavi
1367 2422 1475 2467 igitur
1489 2422 1602 2467 vulga-

926 2484 999 2512 tam
1013 2476 1201 2512 lectionem
1218 2482 1254 2509 et
1270 2473 1604 2519 interpunctionem.

973 2530 1047 2564 535.
1061 2530 1185 2566 Decus,
1206 2539 1290 2562 cura
1306 2533 1341 2562 et
1356 2533 1499 2561 ornatus
1517 2539 1604 2561 cor-

928 2580 1033 2626 poris.
1041 2580 1255 2618 —Liventim
1275 2584 1315 2612 ut
1326 2577 1464 2612 liveant.
1475 2595 1519 2604 ·—--
1528 2579 1605 2612 Re·-

922 2632 1123 2677 foventque5
1145 2630 1222 2665 vide
1240 2629 1281 2664 ad
1299 2643 1385 2664 vers.
1407 2629 1489 2672 163;
1510 2636 1546 2664 et
1561 2629 1606 2663 de

924 2684 1039 2730 fovere
1053 2683 1096 2719 ad
1109 2684 1145 2719 II
1158 2710 1168 2728 ‚
1186 2684 1250 2732 339
1262 2696 1269 2719 ε
1283 2696 1389 2729 quem
1400 2683 1515 2718 locum
1530 2695 1606 2716 om·-

934 2750 1018 2777 nem
1034 2750 1115 2777 cum
1140 2736 1207 2773 hoc
1230 2737 1397 2773 conseras.
1413 2755 1456 2762 -
1480 2736 1605 2778 Lecto,
