1820 3106
274 223 362 280 414

648 220 717 290 P',
744 224 982 270 ov1D11
1014 225 1319 272 NASONIS

270 315 514 366 Priamides
536 315 735 370 Helenus
755 317 929 366 monitu
955 318 1240 385 praedixerat,
1264 319 1433 369 intrant

271 396 487 445 Sicaniam
508 416 517 443 τ
542 388 685 444 tribus
704 395 797 445 haec
818 397 1008 447 excurrit
1029 397 1074 446 in
1099 417 1275 465 aequora
1300 399 1486 462 linguis;

271 476 311 523 E
335 474 498 540 quibus
519 473 770 522 imbriferos
791 474 970 524 obversa
994 475 1226 543 Pachynos
1248 477 1305 525 ad
1325 478 1516 526 Austros
1538 498 1550 526 τ

1627 491 1694 540 725

270 549 488 598 Mollibus
510 550 759 616 expositum
780 551 991 618 Zephyris
1015 551 1243 618 Lilybaeon
1264 573 1274 601 :
1301 565 1347 602 at
1369 555 1540 603 Arcton

271 627 485 694 AEquoris
505 639 724 694 expertem
748 640 936 695 spectat,
959 630 1220 697 Boreanque
1240 631 1438 680 Peloros.

272 707 368 754 Hac
393 707 587 755 subeunt
612 707 796 763 Teucri;
820 708 1037 774 remisque
1062 721 1258 776 aestuque
1279 710 1496 769 secundo,

273 785 367 833 Sub
387 796 561 833 noctem
581 786 754 851 potitur
772 786 967 835 Zanclaea
991 786 1141 836 classis
1165 807 1307 838 arena.

274 860 418 927 Scylla
439 860 556 910 latus
578 861 780 910 dextrum
794 900 806 920 ,
831 861 985 910 laevum
1010 862 1246 929 irrequieta
1270 864 1521 932 Charybdis

1629 880 1695 926 730

270 939 488 987 Infestant
506 958 516 987 :
535 951 660 986 vorat
682 939 773 987 haec
794 952 942 1007 raptas
956 977 967 998 ‚
991 941 1265 1008 revomitque
1290 942 1457 991 carinas
1475 962 1486 990 :

273 1014 355 1063 Illa
372 1015 475 1063 feris
499 1027 636 1063 atram
661 1015 844 1064 canibus
865 1016 1136 1079 succingitur
1158 1017 1303 1066 alvum
1317 1055 1330 1076 ‚

272 1123 450 1158 orientalis
468 1122 576 1158 Italiae
596 1108 674 1168 pars
695 1123 766 1168 jam
789 1136 897 1170 prope
914 1125 951 1159 in

272 1182 460 1221 conspectu
489 1182 578 1210 esset
607 1175 847 1220 Troianorum
867 1202 877 1220 ,
908 1177 950 1211 ab

273 1227 414 1262 Heleno
435 1234 626 1267 monentur,
656 1227 699 1262 ad
722 1228 952 1264 occidentales

273 1292 349 1314 oras
362 1293 398 1314 se
415 1293 434 1313 a
449 1279 527 1314 fatis
540 1279 637 1320 duci3
650 1279 767 1324 itaque
781 1286 882 1314 antea
893 1279 952 1314 Si-

272 1333 386 1367 ciliam
403 1331 603 1366 adeundam
621 1345 704 1367 esse.
719 1331 833 1367 Simul
850 1332 891 1366 ab
908 1345 951 1367 eo

273 1385 464 1427 docentur,
484 1397 561 1430 quae
577 1384 650 1419 loca
665 1384 877 1419 transeunda
892 1392 952 1419 aut

273 1436 518 1483 praetereunda
531 1462 540 1479 ,
554 1436 637 1482 quid
648 1437 842 1482 petendum
855 1437 952 1482 quid-

276 1501 342 1533 que
354 1487 538 1522 vitandum
550 1514 559 1532 ‚
576 1496 611 1523 et
627 1488 663 1522 in
679 1501 749 1532 quo
759 1488 834 1523 loco
843 1489 952 1523 consi-

277 1541 435 1576 dendum
445 1541 488 1575 sit
500 1555 508 1583 ;
528 1540 652 1586 Virgil.
663 1554 708 1575 vs.
720 1542 805 1587 374-
812 1541 884 1584 462.

322 1607 338 1639 7
344 1594 395 1636 24.
409 1594 528 1627 Tribus
535 1594 604 1627 ἧσε
612 1595 758 1627 excurrit
768 1599 833 1627 etc.
842 1592 952 1627 Hein-

275 1645 344 1680 sius
366 1645 450 1691 legit
471 1647 570 1679 trinis
592 1647 752 1684 excurrit,
772 1651 808 1679 et
829 1648 862 1680 τὲ
878 1646 954 1678 hoec

276 1697 388 1743 inepti
418 1696 612 1742 glossatoris
641 1696 852 1742 figmentum
879 1708 963 1731 esse

276 1755 386 1795 putat.
396 1768 440 1776 -·
450 1750 583 1793 Lingua
595 1748 798 1794 frequenter
812 1748 855 1783 de
871 1761 955 1793 pro-

276 1801 455 1836 montorio
464 1815 475 1844 ;
487 1801 563 1836 vide
572 1801 760 1836 Heinsium
771 1801 836 1836 :sic
844 1807 879 1834 et
892 1801 956 1835 flu-

277 1854 340 1889 viis
348 1856 443 1888 labia
451 1880 460 1895 ‚
469 1854 648 1888 montibus
657 1856 850 1898 supercilia,
866 1853 956 1887 mari

278 1909 417 1942 brachia
441 1907 644 1942 tribuuntur
657 1920 665 1948 ;
691 1906 770 1941 vide
791 1906 956 1942 Gatakerl

279 1959 412 1995 Miscel.
420 1973 495 2005 pag.
506 1958 703 2002 364.Verba
713 1959 750 1993 in
765 1959 829 1994 hac
844 1972 881 1994 re
893 1959 957 1994 sol-

279 2011 408 2046 lemnia
417 2023 590 2046 excurrere
599 2017 634 2046 et
637 2024 828 2055 procurrere
835 2038 843 2051 ,
861 2010 955 2045 unde

280 2063 521 2109 promontoria
542 2063 616 2108 ipsa
630 2076 812 2107 procursus
827 2075 958 2098 vocan-

280 2123 347 2150 tur.
365 2115 421 2149 De
434 2114 558 2150 Siciliae
572 2115 821 2159 promontoriis
836 2114 957 2148 confer

282 2171 317 2204 V
328 2195 337 2212 ‚
358 2168 434 2203 350.
451 2186 496 2194 —
516 2167 663 2202 obversa
679 2179 742 2211 pro
757 2174 811 2201 est
823 2179 920 2201 versa
935 2179 955 2200 e

282 2228 414 2267 septem
421 2219 519 2255 MSS
526 2218 864 2264 reposuitHeinsius,
877 2219 957 2263 quia

284 2276 369 2311 illud
389 2275 538 2310 verbum
560 2273 728 2308 familiare
749 2280 800 2307 est
814 2271 956 2307 ovidio.

283 2347 328 2355 -—-
337 2326 466 2373 Regius
482 2333 601 2361 noster
611 2326 643 2360 A
654 2325 757 2360 habet
766 2331 819 2359 est
833 2338 929 2359 versa
940 2336 953 2366 ;

283 2380 391 2416 codex
402 2380 431 2414 B
442 2405 452 2421 ‚
467 2385 507 2413 ut
517 2378 740 2413 Florentiuus
751 2377 788 2412 S.
799 2377 910 2412 Marci
922 2385 958 2413 et

284 2440 419 2478 septem
429 2431 483 2466 alii
494 2456 504 2474 ,
512 2430 811 2465 eversa—Arcton
818 2434 958 2475 equoris

284 2491 463 2528 expertam·
479 2481 569 2518 cons.
585 2494 672 2517 vers.
687 2484 761 2529 293.
771 2485 958 2518 —Peloros

288 2536 399 2571 dictus
414 2542 465 2570 est
482 2548 501 2569 a
517 2534 645 2570 Peloro
656 2560 666 2578 ‚
687 2534 799 2570 classis
817 2534 958 2568 Hanni—

284 2588 368 2623 balis
390 2588 620 2634 gubernatore
633 2613 643 2630 ,
661 2585 707 2621 ibi
731 2586 875 2631 sepulto.
891 2589 956 2623 Ed.

331 2643 404 2687 728.
428 2643 507 2676 Hac
532 2644 673 2675 subeunt
686 2653 697 2683 ;
729 2640 833 2686 vulgo
857 2642 959 2675 Hanc

285 2695 433 2727 subeunt.
446 2692 567 2727 Codex
579 2693 707 2738 Regius
719 2693 749 2727 A
759 2695 842 2735 hac‚·
852 2693 959 2728 codex

287 2744 317 2779 B
327 2746 415 2779 hanc
427 2772 435 2785 ,
454 2752 487 2779 et
503 2746 568 2779 bac
577 2757 640 2790 pro
652 2744 744 2779 varia
757 2743 959 2780 lectione.—

1015 1127 1150 1160 Polilur
1162 1140 1283 1165 arena,
1305 1133 1345 1161 ut
1364 1126 1441 1170 XI,
1460 1127 1502 1162 55
1517 1152 1526 1169 ‚
1550 1132 1585 1161 et
1602 1125 1696 1171 apud

1017 1177 1203 1223 Virgilium
1215 1204 1225 1222 ‚
1236 1178 1320 1214 AEn.
1332 1179 1348 1214 I
1361 1205 1370 1223 ,
1385 1192 1455 1223 172.
1469 1177 1694 1214 Florentinus

1017 1230 1053 1265 S.
1071 1230 1123 1265 Μ.
1134 1234 1265 1275 patitur
1277 1243 1414 1265 arenam
1427 1258 1436 1272 ,
1458 1230 1553 1266 unde
1576 1230 1697 1265 Hein-

1015 1283 1084 1318 sius
1105 1284 1297 1329 suspicatur
1315 1286 1445 1327 potitur
1462 1295 1598 1317 annam
1613 1309 1622 1323 ‚
1654 1289 1695 1316 ut

1017 1335 1075 1370 III
1094 1335 1184 1370 Fast.
1204 1349 1242 1370 αι
1257 1362 1266 1379 ,
1278 1338 1467 1380 potiturque
1480 1337 1637 1379 cupitam.
1650 1350 1696 1359 -

1018 1387 1117 1432 Regii
1133 1387 1267 1422 codices
1291 1387 1394 1422 ambo
1415 1386 1501 1422 dant
1523 1397 1635 1420 arena.
1650 1402 1695 1411 —-

1016 1439 1143 1472 Zancle
1154 1466 1162 1477 ‚
1177 1446 1293 1484 postea
1309 1439 1470 1474 Messana
1479 1464 1489 1482 ‚
1501 1437 1591 1472 dicta
1603 1435 1696 1471 afor-

1017 1502 1075 1523 ma
1087 1490 1226 1533 falcata,
1247 1503 1352 1535 quam
1370 1491 1474 1525 habet
1490 1495 1696 1536 promonto-

1016 1539 1109 1574 rium
1130 1547 1272 1584 portum
1287 1541 1376 1575 illius
1391 1541 1485 1575 urbis
1503 1540 1695 1581 includens.

1063 1592 1135 1636 730.
1144 1593 1259 1638 Scylla
1267 1617 1275 1624 .
1284 1617 1292 1625 .
1302 1618 1309 1625 .
1321 1594 1525 1639 Charybdin·
1535 1592 1613 1628 duae
1623 1593 1681 1626 sue
1688 1609 1695 1615 -

1017 1651 1100 1678 runt
1114 1643 1236 1691 Scyllae
1247 1639 1264 1678 a
1275 1644 1385 1689 poetis
1394 1644 1603 1679 decantate:
1614 1655 1696 1688 qua·

1015 1709 1097 1731 rum
1116 1697 1222 1732 altera
1234 1723 1243 1741 ,
1262 1696 1337 1732 Nisi
1352 1696 1421 1730 filia
1434 1722 1443 1740 ‚
1459 1696 1494 1730 in
1514 1708 1614 1730 avem
1629 1693 1697 1730 fuit

1017 1758 1229 1785 commutata
1243 1765 1251 1793 ;
1271 1750 1314 1786 de
1326 1751 1390 1786 hac
1400 1751 1437 1785 in
1448 1750 1536 1785 libro
1543 1749 1618 1784 VII
1629 1748 1696 1794 agi-

1018 1808 1093 1843 tur;
1106 1803 1212 1836 altera
1225 1802 1332 1837 Phoci
1343 1802 1414 1844 filia
1424 1801 1461 1836 ἰιι
1474 1807 1673 1835 monstrum
1683 1825 1694 1843 ,

1020 1854 1115 1899 quod
1139 1854 1176 1888 in
1199 1853 1290 1888 freto
1313 1853 1432 1889 Siculo
1455 1852 1696 1898 navigantibus

1018 1907 1210 1942 insidiatur.
1225 1905 1423 1954 Charybdis
1436 1905 1551 1940 vetula
1561 1903 1627 1938 fuit
1639 1903 1699 1938 fu·-

1019 1959 1192 1994 racissima
1204 1985 1213 2002 ,
1227 1971 1304 2004 quae
1315 1970 1426 2003 quum
1436 1956 1581 1992 Herculi
1593 1957 1697 1990 boves

1018 2014 1132 2047 furata
1146 2019 1254 2055 esset,
1272 2013 1314 2046 ab
1330 2011 1388 2045 illo
1404 2011 1440 2045 in
1458 2009 1590 2045 fretum
1607 2021 1698 2054 pro-

1018 2067 1128 2111 jecta,
1154 2065 1190 2099 in
1207 2070 1406 2098 monstrum
1427 2061 1606 2096 marinum
1629 2061 1696 2095 suit

1015 2129 1184 2152 conversa
1197 2143 1205 2158 ,
1222 2115 1314 2160 quod
1327 2115 1440 2149 adhuc
1451 2115 1631 2159 pristinam
1644 2126 1695 2148 re—

1020 2171 1108 2204 tinet
1128 2167 1286 2214 rapiendi
1308 2174 1470 2202 naturam
1492 2180 1500 2201 :
1518 2179 1602 2201 nam
1619 2165 1695 2200 illac

1020 2228 1239 2256 transeuntes
1254 2232 1358 2254 naves
1375 2219 1417 2254 ad
1434 2230 1470 2253 se
1491 2219 1601 2264 rapit,
1623 2218 1693 2252 de-

1020 2282 1185 2319 voratque
1213 2287 1251 2308 ac
1272 2273 1431 2308 revomi-t.
1454 2274 1518 2306 Ed.
1535 2290 1579 2297 —
1596 2272 1695 2305 Cha——

1018 2329 1132 2373 rybdis
1152 2328 1279 2362 Nostro
1295 2329 1483 2369 irrequieta,
1502 2331 1538 2358 et
1549 2323 1695 2369 Virgilio

1018 2383 1212 2424 implacata,
1227 2378 1319 2424 quod
1332 2385 1367 2413 et
1382 2378 1415 2412 h.
1430 2377 1450 2412 l.
1462 2390 1554 2412 unus
1566 2375 1695 2410 Medic.

1021 2434 1171 2479 agnoscit
1185 2459 1194 2476 ,
1222 2439 1256 2467 et
1278 2431 1443 2467 Heinsius
1464 2443 1504 2465 ex
1522 2432 1693 2473 impacata

1020 2494 1138 2521 ortum
1153 2493 1283 2520 temere
1300 2484 1613 2529 putabat.—Vorat
1626 2488 1692 2515 etc.

1021 2538 1185 2583 Virgilius
1203 2564 1212 2581 ,
1232 2536 1312 2571 ibid.
1335 2551 1351 2565 «
1371 2537 1450 2571 Imo
1466 2534 1618 2570 barathri
1636 2539 1692 2568 ter

1021 2603 1042 2621 »τ’
1057 2591 1189 2635 gurgite
1200 2596 1310 2623 vastos
1321 2588 1448 2623 Sorbet
1456 2587 1492 2621 in
1504 2587 1691 2631 abruptum

1023 2658 1039 2672 »
1056 2642 1198 2683 fluctus,
1219 2652 1403 2684 rursusque
1417 2639 1480 2673 sub
1495 2651 1593 2673 auras
1610 2637 1690 2672 Eri—

1022 2707 1039 2723 »
1059 2693 1106 2738 git
1132 2693 1283 2726 alternos
1303 2717 1312 2734 ‚
1343 2698 1378 2725 et
1399 2690 1512 2725 sidera
1533 2689 1693 2725 verberat

1024 2760 1039 2775 n
1057 2746 1189 2780 unda.»
1208 2745 1389 2791 Copiosius
1402 2746 1547 2791 Scrllam
1564 2743 1691 2779 descri-
