1820 3106
295 280 385 336 484

654 282 707 324 Ρ.
745 282 989 327 OVIDII
1029 283 1340 328 NASONIS

300 397 325 418 »
354 375 459 438 Quo
483 374 565 422 tibi
587 374 669 422 sim
693 386 843 437 gratus
858 412 870 432 ,
893 375 1184 442 meritumque
1207 377 1399 426 fatebere
1421 387 1636 428 nostrum.

298 475 321 494 »
348 454 451 500 Non
471 464 612 500 tamen
634 464 732 502 ante
756 451 822 500 tui
844 471 990 502 curam
1013 453 1194 501 cessisse
1217 466 1436 503 memento
1450 493 1461 512 ‚

298 553 320 572 »ι
349 531 497 594 Quam
519 529 651 577 vitam
670 549 680 586 ;
702 529 958 596 geminaque
978 529 1108 578 simul
1123 530 1232 578 mihi
1253 529 1348 579 luce
1369 532 1615 581 carendum.
1645 547 1710 592 725

296 628 320 650 »
347 608 439 654 Nec
462 605 545 653 tibi
568 607 701 654 Fama
721 606 807 655 mei
828 618 1007 656 ventura
1031 618 1097 655 est
1118 608 1272 657 nuntia
1294 607 1371 656 leti
1393 628 1404 656 :

296 707 320 727 »
346 686 447 750 Ipse
470 703 575 746 ego,
602 702 657 731 ne
681 684 881 741 dubites,
905 684 1059 741 adem,
1083 703 1360 751 praesensque
1381 686 1592 746 videbor,

296 784 319 803 >›
349 762 543 827 Corpore
568 772 619 809 ut
640 761 826 810 exanimi
851 760 1043 809 crudelia
1067 761 1230 809 lumina
1253 781 1417 828 pascas.

295 863 319 885 »
346 841 394 889 Si
417 853 561 889 tamen
578 877 589 897 ‚
615 858 641 887 o
668 838 852 905 Superi,
878 837 1080 886 mortalia
1104 838 1190 887 sata
1213 839 1369 888 videtis
1384 877 1397 899 ,
1427 873 1429 875 -

296 941 319 961 »
343 921 449 967 Este
471 918 555 966 mei
576 935 816 965 memores:
839 914 951 963 nihil
972 914 1088 963 ultra
1109 914 1260 978 lingua
1282 916 1451 982 precari

1643 933 1708 979 73⁰

294 1017 318 1038 2>
346 995 545 1043 Sustinet
565 1013 574 1042 ε
601 1006 643 1041 et
662 993 796 1055 longo
818 993 946 1041 facite
968 1004 1018 1040 ut
1040 1011 1332 1042 memoremur
1352 993 1398 1041 in
1421 1012 1511 1041 aevo
1528 1013 1553 1053 ;¹

293 1095 316 1116 >›
345 1075 429 1129 Et,
455 1090 551 1138 quae
574 1070 794 1119 demsistis
815 1070 938 1127 vitae,
965 1070 1063 1118 date
1087 1083 1285 1136 tempora
1304 1070 1439 1120 famae.
1465 1094 1487 1115 ι»

287 1150 437 1206 Dixin
462 1161 505 1197 et
527 1148 581 1197 ad
604 1160 756 1215 postes
781 1160 962 1196 ornatos
983 1167 1096 1215 saepe
1119 1149 1323 1207 coronis,

289 1228 532 1275 Humentes
555 1225 729 1283 oculos,
756 1237 799 1273 et
819 1224 982 1292 pallida
1005 1226 1184 1274 brachia
1207 1225 1412 1284 tendens,

287 1306 441 1370 Quum
463 1305 635 1353 foribus
657 1303 801 1369 laquei
821 1303 1024 1367 religaret
1044 1303 1216 1353 vincula
1239 1305 1395 1352 summi
1414 1324 1424 1362 ;

1638 1321 1704 1367 735

291 1404 313 1424 «
339 1383 444 1430 Haec
467 1380 550 1429 tibi
573 1392 688 1429 serta
708 1379 908 1446 placent,
933 1379 1145 1437 crudelis,
1171 1392 1215 1428 et
1237 1379 1402 1446 impia?
1429 1402 1452 1422 »
1475 1379 1609 1438 dixit;

285 1457 562 1522 Inseruitque
583 1467 744 1521 caput,
770 1455 847 1503 sed
870 1467 964 1504 tum
987 1474 1164 1521 quoque
1189 1475 1340 1512 versus
1365 1455 1420 1505 ad
1439 1455 1585 1514 illam;

285 1533 434 1597 Atque
460 1550 573 1579 onus
596 1529 746 1578 infelix
768 1528 874 1578 elisa
895 1530 1016 1578 fauce
1035 1530 1258 1596 pependit.

276 1610 378 1669 ‚Icta
399 1607 561 1674 pedum
585 1619 710 1655 motu
733 1606 1029 1673 trepidantum
1053 1619 1103 1654 ut
1128 1607 1264 1656 multa
1291 1619 1532 1670 gementem

283 1684 390 1734 Visa
414 1684 585 1732 dedisse
608 1702 765 1731 sonum
790 1694 881 1740 est,
906 1683 1195 1750 adapertaque
1214 1684 1345 1749 janua
1362 1683 1526 1732 factum

331 1797 403 1840 724.
420 1795 539 1828 Curam
549 1796 690 1829 cesu‘m·
701 1800 872 1827 memento.
886 1792 962 1827 Co-

284 1846 350 1881 dex
361 1852 481 1880 noster
498 1845 529 1879 Α
541 1871 551 1887 ,
569 1851 609 1879 ut
619 1844 720 1878 multi
735 1843 811 1887 alii,
829 1843 887 1878 dat
902 1857 963 1879 cu·-

283 1913 355 1934 ram
371 1901 578 1939 excessisse3
595 1897 703 1932 codex
715 1897 745 1931 B
758 1903 796 1931 ut
810 1897 960 1942 Berneg.

273 1952 406 1996 fuisse5
418 1949 478 1985 sed
489 1949 574 1984 vitio
583 1955 676 1983 certe
689 1948 868 1994 scripturae
876 1975 884 1988 ‚
899 1961 961 1993 pro

271 2006 405 2048 finisse,
422 2001 514 2046 quod
529 2001 564 2034 in
580 2001 689 2035 tribus
700 2001 830 2045 reperit
844 2000 960 2034 Hein—

277 2055 361 2090 sius.
376 2054 410 2089 Is
425 2052 498 2087 vult
510 2053 609 2087 scribi
626 2056 769 2086 cessisse
783 2052 836 2086 vel
841 2051 959 2096 sugis-

277 2120 335 2141 se:
346 2106 412 2140 hue
422 2112 540 2140 autem
552 2104 716 2138 ultimum
727 2103 809 2137 dare
821 2103 959 2137 videtur

282 2159 396 2194 nullus
413 2158 530 2193 codex.
549 2158 668 2191 Curam
683 2159 759 2197 tui;
778 2166 933 2189 amorem
946 2181 955 2197 ,

282 2227 351 2260 quo
377 2220 410 2247 te
437 2222 638 2257 prosequor.
661 2210 726 2243 Ed.
746 2227 789 2234 —-
813 2211 958 2243 Gemina

280 2270 372 2304 luce,
391 2271 427 2299 et
443 2262 556 2308 puella
575 2267 688 2295 amata
703 2267 738 2295 et
754 2260 832 2294 vita.

327 2329 400 2364 729.
416 2317 457 2350 Si
466 2321 593 2354 tamen,
614 2326 635 2347 a
648 2311 773 2356 Superi.
791 2312 848 2347 Sic
863 2311 955 2346 Vir-

280 2369 380 2417 gilius
392 2395 401 2411 ,
427 2368 468 2401 Si
484 2379 549 2411 qua
566 2370 620 2399 est
634 2367 716 2399 caelo
729 2367 858 2408 pietas,
883 2376 955 2407 que

279 2426 367 2459 talia
381 2429 479 2456 curet.
492 2420 564 2453 Pro
577 2419 734 2452 mortalia
737 2416 820 2461 sata
828 2443 836 2456 ‚
850 2416 952 2450 ambo

280 2474 382 2519 Regii
401 2472 535 2507 codices
558 2469 643 2504 dant
664 2471 818 2504 mortalia
823 2468 949 2512 sacla‚·

280 2526 423 2560 alteram
438 2523 626 2557 lectionem
639 2534 679 2555 ex
690 2518 951 2565 quatuordecim

279 2578 409 2613 invexit
435 2576 610 2610 Heinsius.
637 2575 702 2608 Ed.
717 2592 762 2599 -
776 2576 891 2608 Facite
917 2579 954 2606 ut

278 2641 497 2663 memoremur.
508 2626 673 2661 Heinsius
683 2623 805 2659 suadet
810 2623 921 2667 facite
930 2636 951 2657 o

275 2692 499 2719 memoremur,
520 2677 574 2712 vel
589 2689 763 2711 narremur.
778 2693 821 2702 —-
835 2675 950 2709 Ambo

278 2730 381 2775 Regii
385 2730 499 2773 facite
511 2734 549 2763 ul
562 2741 735 2762 narremur.

322 2782 394 2827 735.
417 2782 549 2825 laquei
559 2782 694 2814 vincula
718 2790 782 2823 pro
804 2778 947 2822 laque03

1634 1697 1703 1743 040

1026 1807 1107 1828 nam
1123 1797 1258 1839 laqueus
1272 1795 1345 1839 jam
1363 1794 1402 1828 in
1418 1806 1454 1829 se
1477 1801 1529 1829 est
1549 1793 1644 1828 funis
1664 1795 1699 1829 in

1024 1845 1178 1880 formam
1198 1845 1327 1880 vinculi
1347 1845 1558 1891 compositus
1573 1871 1583 1889 ,
1606 1846 1700 1894 unde

1025 1898 1099 1932 haec
1112 1897 1182 1931 duo
1199 1898 1232 1932 X
1245 1923 1254 1941 ,
1271 1897 1335 1943 378
1349 1904 1385 1932 et
1398 1897 1461 1936 381
1472 1923 1482 1940 ,
1495 1904 1702 1945 permutan-

1026 1955 1094 1983 tur.
1113 1968 1157 1975 -—
1175 1950 1304 1983 Summi
1322 1948 1411 1983 bene
1437 1948 1604 1983 additum.
1629 1949 1700 1986 Sed

1027 2015 1137 2046 quum
1154 2000 1250 2035 MSS
1269 2013 1390 2035 omnes
1403 2026 1413 2043 ‚
1438 2007 1564 2046 praeter
1587 2000 1674 2036 duos
1690 2027 1700 2043 ,

1024 2053 1175 2087 habeant
1196 2055 1334 2087 summis
1348 2077 1356 2092 ,
1387 2051 1422 2085 id
1438 2051 1582 2087 fortasse
1602 2065 1697 2097 prae-

1022 2105 1221 2140 ferendum.
1247 2103 1354 2138 Certe
1382 2104 1488 2142 etiarn
1513 2116 1616 2149 supra
1639 2105 1672 2139 X
1686 2131 1695 2147 ,

1022 2156 1086 2202 379
1099 2181 1108 2198 ,
1126 2157 1222 2189 Zona
1236 2167 1361 2188 summo
1376 2156 1418 2188 de
1428 2159 1528 2198 poste
1539 2158 1696 2190 revincta.

1021 2225 1064 2231 —-
1076 2206 1176 2251 Regii
1191 2206 1294 2240 ambo
1310 2209 1457 2240 summis.

1040 2288 1043 2291 .
1065 2258 1136 2303 739.
1159 2258 1391 2300 Trepidantum
1414 2257 1584 2302 ingratam
1609 2257 1695 2302 qui-

1021 2308 1101 2342 dem
1112 2335 1120 2351 ,
1133 2308 1192 2342 sed
1204 2309 1544 2356 fidelem-imaginem
1558 2310 1694 2354 subjicit

1019 2360 1183 2398 sensibus.
1195 2360 1263 2396 Sed
1279 2360 1316 2394 in
1331 2361 1555 2405 sequentibus
1568 2373 1692 2406 magna

1018 2418 1070 2458 est
1093 2411 1282 2446 lectionum
1307 2412 1542 2457 discrepantia.
1565 2411 1690 2456 Quum

1011 2471 1193 2509 gementem
1209 2478 1226 2499 e
1237 2464 1311 2499 cod.
1321 2477 1384 2499 suo
1395 2471 1544 2499 notasset
1554 2464 1691 2499 Politia-

1016 2530 1084 2551 nus
1099 2543 1108 2560 ‚
1127 2517 1160 2550 id
1179 2516 1307 2562 recepit
1323 2516 1509 2556 Heinsius;
1527 2516 1573 2550 ita
1586 2513 1690 2551 multa

1017 2568 1149 2603 dictum
1158 2575 1210 2602 est
1219 2580 1282 2613 pro
1293 2566 1452 2602 multum.
1463 2567 1533 2602 Pro
1542 2570 1690 2602 utmulta

1016 2620 1114 2656 MSS
1123 2627 1161 2654 et
1172 2622 1276 2654 multa
1292 2625 1350 2653 aut
1364 2624 1481 2659 morte,
1503 2626 1537 2653 et
1554 2632 1617 2664 pro
1627 2632 1689 2663 gc·-

1014 2679 1150 2708 mentem
1165 2672 1314 2714 habent,
1338 2675 1506 2706 timentum
1522 2698 1531 2712 ,
1551 2684 1687 2714 paven-

1014 2733 1104 2766 tum,·
1122 2724 1262 2769 quidam
1276 2750 1285 2767 ,
1302 2727 1516 2767 trepidantem
1535 2730 1569 2757 et
1587 2730 1687 2757 morte

1013 2780 1196 2818 timentem,
1217 2783 1274 2810 aut
1286 2801 1295 2819 ‚
1321 2782 1355 2810 et
1373 2778 1479 2810 mulla
1498 2781 1684 2810 moventem.
