1820 3106
267 222 986 289 METAM‘ORPHosEoN
1026 241 1156 284 LIB.
1197 243 1352 287 xm.
1432 244 1519 304 3=9

97 339 240 387 Troas
259 337 316 386 ab
337 335 501 385 arsuris
524 352 624 382 cum
647 332 877 382 defensore
902 331 1072 382 carinis.

100 416 276 464 Ausum
295 412 427 463 etiam
450 412 670 460 Hectoreo
693 409 839 459 solum
865 427 1123 459 concurrere
1145 405 1283 458 Marti

101 494 157 544 Se
177 502 330 562 putat,
358 488 527 540 oblitus
547 489 777 556 regisque,
802 488 1076 556 ducumque,
1099 490 1294 557 meique;

101 575 258 624 Nouus
277 571 325 620 in
347 569 512 627 officio,
539 580 584 618 et
604 567 812 636 praelatus
835 587 1015 617 munere
1040 569 1184 618 sortis.

101 650 354 700 Sed'tamen
377 658 558 696 eventus
580 658 733 695 vestrae
748 684 760 704 ‚
785 645 1048 704 fortissime,
1073 665 1235 712 pugnae

101 726 216 792 Quis
233 726 352 775 suit?
372 726 544 775 Hector
565 725 659 774 abit
682 723 871 773 violatus
893 723 1070 773 vulnere
1089 724 1228 772 nullo.

99 805 176 855 Me
198 803 431 853 miserum!
459 815 626 870 quanto
653 822 791 866 cogor
810 802 1060 852 meminisse
1083 802 1235 851 dolore
1460 817 1526 849 280

98 883 328 951 Temporis
349 881 496 942 illius,
520 902 636 950 quo,
665 882 847 931 Graium
870 901 1049 941 murus,
1073 881 1275 931 Achilles

98 959 371 1008 Procubuit!
395 977 568 1033 necgne
591 958 814 1026 lacrymae,
838 957 1103 1026 luctusque,
1129 960 1313 1007 timorve

97 1034 378 1093 Tardarunt‚
403 1035 512 1102 quin
534 1054 698 1102 corpus
716 1035 854 1083 humo
879 1034 1066 1084 sublime
1090 1036 1308 1084 referrem

100 1112 185 1160 His
207 1111 429 1170 humeris,
453 1111 584 1171 his,
572 1131 784 1178 mquam,
809 1111 1004 1160 humeris
1027 1131 1109 1175 ego
1135 1130 1298 1178 corpus
1316 1109 1503 1158 Achillis

100 1187 162 1237 Et
183 1186 315 1236 simul
339 1206 458 1253 arma
478 1187 589 1247 tuli,
611 1207 709 1255 quae
732 1207 851 1236 nunc
875 1207 1054 1255 quoque
1077 1188 1189 1237 ferre
1212 1187 1383 1236 laboro.

1464 1199 1527 1235 285

101 1267 218 1315 Sunt
238 1266 348 1315 mihi
363 1306 375 1327 ‚
402 1259 499 1334 quae
523 1266 695 1316 valeant
716 1267 762 1316 in
785 1267 888 1316 talia
910 1267 1110 1335 pondera
1126 1306 1138 1326 ‚
1164 1268 1303 1316 vires:

101 1347 187 1395 Est
207 1346 379 1395 animus
399 1358 569 1396 vestros
591 1359 706 1396 certe
731 1366 940 1397 sensurus
962 1347 1167 1396 honores.

104 1421 280 1472 Scilicet
301 1422 466 1472 idcirco
490 1443 573 1491 pro
596 1436 730 1487 gnato
754 1423 911 1473 caerula
928 1435 1068 1472 mater

102 1551 185 1597 quia
203 1551 309 1587 armis
325 1551 468 1587 Achillis
484 1558 595 1587 tectus
612 1558 684 1586 tam
698 1552 780 1586 sor-

101 1605 184 1639 titer
206 1604 404 1650 pugnabat,
429 1611 470 1639 ut
492 1605 641 1650 Troiani
657 1605 782 1640 existi—

101 1663 242 1691 marent
257 1655 429 1692 Achillem
445 1656 585 1692 rediisse
613 1658 650 1692 in
672 1665 782 1693 castra

102 1709 310 1745 Graeeorum
322 1735 332 1753 ‚
342 1709 531 1756 fugamque
542 1718 781 1756 capesserent;

103 1761 145 1797 Il.
166 1768 192 1798 n
204 1787 215 1805 ‚
242 1763 398 1808 2801sqq.
418 1781 463 1789 —
483 1764 563 1797 Cum
588 1762 780 1806 defensore,

101 1813 172 1848 scil.
191 1813 310 1858 Aiace.
320 1832 365 1840 —
375 1816 556 1849 Hectoreus
567 1817 666 1849 Mars
676 1842 685 1856 ,
702 1815 784 1860 quia

102 1864 244 1900 additur
257 1865 403 1900 verbum
419 1879 608 1902 concurrere
618 1893 627 1908 ‚
643 1874 695 1902 est
710 1868 783 1912 ipse

104 1917 240 1952 Hector
255 1929 425 1964 pugnans.
442 1918 590 1955 Facilius
602 1945 611 1962 ,
630 1932 695 1954 nec
709 1919 783 1954 sine

105 1965 292 2013 gravitate,
315 1975 495 2004 certamen
517 1969 584 2004 hoc
609 1970 782 2016 singulare

106 2019 271 2054 Hectoris
305 2018 437 2055 dictum
474 2020 566 2056 foret
601 2023 785 2057 Hectoreus

105 2071 223 2111 Mars,
243 2069 287 2106 de
305 2083 376 2116 quo
389 2072 467 2107 vide
483 2072 525 2107 ad
543 2086 631 2108 vers.
649 2075 688 2120 87
711 2086 784 2119 sqq.

107 2122 226 2168 Vulgo
241 2122 351 2168 (etin
359 2123 477 2159 codice
488 2125 519 2159 B
530 2126 544 2168 )
561 2125 689 2171 legitur
696 2127 785 2160 Hec-

105 2177 206 2210 tooeis
215 2201 222 2209 .
234 2200 243 2208 .
253 2200 261 2209 .
271 2176 572 2222 telin—Regiv&
584 2180 764 2223 ducumque
772 2205 782 2220 ,

109 2227 357 2273 Agamemnon
373 2229 440 2264 κατ’
454 2231 565 2274 ἐξοχὴν
580 2229 690 2266 dictus
704 2244 762 2266 rex
772 2259 781 2273 ‚

105 2293 165 2314 ret
177 2293 290 2325 regum
300 2307 309 2322 ‚
331 2281 447 2316 ceteri
467 2294 551 2316 vero
564 2284 676 2318 duces.
691 2283 785 2319 Vide

107 2331 298 2368 Heinsium
311 2359 321 2376 ‚
339 2333 398 2379 qui
415 2333 505 2368 hanc
522 2332 711 2370 lectionem
723 2335 787 2371 de-

107 2382 159 2420 dit
176 2395 241 2430 pro
250 2410 261 2428 ,
278 2386 443 2430 Regequue
458 2386 625 2430 duello-que.
635 2405 680 2412 —
689 2387 732 2421 ln
744 2400 787 2422 eo

108 2436 220 2483 officio
237 2438 345 2483 Aiax,
360 2438 554 2474 secundum
567 2439 785 2484 Homerum,

110 2498 185 2526 erat
208 2491 331 2527 tertius
350 2519 360 2535 ,
389 2493 531 2540 Ulysses
559 2505 645 2527 vero
671 2506 788 2530 nonus.

111 2542 223 2588 Igitur
242 2544 416 2579 mentitur
436 2557 558 2579 rursus
571 2570 580 2587 ,
610 2551 649 2579 ut
670 2544 790 2580 detre-

111 2603 180 2631 ctet
197 2596 286 2631 sacta
305 2597 650 2642 Mada—Munere,
671 2598 790 2634 bene-

110 2646 210 2691 ticio,
229 2661 360 2694 ope.—
381 2651 522 2686 Vulnere
537 2653 630 2685 nullo
646 2662 659 2692 ‚⁸
679 2650 790 2686 immo

111 2707 146 2734 et
162 2700 258 2735 hasta
278 2708 313 2736 et
332 2701 447 2747 lapide
468 2703 573 2738 misso
588 2703 789 2739 vulneratus

112 2759 164 2787 est
181 2754 223 2788 ab
241 2753 369 2798 Aiace3
388 2755 428 2791 Il.
444 2762 467 2791 u
478 2781 488 2800 ,
507 2756 573 2790 260
584 2767 658 2801 sqq·

892 1555 965 1588 281.
987 1554 1106 1588 Murus
1121 1580 1129 1593 ,
1150 1552 1258 1588 tutela
1271 1578 1280 1596 ‚
1304 1550 1503 1598 praesidium
1523 1563 1530 1583 :

846 1605 1003 1639 solemne
1018 1605 1115 1639 enim
1127 1604 1254 1651 poetis,
1267 1604 1376 1639 heroa
1392 1603 1530 1637 virum-

847 1670 914 1702 que
937 1657 1066 1692 fortem
1090 1670 1216 1693 murum
1235 1684 1243 1697 ‚
1270 1663 1390 1691 turrem
1406 1682 1414 1695 ‚
1448 1657 1528 1699 cly-

841 1722 940 1753 peum
952 1716 1016 1744 etc.
1027 1722 1162 1744 vocare.
1175 1708 1324 1743 Achilles
1342 1712 1420 1755 ’ἕρκος
1431 1706 1526 1741 Grae-

847 1773 971 1796 corum
984 1787 993 1804 ,
1008 1761 1047 1795 ll.
1065 1766 1091 1796 A
1103 1787 1113 1803 ‚
1132 1762 1215 1804 2843
1238 1760 1326 1804 Aiax
1345 1763 1450 1808 πύργος
1468 1770 1530 1792 eo-

848 1811 1035 1854 rumdem,
1061 1812 1131 1846 od.
1153 1818 1182 1847 Λ
1196 1838 1205 1855 ,
1224 1813 1311 1846 555ι
1330 1810 1408 1844 vide
1428 1809 1528 1843 Dra—

847 1863 950 1899 kenb.
963 1863 1006 1898 ad
1021 1863 1081 1898 Sil.
1094 1863 1207 1906 XVI,
1232 1863 1286 1897 68.
1303 1881 1348 1888 —-
1359 1859 1526 1902 Sublime,

849 1916 1023 1950 sublatum
1040 1915 1160 1950 humo.
1170 1935 1214 1941 —
1226 1917 1350 1960 Corpus
1366 1923 1401 1949 et
1412 1925 1528 1956 arma,·

850 1967 943 2025 sicet
961 1966 1053 2013 apud
1069 1968 1196 2013 Quint.
1215 1967 1428 2010 Calabrum,
1446 1966 1529 2001 286:

849 2013 987 2058 Euboeae
1010 2020 1040 2056 δ”
1059 2024 1137 2066 ὁμῶς
1156 2024 1301 2066 -εύχεσνι
1321 2024 1466 2056 θανόντα.
1488 2038 1532 2045 —-

850 2075 917 2108 st
926 2076 1070 2109 humeris·
1082 2074 1230 2120 repetit,
1246 2074 1327 2119 quia
1342 2079 1532 2120 negaverat

851 2125 940 2171 Aiax
953 2153 962 2169 ,
984 2139 1106 2172 parem
1116 2139 1199 2161 eum
1208 2139 1279 2162 esse
1291 2126 1447 2161 serendis
1461 2126 1533 2161 istis

850 2180 977 2214 armis:
992 2179 1054 2214 sed
1068 2180 1140 2226 ipse
1155 2193 1274 2215 rursus
1288 2208 1296 2224 ,
1319 2179 1413 2225 quod
1430 2179 1535 2225 paulo

851 2239 932 2267 ante
961 2231 999 2266 in
1022 2233 1129 2278 Aiace
1146 2233 1403 2278 vituperaverat
1415 2258 1424 2275 ,
1442 2231 1539 2266 solus

850 2284 1053 2319 communia
1069 2293 1238 2330 occupat:
1259 2285 1337 2319 vide
1357 2284 1406 2329 Q
1430 2283 1533 2319 Cala·-

851 2337 956 2371 brum
966 2363 976 2380 ,
990 2338 1026 2372 11
1036 2364 1046 2381 ‚
1059 2338 1125 2381 384
1138 2363 1147 2380 ,
1158 2337 1217 2372 ubi
1228 2337 1331 2372 duces
1341 2336 1535 2372 communi-

853 2397 908 2425 ter
918 2390 1090 2426 Achillem
1099 2403 1117 2425 e
1129 2390 1247 2435 praelio
1254 2389 1534 2435 referunt.Apud

854 2443 1007 2478 Antisth.
1017 2456 1049 2489 p.
1060 2443 1101 2477 53
1106 2443 1208 2488 ‚Aiax
1217 2455 1334 2488 corpus
1343 2443 1412 2477 sert
1421 2441 1534 2476 Achil-

853 2496 893 2531 lis
907 2522 917 2539 ,
938 2496 1080 2544 Ulysses
1095 2509 1199 2530 arma.
1211 2515 1255 2522 -—-
1266 2497 1416 2535 Laboro,
1441 2507 1534 2529 con-

854 2548 975 2591 tendo,
983 2560 1126 2594 operam
1137 2548 1307 2582 ‹la—Est
1315 2551 1448 2581 animus
1459 2558 1470 2589 ;
1480 2546 1536 2582 hic

855 2607 1080 2649 exspectasses
1114 2600 1273 2634 animum
1296 2598 1533 2645 intrepidum;

854 2652 914 2687 sed
937 2665 982 2687 en
999 2651 1266 2687 conversionem
1286 2650 1480 2686 modestam
1499 2658 1536 2686 et

855 2702 1065 2749 gratiosam!
1091 2703 1239 2749 Subiicit
1261 2703 1358 2739 enim
1373 2730 1383 2748 ,
1409 2709 1536 2739 vestros

855 2762 941 2790 certe
955 2768 1112 2790 sensurus
1122 2758 1278 2799 honores,
1299 2756 1357 2801 qui
1369 2756 1408 2791 iis
1421 2763 1477 2790 tan
1484 2755 1533 2801 gi-
