1820 3106
739 237 990 283 INDEX.

149 346 284 397 Jupiter
298 347 335 382 in
350 354 494 384 taurum.

149 402 282 451 Jupiter
298 401 337 436 in
354 399 511 449 aquilam.

149 454 282 504 Jupiter
299 454 337 489 in
353 461 507 502 cymam.

150 509 172 544 J
175 507 283 557 opiter
299 507 337 542 in
353 514 512 554 satyrum.

149 562 282 610 Jupiter
296 561 335 597 in
349 558 639 609 Amphytrionem.

149 613 282 664 Jupiter
295 613 334 648 in
349 625 479 648 aurum.

148 666 281 718 Jupiter
297 663 335 700 in
356 665 484 714 ignem.

148 718 278 769 Jupiter
293 718 332 753 in
347 726 526 767 pastorem.

147 771 280 820 Jupiter
295 771 334 806 in
351 778 549 819 serpentem.

147 823 326 873 Neptunus
347 823 385 858 in
402 823 595 871 juvencum.

147 877 326 926 Neptunus
341 876 568 924 in.Enipeum
583 872 736 911 fluvium.
796 917 801 919 Π

147 929 325 979 Neptunus
341 929 379 964 in
398 929 546 964 arietum.

147 982 327 1031 Neptunus
342 982 380 1018 in
396 995 533 1029 equum.

148 1035 327 1083 Neptunus
342 1034 380 1069 in
396 1033 600 1084 delphinem.

147 1085 272 1136 Apollo
288 1086 327 1121 in
341 1095 520 1136 pastorem.

148 1140 271 1190 Apollo
288 1141 326 1175 in
344 1141 543 1190 accipitrem.

148 1193 273 1241 Apollo
292 1193 330 1228 in
344 1193 489 1229 leonem.

148 1247 305 1283 Bacchus
320 1247 359 1282 in
373 1261 486 1284 uvam.

150 1302 318 1337 Saturnus
338 1302 375 1337 in
393 1316 527 1350 equum.

148 1354 265 1390 Niobe
281 1355 319 1390 in
334 1368 494 1395 marmor.

149 1408 280 1444 Niobes
296 1407 447 1445 filiorum
467 1422 568 1445 mors.

149 1461 353 1509 Amphionis
373 1462 489 1497 exitus.

149 1514 246 1562 Lycii
261 1515 377 1551 rustici
393 1516 430 1550 in
446 1529 556 1552 ranas.

147 1566 290 1603 Marsias
307 1567 345 1602 in
365 1566 519 1604 fluvium.
550 1583 552 1586 ·

148 1618 328 1655 Eburneus
343 1620 479 1670 Pelopis
495 1619 664 1661 humerus.

149 1671 274 1708 Tereus
290 1673 327 1708 in
344 1687 503 1722 upupam.

150 1725 288 1774 Progne
304 1726 343 1763 in
358 1725 590 1762 hirundinem.

148 1778 340 1815 Philomela
354 1780 392 1815 in
406 1779 599 1815 lusciniam.

151 1831 321 1880 Orithyiae
338 1841 461 1882 raptus.

152 1882 248 1919 Zetes
264 1892 297 1920 et
313 1884 424 1921 Calais
442 1885 530 1921 alati.

354 1990 521 2036 LIBER
554 1991 643 2026 vn.

152 2094 320 2131 Draconis
334 2095 447 2131 dentes
462 2096 499 2131 in
514 2096 670 2131 homines
687 2104 841 2134 armatos.

152 2147 288 2183 Jasonis
302 2148 340 2182 in
357 2148 500 2184 Colchos
516 2148 692 2198 expeditio,

153 2200 277 2236 Phinei
295 2200 472 2236 calamitas.

155 2253 286 2288 Medeae
301 2266 439 2288 amores.

155 2305 260 2341 Tauri
277 2306 393 2353 ignem
412 2303 573 2343 efflantes.

155 2358 334 2407 Pervigilis
351 2359 518 2395 Draconis
534 2373 644 2408 sopor.

155 2410 268 2446 AEson
284 2425 323 2446 ex
339 2424 417 2446 sene
431 2411 574 2458 iuvenis.

156 2464 281 2499 Aridus
299 2463 397 2499 olivae
414 2477 527 2500 ramus
543 2463 581 2498 in
597 2464 753 2500 viridem.

156 2517 268 2553 Guttae
284 2529 382 2563 aquae
396 2517 432 2551 in
448 2514 555 2552 flores.

155 2570 311 2605 Nutrices
326 2569 452 2608 Bacchi
470 2584 508 2605 ex
522 2569 642 2604 vetulis
658 2568 806 2616 iuvenes.

156 2623 253 2659 Aries
269 2622 363 2659 senio
379 2625 548 2659 confectus
564 2624 602 2662 in
618 2630 755 2671 agnum.

156 2673 259 2710 Peliae
276 2676 392 2711 caedes.

157 2727 341 2763 Cerambus
362 2729 398 2762 in
415 2741 522 2767 avem.

156 2779 268 2815 Draco
287 2780 326 2815 in
342 2794 470 2817 saxum.

1497 237 1587 297 559

900 346 1071 379 Juvencus
1090 341 1128 376 in
1144 354 1290 377 cervum.

903 397 984 432 Coae
1003 396 1165 434 mulieres,
1178 403 1337 430 cornutae.

899 449 1017 484 Telchi
1033 448 1109 483 visu
1128 448 1244 483 omnia
1258 455 1434 484 mutantes.

900 502 1020 552 Hyries
1035 501 1126 536 filius
1144 501 1182 536 in
1199 514 1354 550 cycnum.

900 554 1005 602 Hyrie
1023 553 1060 588 in
1075 554 1196 589 lacum.

901 606 1032 642 Combe
1048 606 1085 641 in
1103 619 1210 642 avem.

899 660 1017 709 Fungi
1034 660 1070 694 in
1090 659 1258 695 homines.

899 712 1050 748 Phineus
1069 713 1106 746 in
1124 725 1232 747 avem.

901 763 1062 813 Periphas
1078 764 1115 798 in
1132 777 1239 798 avem.

902 818 1170 868 Polyphemonis
1187 817 1260 852 filia
1277 818 1315 852 in
1330 831 1437 855 avem.

902 874 1027 909 Medea
1044 872 1087 908 ad
1101 873 1264 921 AEgeum.

903 926 1043 962 Cerberi
1059 939 1177 975 spuma
1192 926 1229 960 in
1247 926 1429 962 aconitum.

903 979 1029 1015 Thesei·
1039 987 1141 1028 gesta.

905 1031 1056 1066 Scironis
1072 1030 1212 1066 latronis
1232 1044 1306 1066 ossa
1321 1031 1359 1065 in
1374 1031 1538 1081 scopulos.

904 1084 1032 1119 Minois
1046 1085 1172 1120 bellum
1192 1085 1229 1119 in
1243 1085 1475 1122 Athenienses.

906 1137 1058 1172 Sithonis
1077 1137 1113 1171 in
1131 1136 1361 1172 monedulam.

903 1190 1035 1238 AEgina
1053 1188 1164 1225 insula
1181 1202 1256 1236 quae
1276 1198 1307 1224 et
1323 1190 1475 1226 OEnona.

890 1234 1007 1277 Ἐπὶ
1022 1241 1097 1278 filii.

904 1296 1071 1331 Formicae
1091 1296 1127 1331 in
1147 1296 1313 1332 homines.

904 1350 1009 1385 Pestis
1027 1349 1217 1398 descriptio.

908 1402 1073 1451 Cephalus
1088 1402 1258 1437 Procridis
1275 1402 1416 1439 maritus
1432 1403 1471 1438 in
1490 1402 1594 1438 aliam

948 1455 1103 1505 figuram.

903 1510 1030 1559 Vulpes
1050 1518 1083 1544 et
1098 1510 1189 1544 canis
1207 1510 1245 1544 in
1262 1523 1351 1546 saxa.

904 1560 1074 1596 Procridis
1093 1574 1193 1596 mors.

1093 1668 1268 1704 LIBER
1290 1669 1404 1706 VIII.

903 1774 1007 1809 Nisus
1024 1773 1061 1808 in
1075 1772 1237 1808 halietum
1254 1786 1363 1809 avem.

907 1827 1020 1876 Scylla
1039 1827 1076 1863 in
1094 1826 1212 1875 Cyrim
1227 1838 1333 1862 avem.

905 1880 999 1914 Muri
1017 1879 1160 1915 vocales.

905 1932 1107 1981 Labyrinthi
1123 1931 1290 1967 Cretensis
1308 1931 1496 1980 descriptio.

906 1986 1068 2020 Ariadnae
1085 1998 1212 2020 corona
1226 1985 1264 2019 in
1281 1984 1384 2020 sidus.
1410 2004 1414 2012 =

905 2037 1041 2072 Daedali
1056 2036 1198 2072 volatus.

906 2089 1009 2124 Talus
1019 2102 1101 2138 puer
1111 2101 1209 2124 serrae
1221 2088 1406 2135 circinique
1420 2088 1576 2123 inventor
1585 2113 1595 2131 ,

952 2141 988 2176 in
1006 2141 1188 2190 perdicem.
1371 2156 1374 2158 ·

906 2196 1068 2232 Daedalus
1085 2196 1127 2230 ad
1145 2195 1318 2243 Cocalum.

906 2250 991 2298 Apri
1011 2249 1195 2299 Calydonii
1210 2248 1400 2297 descriptio.

907 2303 1075 2338 Atalantae
1093 2304 1212 2338 forma.

840 2375 842 2377 ¹
908 2358 1039 2393 Altheae
1057 2358 1172 2392 fratres
1193 2370 1212 2390 a
1230 2355 1404 2404 Meleagro
1421 2355 1507 2391 caesi.

909 2412 1019 2460 Stipes
1036 2412 1073 2446 in
1089 2424 1157 2459 quo
1174 2410 1339 2458 Meleagri
1356 2410 1436 2445 vita.

907 2464 1075 2512 Meleagri
1092 2477 1194 2498 mors.

908 2516 1076 2563 Meleagri
1087 2529 1216 2550 sorores
1228 2515 1265 2549 in
1279 2528 1354 2551 aves
1365 2514 1596 2563 meleagridas.

908 2570 1055 2604 Naiades
1070 2569 1107 2603 in
1120 2569 1313 2604 Echinadas
1327 2568 1465 2604 insulas.

908 2622 1074 2657 Perimele
1089 2622 1240 2671 nympha
1258 2623 1295 2659 'm
1309 2623 1467 2659 insulam.

909 2675 1084 2724 Oppidum
1101 2675 1138 2709 in
1157 2684 1323 2724 stagnum.

908 2729 1040 2777 Jupiter
1056 2742 1133 2763 cum
1148 2730 1319 2766 Mercurio
1333 2730 1371 2765 in
1386 2729 1550 2766 homines.

911 2781 999 2818 Casa
1019 2781 1055 2816 in
1071 2782 1242 2831 templum.
