1820 3106
314 238 1026 295 METAMORPHOSEON
1055 241 1192 286 LIB.
1226 243 1342 288 XV.

1450 244 1558 315 539,

104 338 301 389 Rettulit
324 337 399 388 ille
421 335 604 406 pedem,
630 345 889 401 torvamque
915 353 939 384 a
960 333 1184 383 moenibus
1207 335 1347 384 Urbis

102 417 321 466 Avertens
342 415 522 473 saciem;
549 435 572 457 «
599 411 791 471 Procul,
817 412 900 460 ah!
926 410 1084 478 procul
1107 411 1278 468 omina,
1302 412 1441 473 dixit,

105 518 128 538 »
157 494 283 545 Talia
305 494 366 544 Di
389 491 584 562 pellant,
610 490 845 558 multoque
868 509 950 553 ego
971 489 1136 555 justius
1160 508 1300 538 aevum

105 596 130 617 »
156 572 298 622 Exsul
320 590 446 636 agam
461 610 473 630 ‚
500 591 632 639 quam
659 590 729 620 me
749 569 930 619 videant
955 566 1179 635 Capitolia
1202 587 1362 631 regem.
1387 590 1410 611 »

101 653 255 712 Dixin
280 664 324 702 et
345 650 567 719 extemplo
588 649 899 718 populumque
919 666 1184 714 gravemque
1208 659 1411 697 senatum
1475 660 1543 707 590

100 732 331 782 Convocat
351 751 362 781 ε
381 743 483 780 ante
510 737 658 780 tame‘n
681 728 822 797 pacali
844 746 1013 777 cornua
1034 726 1162 776 lauro

24 822 28 825 '
97 808 255 868 Volat,
281 821 325 858 et
347 809 586 873 aggeribus
610 807 739 857 factis
764 827 789 856 a
808 805 952 856 milite
975 804 1085 853 forti

98 886 299 945 Insistit,
325 885 565 954 priscoque
590 886 713 934 Deos
738 903 762 933 e
783 902 908 932 more
932 893 1165 950 precatus,

105 986 130 1007 «
159 965 268 1023 Est,
293 964 375 1023 ait,
399 963 473 1013 bic
494 983 613 1014 unus
627 1001 639 1023 ‚
667 982 798 1031 quem
818 981 899 1011 vos
919 960 1006 1010 nisi
1030 959 1197 1028 pellitis
1219 959 1333 1009 urbe
1349 998 1361 1018 ‚

106 1065 130 1086 »
158 1043 256 1092 Rex
278 1041 363 1092 erit
380 1062 391 1090 :
411 1043 451 1091 is
474 1042 552 1109 qui
575 1041 660 1100 sit,
687 1041 816 1104 signo
830 1079 842 1099 ‚
869 1059 963 1089 non
983 1039 1167 1088 nomine
1182 1077 1194 1098 ‚
1215 1038 1371 1087 dicam.
1479 1052 1545 1100 595

102 1142 128 1163 »
159 1119 338 1168 Cornua
359 1118 507 1168 fronte
532 1119 645 1183 gerit
660 1156 672 1177 ‚
695 1138 826 1186 quem
849 1118 981 1167 vobis
1003 1117 1173 1166 indicat
1194 1136 1363 1181 augur,
1534 1127 1536 1129 '

106 1220 131 1242 n
162 1197 210 1247 Si
234 1199 426 1247 Romam
447 1197 650 1256 intrarit,
674 1196 903 1246 famularia
922 1196 1021 1262 jura
1045 1195 1268 1244 daturum.

57 1311 59 1313 ·
103 1299 127 1320 »
154 1275 236 1325 Ille
262 1275 442 1343 quidem
466 1275 618 1343 potuit
641 1288 797 1343 portas
820 1276 1066 1343 irrumpere
1087 1286 1290 1341 apertas:

103 1379 128 1400 2»
157 1355 247 1405 Sed
269 1374 363 1404 non
386 1354 666 1413 obstitimus,
695 1355 894 1422 quamvis
916 1353 1198 1420 conjunctior
1219 1352 1298 1402 illo

105 1457 129 1477 »
156 1435 301 1483 Nemo
323 1433 435 1482 mihi
458 1444 526 1482 est
549 1454 559 1481 :
581 1452 662 1481 vos
684 1432 809 1482 Urbe
833 1433 976 1481 virum
999 1431 1239 1499 prohibete
1253 1469 1266 1489 ‚
1293 1430 1496 1495 Quirites
1511 1468 1524 1489 ‚

103 1535 129 1556 »
155 1511 268 1571 Vel,
295 1511 334 1560 si
358 1510 520 1575 dignus
540 1510 624 1559 erit
638 1548 650 1567 ‚
676 1510 886 1574 gravibus
909 1510 1073 1558 vincite
1097 1509 1292 1569 catenis;

1477 1523 1542 1557 601

107 1613 130 1634 »
158 1590 253 1639 Aut
274 1588 399 1638 finite
421 1600 592 1638 metum
613 1588 760 1638 fatalis
782 1600 927 1638 morte
950 1586 1141 1655 tyranni.
1168 1609 1192 1630 »

103 1667 270 1735 Qualia
291 1668 529 1717 succinctis
546 1706 557 1728 ‚
582 1668 664 1717 ubi
690 1680 792 1717 trux
813 1667 1015 1717 insibilat
1035 1669 1188 1716 Eurus
1205 1705 1217 1726 ‚

145 1778 221 1815 586.
246 1779 394 1814 Rettulit
413 1779 533 1823 pedem
545 1805 554 1819 ‚
579 1791 708 1824 nempe
725 1790 792 1813 co·-

101 1831 328 1873 horrescens;
346 1830 537 1875 Phaedrus,
549 1831 605 1874 11,
621 1831 691 1865 fab.
702 1842 716 1864 1
727 1831 767 1875 ,6
778 1857 788 1874 ,

101 1885 248 1930 Feroque
267 1887 344 1919 vim
366 1886 482 1919 retulit
498 1890 585 1919 retro
594 1886 730 1928 pedem..
741 1884 790 1919 Et

100 1934 160 1973 tali
171 1937 320 1972 horrore
332 1936 441 1972 etiam
454 1937 575 1972 omina
588 1937 698 1972 averti
709 1950 790 1972 cre-

102 1989 254 2032 debant;
279 1989 462 2036 Tbeopbr.
486 1989 541 2025 ch.
568 1990 617 2026 16.
639 1990 790 2025 Lenzius

100 2055 187 2077 vero
203 2041 368 2088 explicat:
385 2054 459 2076 non
477 2042 652 2088 ingressus
663 2049 716 2076 est
730 2055 792 2076 ur-

101 2096 195 2130 bem.
206 2096 400 2130 —Torvam
411 2123 420 2137 ,
433 2095 716 2141 indignationem
734 2108 794 2142 ge·

101 2159 266 2184 net-osam
286 2160 357 2194 prae
379 2161 416 2183 se
439 2148 639 2190 ferentem3
662 2148 803 2184 Horat.'

102 2201 158 2237 Ill
173 2226 183 2244 ,
207 2199 278 2236 Od.
304 2213 350 2244 v,
373 2202 418 2245 44
437 2227 446 2244 ,
479 2200 637 2246 Regulus
663 2203 793 2235 virilem

110 2255 238 2288 Torvus
252 2254 350 2287 humi
355 2255 474 2297 posuit
481 2254 617 2286 vultum.
628 2271 673 2278 —-
682 2253 799 2287 Exsul

103 2316 227 2351 ogau&
246 2312 283 2340 et
300 2305 372 2351 egit
389 2312 531 2340 auctore
548 2305 702 2340 Valerio.

148 2359 224 2405 590·
234 2359 400 2402 Populum
408 2384 416 2392 .
431 2383 439 2391 .
450 2384 457 2390 .
468 2364 639 2392 convocat.
648 2358 730 2393 Non
743 2357 794 2392 vi-

104 2408 173 2444 deo
186 2436 196 2454 ‚
215 2410 398 2456 quomodo
407 2417 504 2445 extra
520 2410 645 2445 urbem
657 2418 794 2446 extem·

103 2461 162 2508 plo
175 2463 347 2508 populum
366 2471 402 2499 et
417 2470 581 2498 senatum
599 2475 792 2499 convocare

106 2516 271 2560 potuerit.
283 2534 327 2542 —
348 2518 495 2551 Gravem
511 2523 655 2562 propter
674 2523 795 2551 aucto—

103 2566 444 2603 ritatem.-Pacolis
454 2571 569 2603 laurus
580 2596 589 2610 ,
610 2575 650 2603 ut
656 2571 795 2612 pacalis

105 2622 181 2654 olea
198 2620 252 2655 Vl
267 2646 277 2663 ,
300 2634 357 2655 ιιι
374 2647 384 2664 ,
405 2620 463 2655 ubi
483 2620 561 2655 vide
580 2628 712 2656 notam.
731 2621 795 2655 Vi-

106 2671 225 2706 ctoriae
235 2679 270 2706 et
281 2672 452 2717 triumphi
461 2672 601 2718 signum
613 2685 710 2707 nunc
718 2684 793 2707 non

106 2731 193 2758 erat.
211 2725 368 2768 Plinius,
390 2725 485 2768 XV,
507 2725 574 2769 30,
602 2725 646 2760 de
675 2725 791 2760 lauro:

108 2793 127 2810 ιι
145 2779 223 2824 Ipsa
239 2779 391 2824 pacifera
405 2805 415 2824 ,
439 2786 480 2814 ut
497 2791 603 2825 quam
621 2778 794 2826 praetendi

860 1793 880 1810 ³»
900 1779 1007 1814 etiam
1023 1778 1118 1814 inter
1129 1784 1281 1813 armatos
1290 1776 1408 1812 hostes
1421 1775 1548 1822 quietis

858 1845 877 1861 >³
897 1831 942 1866 sit
958 1831 1140 1866 indicium.
1154 1846 1171 1861 »
1184 1832 1354 1865 —Velare
1371 1829 1409 1863 in
1426 1828 1491 1864 hac
1507 1841 1547 1864 re

854 1886 1004 1921 verbum
1012 1883 1206 1930 proprium.
1230 1882 1388 1928 Adparet
1404 1888 1524 1917 autem
1535 1907 1545 1924 ,

854 1939 977 1984 exigua
984 1937 1089 1972 fuisse
1100 1937 1156 1971 illa
1168 1949 1253 1971 corn
1259 1934 1548 1979 ua.-Agger13us

856 1991 923 2027 alio
932 1999 1090 2036 tempore
1101 2002 1119 2024 a
1128 1989 1239 2024 milite
1247 1987 1360 2031 factis,
1370 2000 1466 2023 nunc
1473 2000 1546 2022 ver·

855 2045 900 2081 ba
911 2043 1068 2079 facturus
1079 2069 1087 2086 ,
1100 2042 1176 2077 loco
1186 2041 1368 2076 tribunalis
1379 2041 1502 2076 utitur.

903 2098 978 2145 593.
991 2098 1085 2132 Deos
1090 2102 1261 2140 precatus.
1271 2094 1373 2140 Virg.
1386 2093 1549 2137 AEn.X1‚

860 2149 922 2184 301
939 2176 949 2193 ,
963 2163 981 2179 «
996 2148 1171 2184 praefatus
1184 2147 1294 2182 Divos
1308 2146 1395 2182 solio
1408 2145 1457 2181 sic
1469 2145 1551 2180 infit

859 2216 879 2234 n
897 2202 940 2236 ab
956 2201 1063 2237 alto.»
1084 2201 1137 2236 Ibi
1154 2199 1298 2236 Servius
1312 2213 1319 2234 :
1334 2213 1352 2229 «
1365 2199 1471 2234 More
1483 2211 1550 2233 an-

859 2270 879 2287 »
897 2256 996 2300 tiquo
1013 2270 1022 2298 ;
1045 2267 1129 2289 nam
1144 2252 1453 2299 majoresnullam
1469 2255 1549 2287 ora-

859 2322 878 2340 »
896 2308 1032 2343 tionem
1047 2334 1058 2351 ‚
1076 2307 1142 2342 nisi
1160 2306 1327 2341 invocatis
1341 2305 1549 2341 numinibus

858 2375 877 2392 ι)
894 2360 1118 2395 inchoabant.
1133 2374 1150 2389 υ
1169 2358 1319 2393 Lenzius
1330 2365 1453 2393 contra
1463 2370 1547 2403 pre-

857 2426 913 2449 ces
932 2419 1212 2457 commemorat,
1241 2424 1326 2457 quas
1346 2410 1546 2456 triumpha-

858 2465 928 2500 turi
939 2473 1019 2500 ante
1030 2466 1154 2500 urbem
1164 2464 1349 2500 faciebant.
1362 2463 1472 2510 Cipus
1483 2476 1548 2498 ve-

856 2531 898 2553 ro
909 2531 982 2553 non
998 2518 1281 2564 triumphaturus
1294 2524 1369 2558 erat
1381 2543 1391 2561 ,
1412 2516 1474 2551 sed
1489 2516 1547 2551 di-

857 2571 1127 2607 cturus—Vide
1137 2570 1228 2616 apud
1240 2576 1404 2605 nostrum
1414 2569 1545 2615 lason·

856 2626 958 2663 taine,
970 2621 1154 2657 exordium
1166 2622 1293 2658 fabulae
1310 2624 1341 2657 le
1350 2623 1490 2670 Passao
1499 2622 1548 2656 du

858 2677 1014 2710 Danube.
1027 2674 1093 2709 Ed.
1104 2694 1148 2701 -
1161 2675 1359 2710 Famulorz'a
1367 2702 1376 2717 ,
1398 2674 1547 2710 servilia.

902 2727 980 2762 603.
997 2728 1195 2763 Succmctis.
1213 2728 1320 2764 Unus
1331 2726 1549 2763 Leidshabet-

857 2781 1025 2825 Peliacis,
1044 2780 1223 2828 eleganter
1234 2780 1350 2827 judice
1367 2778 1519 2816 Heinsio
1534 2792 1543 2821 ζ,
