1820 3106
299 254 355 296 50
675 254 726 296 P.
767 253 1003 298 0V1D11
1037 253 1339 299 NASONIS

297 348 466 395 Tantus
489 364 629 404 eram;
655 347 904 413 pariterque
929 348 1305 397 animis'immanis
1328 360 1371 396 et
1395 348 1552 406 undis,

297 425 335 471 A
361 422 481 470 silvis
506 421 633 471 silvas
648 459 659 480 ,
686 434 730 471 et
754 423 808 471 ab
833 424 947 473 arvis
973 442 1072 473 arva
1095 424 1270 482 revelli3

301 501 502 566 Cumque
520 499 620 548 loco
635 500 886 567 Nymphas,
904 519 1118 550 memores
1137 513 1230 549 tum
1248 501 1437 566 denique
1453 502 1616 561 nostri,
1652 516 1717 552 585

299 579 351 624 In
374 576 482 624 freta
506 575 708 641 provolvi
731 595 739 622 :
762 575 921 626 fluetus
944 590 1184 644 nosterque
1207 578 1425 644 marisque

301 652 568 701 Continuam
594 651 768 700 diduxit
791 653 974 702 humum
989 692 1000 712 ,
1025 667 1258 722 partesque
1281 654 1462 704 resolvit

300 732 354 778 In
379 730 585 788 totidem,
611 730 765 778 mediis
789 743 901 796 quot
925 732 1065 780 cernis
1089 732 1335 780 Echinadas
1358 731 1503 779 undis.

372 830 395 850 »
419 809 483 854 Ut
504 819 647 855 tamen
669 807 764 873 ipse
786 808 931 865 vides,
963 809 1118 875 procul
1135 847 1145 865 ,
1177 828 1230 856 en
1255 808 1410 875 procul
1433 827 1520 856 una
1542 807 1719 855 recessit

302 882 452 931 Insula
474 895 595 946 grata
616 884 724 931 mihi
745 905 754 932 ε
775 883 1015 932 Perimelen
1043 885 1187 932 navita
1210 884 1330 930 dicit,

1656 895 1721 942 590

303 961 420 1011 Huic
446 979 526 1023 ego
549 960 793 1022 virgineum
815 960 980 1009 dilectae
1007 979 1168 1008 nomen
1193 960 1346 1008 ademi.

304 1037 440 1100 Quod
466 1034 588 1103 pater
611 1037 915 1102 Hippodamas
939 1055 1049 1099 aegre
1075 1036 1174 1084 tuli-t
1191 1074 1202 1094 ‚
1230 1037 1363 1102 inque
1386 1035 1657 1103 profundum

302 1114 510 1181 Propulit
532 1134 554 1162 e
578 1113 763 1180 scopulo
786 1113 989 1180 pariturae
1013 1132 1196 1180 corpora
1219 1126 1342 1161 natae.

304 1191 496 1258 Excepi,
515 1204 777 1256 nantemque
799 1189 966 1247 ferens3
993 1213 1014 1232 «
1042 1191 1085 1238 O
1110 1191 1308 1257 proxima
1330 1188 1430 1238 caelo

313 1292 334 1311 «
362 1270 519 1329 Regna
544 1286 685 1329 vagae,
710 1267 825 1333 dixi,
850 1267 1002 1315 sortite
1017 1304 1028 1324 ,
1052 1266 1345 1325 Tridentiser,
1371 1267 1522 1322 undae,

1660 1281 1725 1328 595

307 1368 330 1388 »
357 1346 409 1392 In
435 1363 523 1409 quo
548 1343 811 1400 desinimus,
838 1363 926 1408 quo
950 1343 1059 1391 sacri
1084 1344 1300 1392 currimus
1320 1363 1491 1402 amnes,

309 1444 331 1464 »
361 1423 462 1470 Huc
485 1420 587 1469 ades
603 1457 614 1478 ,
641 1431 770 1486 atque
799 1419 901 1467 audi
925 1419 1149 1485 placidus,
1175 1422 1403 1486 Neptune,
1427 1433 1688 1487 precantem.

302 1558 559 1597 rat.—-An1‘mis‚
570 1555 620 1589 ira
625 1554 812 1589 .—A11im‘is
823 1557 979 1589 immanis

304 1617 339 1645 et
351 1611 471 1653 und1·s,·
488 1620 580 1642 unus
601 1607 782 1641 Medieeus
795 1632 804 1649 ,
825 1609 981 1641 immanis

305 1667 341 1695 et
353 1661 462 1694 undas
474 1686 482 1699 ,
509 1658 602 1703 quod
622 1658 769 1692 Heinsio
786 1657 959 1691 arridebat
972 1684 981 1701 ,

305 1710 500 1746 dummodo
521 1714 652 1744 animos
673 1709 858 1754 legeretur.
882 1709 984 1756 Regii

307 1762 419 1798 nostri
435 1762 523 1802 nihil
540 1767 690 1795 mutant.
725 1760 726 1763 ’

350 1816 425 1851 585.
441 1816 603 1849 Memores
616 1819 686 1848 tum
702 1815 840 1858 denique
851 1817 980 1854 nostri,·

306 1877 385 1904 tum
402 1868 556 1902 'demum
577 1867 826 1903 intellexerunt
839 1892 848 1909 ,
877 1876 984 1911 quem

307 1936 371 1968 per
379 1921 570 1956 ludibrium
581 1919 623 1954 de
635 1919 712 1954 Diis
726 1919 915 1965 agrestibus
928 1919 986 1952 in·-

307 1974 521 2008 honoratu'm
530 1970 786 2017 praeteriissent.
796 1972 986 2004 Ed.—-Pro-

310 2027 416 2065 νοΙνι”,·
437 2023 573 2058 Balliot.
598 2029 634 2057 et
657 2022 796 2056 Thuan.
813 2024 982 2065 ρει-φοῖνιξ

309 2074 474 2109 Menardi
489 2100 498 2117 ,
523 2076 670 2113 devolvi,
696 2073 788 2118 quod
813 2072 986 2118 rapiditati

260 2145 267 2150 ν
310 2125 577 2161 convenientius
593 2125 819 2158 Burmannus
834 2123 985 2168 putabat.

310 2180 410 2225 Regii
437 2179 547 2213 nostri
569 2204 578 2222 ,
601 2181 758 2222 provolvi.
793 2177 956 2223 Virgilius
975 2204 984 2221 ,

294 2243 297 2245 “
311 2231 394 2265 AEn.
407 2231 440 2264 X
453 2256 462 2273 ,
483 2231 545 2264 555
558 2255 567 2272 ,
584 2235 732 2263 truncum
739 2232 988 2273 provolvens.—

318 2284 515 2318 Contt‘mtam
527 2309 535 2322 ‚
566 2282 808 2317 continentem
834 2289 963 2316 terram
976 2308 987 2326 ‚

313 2337 464 2374 diduxit,
483 2333 597 2367 divisit
608 2359 617 2376 ,
635 2333 800 2367 distraxit.

357 2388 431 2432 589.
439 2387 633 2419 Recesmse
639 2384 816 2430 eleganter
825 2384 989 2418 dicuntur

314 2449 391 2482 quae
407 2437 543 2482 longius
557 2442 693 2470 remota
707 2443 844 2470 sunt.—
853 2436 989 2470 Secun-

314 2490 400 2523 dum
412 2488 665 2534 Apollodorum
676 2514 685 2531 ,
698 2489 713 2523 Ι
726 2514 735 2532 ,
748 2499 823 2531 vn,
842 2488 879 2531 3,
893 2490 990 2522 Pert-

314 2542 406 2574 mede
422 2542 434 2583 (
446 2553 519 2574 non
534 2540 713 2583 Perimele)
726 2552 811 2572 uxor
824 2538 966 2573 Acheloi
979 2564 988 2581 ,

315 2605 393 2637 quae
410 2593 442 2626 ei
466 2593 750 2638 Hippodamanta
771 2600 805 2627 et
825 2592 990 2628 Orestem

314 2644 732 2688 peperit.--Naviladic1't;
741 2645 830 2678 cons.
841 2644 905 2687 IX,
918 2645 990 2678 228.

360 2696 434 2742 593.
449 2698 620 2735 Rutilum*¹
637 2710 700 2742 pro
705 2701 858 2740 peritura·
872 2699 884 2739 (
897 2696 990 2741 quod

316 2746 446 2781 habent
461 2747 603 2792 quidem
619 2748 718 2793 Regii
736 2748 846 2783 nostri
863 2749 989 2790 ambo)

1043 1567 1084 1589 ex
1094 1567 1166 1588 uno
1179 1554 1341 1590 Leidensi
1351 1562 1387 1590 et
1396 1555 1504 1590 altero
1517 1556 1720 1591 Twisdenio

1046 1607 1142 1643 dedit
1154 1608 1321 1643 Heinsius
1336 1621 1344 1643 :
1362 1608 1514 1643 viderint
1529 1609 1641 1654 periti.
1658 1612 1722 1650 Ed.

1092 1662 1164 1707 594.
1192 1661 1223 1693 O
1232 1663 1388 1703 proxima
1408 1663 1489 1695 caelo
1513 1667 1577 1695 etc.
1604 1662 1724 1695 confer

1048 1724 1130 1746 cum
1146 1711 1211 1746 hoc
1226 1711 1301 1746 loco
1313 1738 1322 1755 ,
1339 1711 1408 1755 IV,
1428 1712 1490 1746 532
1502 1739 1510 1753 ‚
1530 1712 1586 1746 ubi
1596 1713 1724 1748 similes

1049 1763 1092 1798 ad
1101 1764 1306 1808 Neptunum
1318 1776 1453 1809 preces:
1465 1764 1728 1810 Onumenaqua-

1046 1827 1134 1855 rum,
1154 1817 1316 1849 Proxima
1331 1818 1391 1849 cui
1401 1818 1482 1849 coelo
1496 1819 1613 1856 cessit,
1632 1813 1726 1860 Nep-

1041 1873 1141 1907 tune,
1155 1873 1337 1910 potestas,·
1355 1866 1449 1901 unde
1474 1874 1614 1912 appare-t
1636 1864 1724 1902 male

1049 1918 1116 1953 hoc
1139 1918 1215 1953 loco
1237 1918 1394 1953 librarios
1415 1921 1497 1953 coelo
1517 1927 1666 1954 mutasse
1686 1920 1722 1953 in

1048 1977 1141 2004 terrae
1166 1971 1178 2014 (
1195 1969 1288 2015 quod
1311 1970 1452 2015 quidem
1478 1971 1582 2006 habet
1600 1970 1725 2005 'Codex

1050 2028 1169 2056 noster
1187 2022 1317 2067 Regius
1335 2022 1365 2055 A
1380 2036 1387 2063 ;
1410 2029 1445 2056 et
1467 2021 1587 2056 Codex
1604 2023 1634 2057 B
1651 2035 1723 2056 non

1049 2072 1162 2106 multo
1173 2073 1296 2107 melius
1306 2072 1365 2107 dat
1375 2071 1513 2119 mundi)
1524 2099 1533 2117 ,
1545 2081 1583 2108 ut
1592 2074 1724 2119 pritnus

1050 2123 1135 2158 vidit
1146 2124 1328 2159 Accursius
1339 2150 1348 2168 ,
1366 2137 1438 2158 uno
1449 2136 1513 2159 suo
1525 2124 1669 2160 Codice.
1682 2139 1725 2151 ’-

1052 2176 1094 2210 Ῑη
1105 2177 1216 2211 verbis
1226 2178 1266 2210 In
1275 2190 1339 2222 quo
1350 2204 1357 2211 .
1370 2204 1377 2210 .
1387 2204 1394 2211 .
1403 2190 1517 2212 amnes
1525 2188 1607 2213 sane
1617 2187 1724 2213 estre-

1052 2227 1420 2273 dundantia-quaedam
1437 2244 1446 2272 3
1473 2242 1588 2275 neque
1608 2237 1723 2265 tamen

1051 2280 1107 2314 illa
1117 2306 1126 2323 ‚
1144 2279 1208 2314 nisi
1221 2280 1407 2315 innumera
1415 2282 1630 2326 *optimorum
1642 2294 1726 2327 poe—

1051 2339 1168 2367 tarum
1185 2332 1256 2368 loca
1272 2341 1409 2368 mutare
1425 2334 1587 2377 velimus,
1601 2334 1726 2368 sollici*

1053 2383 1172 2427 tanda,
1183 2396 1384 2429 quanquam
1391 2385 1571 2429 ingeniosa
1582 2392 1632 2419 est
1640 2385 1726 2419 Bur-

1053 2436 1174 2470 manni
1188 2437 1389 2482 conjectura
1404 2443 1484 2482 quot
1495 2441 1595 2471 sacri.

1098 2490 1171 2534 597.
1190 2490 1267 2522 Huc
1278 2489 1370 2527 ades,
1388 2495 1452 2521 etc.
1465 2488 1572 2522 Hunc
1589 2501 1728 2523 versum

1053 2540 1210 2584 spurium
1220 2539 1348 2583 judicat
1357 2565 1366 2582 ,
1378 2547 1411 2574 et
1422 2553 1503 2574 eum
1516 2541 1574 2585 qui
1583 2552 1664 2575 mox
1673 2555 1728 2576 se·-

1055 2594 1226 2638 quebatur
1234 2619 1244 2636 ,
1256 2594 1488 2637 Cuiquondam
1503 2596 1602 2628 tellus
1611 2597 1728 2628 clausa

1054 2652 1108 2678 est
1117 2645 1258 2689 scritate
1270 2651 1414 2688 paterna
1423 2672 1431 2683 ,
1457 2645 1584 2680 delevit
1606 2646 1727 2680 Hein-

1055 2697 1123 2731 sius
1132 2723 1141 2739 ,
1154 2697 1354 2731 auctoritate
1362 2697 1637 2732 uniusVossiani.
1649 2697 1726 2732 Plu-

1055 2762 1122 2791 res,
1134 2761 1259 2794 nempe
1272 2748 1445 2784 secundus
1456 2750 1647 2794 Palatinus,
1659 2749 1723 2796 pri-
