1820 3106
268 248 357 304 514

641 248 692 291 P.
733 248 966 294 ov1D11
1008 244 1316 305 NASONIS

266 340 446 389 Transit
460 377 472 399 ,
498 350 566 397 et,
591 340 778 390 emensis
798 339 932 390 medii
953 359 1128 407 quoque
1151 340 1361 408 temporis
1383 341 1529 400 annis,
1571 357 1573 361 ’

267 418 454 466 Labitur
477 417 669 466 occiduae
692 436 770 486 per
791 417 874 466 iter
900 416 1061 467 declive
1084 429 1276 467 senectae.

268 492 454 540 Subruit
477 492 570 541 haec
593 493 671 542 aevi
685 530 696 551 ,
723 493 1044 560 demoliturque
1064 494 1226 560 prioris

266 569 472 627 Robora3
496 569 659 636 fletque
683 569 828 618 Milon
852 570 1023 628 senior,
1051 589 1186 637 quum
1208 582 1379 637 spectat
1399 571 1551 621 inanes

264 645 397 704 Illos,
423 645 500 712 qui
521 646 698 696 fuerant
719 646 962 696 solidorum
985 647 1099 696 mole
1125 659 1325 696 tororum

1612 662 1678 696 231³

266 722 496 772 Herculeis
525 723 712 783 simileS‚
736 723 895 773 fluidos
917 724 1107 791 pendere
1130 723 1324 774 lacertos.

264 801 362 850 Flet
386 822 586 869 quoque,
611 814 663 851 ut
682 803 728 851 in
750 802 931 870 speculo
955 822 1086 866 rugas
1109 803 1336 869 conspexit
1358 803 1515 863 aniles,

262 878 504 944 Tyndaris,
525 891 569 927 et
591 898 738 928 secum
752 915 764 937 ,
792 898 869 928 cur
894 879 952 928 sit
972 880 1046 928 bis
1062 893 1194 946 ‘apta
1210 919 1221 939 ,
1244 881 1441 947 requirit.

263 956 459 1021 Tempus
488 954 595 1003 edax
619 974 790 1019 rerum,
817 967 955 1022 tuque
976 956 1191 1005 invidiosa
1211 968 1422 1016 vetustas,

265 1032 429 1080 Omnia
454 1031 679 1080 destruitis
694 1068 706 1089 ,
730 1032 967 1099 vitiataque
990 1033 1199 1082 dentibus
1223 1035 1302 1082 aevi

263 1141 406 1187 peragit.
415 1160 459 1167 -
467 1142 624 1175 Emensis
639 1141 767 1186 accepit
778 1141 945 1176 Heinsius

265 1207 283 1227 a
309 1193 448 1228 Thuan.
473 1205 546 1227 uno
573 1192 761 1228 Basileensi
774 1220 784 1237 ,
811 1201 846 1228 et
872 1206 944 1228 uno

266 1244 447 1286 Medicam
466 1243 607 1288 plurimi
625 1245 639 1288 (
652 1251 687 1279 et
699 1244 798 1290 Regii
815 1245 940 1289 ambo)

263 1299 417 1330 emeritis.
427 1296 534 1330 -De
549 1298 656 1330 medio
671 1296 827 1340 tempore,
845 1297 880 1331 id
890 1305 942 1331 est

262 1354 362 1382 aetate
387 1348 476 1382 virili
491 1374 500 1390 ,
522 1347 598 1382 vide
621 1347 664 1382 ad
683 1348 776 1391 XII,
804 1350 880 1392 4⁰4·
899 1367 942 1375 ι·-

264 1401 352 1433 Labi
369 1398 411 1433 de
427 1398 529 1434 celeri
547 1398 695 1434 decursu
712 1400 819 1434 aetatis
837 1400 941 1444 (vide

262 1451 306 1485 ad
323 1452 355 1485 X
367 1477 376 1493 ,
393 1451 478 1498 5¹9)
495 1451 675 1495 ,inprimis
690 1450 805 1486 senilis
817 1478 826 1494 ,
844 1453 941 1497 cujus

261 1506 324 1537 iter
332 1502 466 1542 declive,
481 1501 573 1545 quod
589 1515 607 1536 a
619 1502 672 1536 via
682 1502 761 1537 solis
772 1503 919 1547 petitum
929 1529 940 1546 ,

262 1552 357 1587 unde
377 1560 412 1587 et
426 1554 569 1587 occidua
583 1559 721 1586 senecta
734 1577 744 1596 ‚
769 1552 811 1586 ad
835 1565 940 1587 occa-

260 1618 339 1641 sum
353 1604 728 1650 vergens.—·Submere
742 1609 778 1638 et
792 1606 947 1645 demoliri

264 1658 380 1704 gravia
396 1657 502 1691 verba
528 1656 570 1690 ab
593 1655 744 1697 aedificiis
770 1655 941 1699 translata.

265 1707 557 1755 Quatuordecim,
570 1713 656 1742 teste
672 1706 894 1751 Bur-manno,
906 1714 943 1742 et

264 1760 393 1806 Regius
407 1766 528 1793 noster
543 1758 575 1792 A
586 1784 596 1801 ,
612 1758 761 1802 Sum'pit.

305 1824 380 1858 ²29·
402 1811 536 1855 Fletque
557 1810 667 1844 Wlon
691 1817 755 1844 etc.
780 1807 943 1853 exemplis

263 1863 405 1897 delectis
417 1861 604 1897 senectutis
618 1861 888 1896 imbecillitatem
900 1860 944 1895 il-

264 1916 406 1956 lustrat;
425 1922 460 1949 et
478 1914 559 1949 viris
578 1915 705 1948 robora
718 1939 728 1957 ‚
751 1921 786 1948 et
802 1913 943 1948 feminis

264 1968 452 2003 venustatis
471 1967 646 2002 illecebras
663 1966 782 2001 demit.
807 1967 916 2000 MYon
927 1991 937 2006 ,

268 2020 490 2054 Crotoniates
501 2044 510 2061 ,
527 2018 706 2053 familiaris
717 2017 922 2064 Pythagorae¹
931 2043 942 2061 ,

266 2071 393 2106 athleta
404 2072 529 2105 robore
545 2071 704 2115 insignis,
722 2084 740 2100 «
752 2082 862 2115 quum
872 2072 945 2114 jam

266 2137 283 2153 υ
302 2129 506 2165 senex-esset
517 2148 526 2166 ,
541 2121 753 2166 athletasque
766 2135 800 2155 se
814 2123 849 2155 in
862 2134 944 2156 cur-

267 2189 285 2206 »
303 2175 412 2209 riculo
429 2181 628 2208 exercentes
645 2174 778 2208 videret
792 2199 802 2216 ‚
821 2173 946 2217 adspe—

267 2242 285 2258 »
304 2227 386 2262 xisse
404 2225 549 2270 lacertos
564 2238 643 2259 suos
658 2225 796 2267 dicitur,
809 2223 945 2271 illacry-

266 2295 284 2311 »
303 2292 471 2324 mensque
494 2278 614 2312 dixisse
633 2305 643 2322 ,
674 2278 723 2312 At
746 2278 781 2311 hi
802 2278 944 2322 quidem

267 2347 285 2363 »
304 2333 374 2377 jam
384 2332 621 2371 1nortuisunt;
637 2346 653 2361 »
667 2329 792 2366 Cicero
806 2330 945 2366 Senect.

265 2398 296 2431 9.
310 2385 389 2418 Hoc
402 2383 536 2417 Milone
549 2383 636 2417 dure
652 2381 864 2417 Crotoniatae
876 2382 945 2427 Sy-

267 2438 393 2472 baritas
404 2438 561 2472 vicerunt
575 2450 603 2471 a.
615 2439 636 2480 4
648 2464 657 2480 ,
673 2437 814 2484 Olymp.
824 2447 922 2470 Lxx-11
934 2450 943 2476 ;

268 2488 446 2523 Diodorus
459 2488 525 2523 Sic.
541 2489 611 2522 ΧΠ
621 2515 629 2530 ,
651 2490 768 2531 483.-
778 2489 856 2523 'l'ori
867 2500 944 2532 pars

267 2554 409 2575 carnosa
426 2541 462 2574 in
479 2540 612 2575 lacertis
625 2567 633 2583 ,
653 2553 803 2585 quorum
814 2547 849 2574 et
859 2542 945 2573 soli-

266 2594 373 2626 ditate
389 2600 424 2626 et
438 2595 536 2631 mole,
557 2592 797 2636 magnitudine
810 2617 819 2635 ‚
838 2592 944 2626 robur

265 2657 366 2679 oense
372 2652 437 2680 tur.
447 2645 494 2679 Hi
505 2645 689 2680 commode
698 2657 882 2690 comparan
889 2653 944 2679 tur

266 2708 347 2729 cum
370 2698 563 2738 Herculeam
588 2704 662 2730 tum
681 2698 759 2741 quia
785 2696 944 2731 Herculis

265 2746 382 2782 lacerti
398 2747 497 2782 solidi
513 2755 547 2783 et
566 2749 632 2783 tori
651 2747 775 2792 passim
794 2747 942 2782 laudan-

1616 1045 1680 1082 235

1009 1148 1068 1176 tur
1084 1154 1102 1175 a
1121 1142 1229 1187 poetis
1244 1167 1253 1184 ,
1277 1153 1428 1187 quorum
1443 1141 1516 1176 loca
1530 1134 1683 1187 diligen-

1009 1194 1136 1228 tissime
1155 1192 1187 1228 h.
1204 1194 1226 1228 1.
1242 1193 1378 1239 collegit
1395 1193 1561 1231 Heinsius
1573 1218 1583 1236 ,
1604 1193 1681 1227 tum

1009 1248 1088 1292 quia
1103 1247 1158 1282 ille
1173 1247 1214 1282 ab
1225 1246 1360 1281 athletis
1370 1245 1564 1289 colebatur,
1587 1244 1683 1291 ejus—

1005 1311 1073 1343 que
1096 1306 1217 1334 statuae
1243 1298 1280 1333 in
1309 1297 1494 1345 gymnasiis
1515 1301 1625 1332 erant*
1639 1315 1682 1324 ·-

1007 1351 1136 1396 Regius
1161 1357 1283 1388 noster
1309 1350 1418 1388 codex
1444 1350 1477 1385 A
1500 1350 1680 1389 solaeilornm

1006 1415 1094 1436 more
1097 1402 1246 1446 ferorum
1257 1412 1269 1448 ,ζ
1287 1400 1330 1436 de
1347 1401 1418 1444 aliis
1430 1400 1536 1446 hujus
1544 1398 1608 1436 loci
1621 1413 1682 1434 va-

1006 1454 1066 1488 riis
1077 1453 1280 1488 lectionibus
1290 1451 1367 1487 vide
1381 1452 1567 1487 Heinsium
1579 1452 1681 1497 longe

1006 1504 1241 1549 disputantem
1255 1518 1264 1546 ;
1290 1503 1488 1544 videfetiam
1503 1504 1683 1542 Burman-

1006 1565 1104 1586 num.
1120 1555 1185 1587 Ed.
1203 1571 1247 1580 --
1268 1553 1321 1588 Illi
1338 1552 1454 1588 lacerti
1469 1567 1565 1591 nunc
1581 1560 1684 1588 erant

1005 1607 1124 1639 inanes
1134 1631 1143 1644 ,
1165 1604 1200 1638 id
1219 1611 1271 1639 est
1283 1629 1293 1648 ,
1307 1605 1520 1650 quibusmon
1536 1605 1684 1651 amplius

1005 1656 1179 1691 colluctari
1190 1657 1681 1702 poterat.—Mue'dospendem‚

1006 1709 1211 1752 marcuisse,
1227 1722 1348 1744 carnes
1364 1715 1400 1743 et
1414 1709 1540 1744 robora
1550 1709 1685 1744 amisis·-

1006 1773 1042 1794 se
1054 1774 1062 1801 ;
1076 1759 1227 1803 Plinius,
1239 1760 1295 1795 111
1306 1786 1316 1804 ,
1329 1760 1394 1805 Ep.
1403 1771 1461 1804 vx,
1475 1773 1513 1804 2,
1525 1759 1568 1795 de
1578 1773 1661 1796 sene
1671 1786 1683 1805 ‚

1001 1814 1148 1857 pendent
1161 1814 1293 1854 lacerti,
1309 1812 1578 1858 papdlaejacent.
1595 1813 1682 1848 Ha-

1008 1864 1105 1899 rebat
1129 1863 1327 1899 Gronovius
1351 1863 1394 1898 ad
1416 1863 1560 1900 Seneca
1575 1865 1685 1900 Herc.

1008 1917 1061 1951 Fu
1065 1930 1091 1950 r.
1101 1916 1177 1960 624,
1191 1916 1225 1950 in
1237 1942 1246 1959 ,
1260 1918 1376 1950 inanes
1379 1917 1510 1961 fluMos
1520 1918 1662 1951 lacertos
1668 1927 1684 1960 ‚·

1007 1968 1122 2013 itaque
1135 1974 1246 2002 tentat
1256 1993 1265 2010 ‚
1281 1980 1378 2012 quum
1386 1972 1517 2011 spectat
1523 1970 1682 2010 hamne,

1009 2028 1049 2054 ut
1059 2032 1140 2054 mox
1152 2019 1289 2053 Helena
1300 2019 1336 2053 in
1348 2019 1498 2064 speculo.
1508 2019 1593 2054 Sine
1599 2032 1685 2055 cau-

1010 2074 1105 2108 sa.Et
1113 2072 1189 2108 alibi
1198 2071 1269 2106 duo
1275 2071 1428 2116 epitheta
1435 2072 1498 2107 uni
1505 2071 1683 2108 adduntur

1007 2125 1220 2160 substantivo
1233 2150 1242 2167 ,
1261 2125 1366 2158 etiam
1379 2137 1397 2159 a
1408 2125 1546 2160 Nostro.
1559 2126 1684 2159 Inanes

1009 2179 1049 2212 ad
1065 2178 1261 2222 subjectum
1272 2176 1441 2222 pertinet,
1453 2184 1488 2212 et
1487 2179 1616 2222 fluidos
1625 2178 1682 2212 ha·

1008 2231 1066 2264 bet
1085 2230 1154 2263 vim
1174 2229 1369 2274 praedicati;
1395 2229 1537 2264 videbat
1560 2229 1682 2264 inane·

1008 2294 1086 2316 suos
1104 2282 1247 2316 lacertos
1264 2281 1416 2326 pendere
1430 2280 1566 2316 fluidos.

1052 2334 1125 2367 233.
1153 2335 1318 2379 Tyndaris
1328 2359 1337 2374 ‚
1367 2332 1504 2367 Helena
1525 2332 1682 2380 Tyndari

1008 2393 1044 2420 et
1059 2385 1161 2420 Ledae
1178 2385 1256 2418 filia.
1271 2386 1390 2418 Ed.-—
1400 2385 1472 2419 Pro
1482 2410 1491 2427 ,
1509 2384 1604 2419 dolet
1619 2397 1682 2420 ve·-

1007 2444 1182 2471 nustatem
1194 2435 1312 2470 abiisse
1323 2461 1332 2478 ,
1352 2435 1491 2479 melius,
1507 2448 1618 2470 secum
1627 2449 1682 2470 te-

1006 2492 1119 2533 quirit,
1139 2501 1199 2523 cur
1208 2491 1255 2522 sit
1262 2490 1314 2521 bis
1330 2487 1372 2529 (a
1384 2486 1521 2522 Theseo
1533 2494 1570 2522 et
1581 2487 1683 2522 Pari-

1009 2541 1076 2582 de)
1094 2547 1200 2584 ταμία.
1225 2538 1370 2574 Helenae
1389 2546 1507 2573 autem
1523 2539 1683 2585 exemplo

1009 2594 1117 2627 utitur
1130 2618 1139 2635 ‚
1167 2593 1245 2637 quia
1259 2592 1492 2636 pulchriorem
1508 2592 1679 2628 feminam

1007 2658 1078 2679 non
1097 2651 1241 2679 noverat
1257 2643 1449 2687 antiquitas.

1053 2697 1125 2739 234.
1143 2699 1269 2730 Ileates
1292 2695 1420 2729 duntur
1445 2708 1517 2730 aevo
1538 2701 1680 2741 propter

1008 2747 1221 2783 edacitatem.
1236 2747 1281 2783 lis
1297 2748 1415 2782 omnia
1425 2752 1593 2790 w'te‘aatun
1612 2759 1679 2782 ro·-
