1820 3106
321 189 1053 238 *METAMORPHOSEON
1090 190 1225 236 Lm.
1265 194 1327 237 x.
1475 211 1488 238 ι

127 288 235 338 Flos
253 288 388 338 habet
407 287 668 354 inscriptum
687 306 700 354 Ξ
721 286 983 354 funestaque
1007 285 1134 335 litera
1158 285 1289 335 ducta
1313 300 1392 336 est.

129 368 221 416 Nec
246 366 447 430 genuisse
468 362 610 432 pudet
631 364 820 431 Sparten
844 364 1157 432 Hyacinthum
1184 365 1418 433 honorque

128 443 274 492 Durat
294 442 341 491 in
360 441 448 490 hoc
470 441 571 498 aevi,
595 439 944 509 celebrandaque
968 461 1089 492 more
1108 441 1309 509 priorum

130 522 292 571 Annua
313 518 493 588 praelata
512 517 700 568 redeunt
720 519 984 587 Hyacinthia
1007 539 1188 587 pompa.

195 600 251 648 V.
275 599 340 653 At
360 598 399 649 si
420 598 536 648 forte
558 617 689 662 roges
709 597 941 647 fecundam
963 598 1240 647 Amathunta
1262 597 1429 647 metalli
1443 636 1456 658 ‚
1493 624 1560 648 220

131 721 206 760 Ed.
223 722 279 760 ΙΙΙ
292 749 306 767 ‚
324 722 388 758 ιοὸ
398 749 408 767 ,
425 724 513 765 Dic,
534 724 655 767 quibus
669 725 704 757 in
715 725 812 757 terris

129 779 288 822 ascripti
294 780 430 812 nomina
437 789 547 821 regum
555 777 748 810 Nascantur
745 777 811 820 fla-

127 840 193 866 σει.
206 827 385 865 Ausonius
397 828 435 863 in
448 827 540 874 Cup.
554 827 731 863 Crucifixo
743 854 753 872 ,
764 829 815 862 Et

127 884 258 927 bapt-0
281 884 427 926 scriptus
453 883 578 926 gemitu
605 882 812 915 Salaminius

128 936 239 980 Ajat.
251 954 296 961 —
309 936 382 970 Pro
397 934 482 970 ae’in
496 934 594 969 MSS
607 934 809 980 permultis,

128 990 199 1036 hya
213 996 273 1024 aut
284 999 358 1036 ya,·
381 1001 459 1034 quae
475 1000 584 1034 quum
604 988 672 1023 sint
689 988 813 1033 primae

127 1041 238 1076 litera
249 1040 404 1076 nominis
419 1040 634 1088 Hyacinthi,
652 1039 755 1074 multi
770 1039 814 1074 il-

130 1093 201 1129 lam
224 1094 414 1129 lectionem
441 1092 695 1140 praeferendam
713 1092 811 1139 ‘judi-

128 1153 266 1182 carunt.
283 1146 355 1181 Sed
368 1145 426 1181 hic
440 1146 511 1192 ipse
526 1145 621 1180 locus
635 1145 811 1180 reclamat.

131 1199 261 1245 Apollo
282 1199 431 1245 gemitus
456 1211 536 1233 suos
559 1198 755 1244 inscripsit,
778 1205 813 1233 et

131 1265 205 1299 sqq.
225 1252 442 1298 temporibus
458 1252 575 1296 Aiacis
591 1265 731 1298 quoque
748 1264 814 1286 no-

132 1317 217 1340 men
233 1304 337 1340 ducta
353 1305 409 1339 illa
425 1304 538 1350 figura
552 1304 675 1340 habuit
691 1317 699 1339 :
715 1304 763 1339 sic
779 1311 814 1339 et

132 1357 246 1400 XIII,
257 1357 332 1405 397.
343 1356 505 1392 Gemitus
515 1364 634 1391 autem
646 1369 710 1390 vox
721 1356 812 1401 apud

132 1411 275 1446 Graecos
283 1423 357 1446 non
367 1413 451 1458 hya',
461 1411 522 1446 sed
533 1415 628 1453 αἴαῦ
639 1412 702 1444 heu
710 1437 719 1450 ,
733 1412 806 1449 heu,

133 1464 234 1499 utvel
245 1477 264 1500 e
275 1463 457 1510 Sophoclis
467 1463 575 1509 Aiace
586 1475 675 1497 vers.
685 1463 752 1506 430
761 1475 813 1507 sq.

132 1523 168 1552 et
180 1515 320 1552 aliunde
335 1522 481 1552 constat.
497 1515 585 1559 Aiax
599 1527 706 1560 porro
719 1514 813 1549 Grae·

130 1569 178 1605 cis
189 1573 267 1608 Αἴας
279 1567 451 1604 scribitur.
465 1566 632 1611 Accedit,
650 1566 745 1613 quod
758 1572 792 1602 αἵ
802 1593 812 1608 ,

128 1627 166 1658 αἵ
185 1628 330 1657 tuentur
347 1621 454 1656 etiam
477 1620 645 1656 Moschus
667 1620 811 1666 Epi-red.

130 1671 235 1711 Bion.
248 1675 338 1711 Plin.
355 1674 465 1718 XXI,
486 1687 536 1709 11.
556 1673 673 1709 Schol.
690 1674 814 1708 Theo—

130 1727 206 1763 (τὴ.
222 1727 266 1765 ad
284 1727 338 1764 ld.
354 1727 408 1770 X,
430 1727 481 1761 28.
497 1744 542 1752 —-
558 1726 659 1772 Regii
677 1726 787 1760 nostri
802 1752 813 1770 ,

128 1781 218 1816 sicut
243 1787 280 1816 et
306 1780 421 1815 caeteri
447 1791 572 1813 omnes
596 1778 694 1813 MSS
718 1778 814 1813 hunc

129 1832 247 1868 locum
257 1832 355 1867 valde
363 1838 571 1877 corruptum
579 1830 710 1865 habent
721 1844 729 1872 ;
745 1829 813 1864 Co-

131 1885 198 1920 dex
212 1885 241 1919 A
258 1911 268 1929 ,
284 1892 319 1919 et
333 1888 374 1918 ai
388 1884 442 1919 his
457 1884 565 1918 literis
588 1883 723 1917 duabus
742 1882 813 1918 dis-

130 1938 278 1983 iunctis;
295 1936 417 1972 Codex
428 1937 458 1971 B
471 1962 481 1980 ‚
497 1943 571 1970 eta.
584 1948 612 1970 c.
625 1935 695 1970 Sed
709 1935 814 1970 docto

135 1993 255 2036 δίει-ῖς
269 1990 548 2026 adsentiendum.
559 1991 624 2024 Ed.

176 2057 252 2089 ²¹7·
268 2044 407 2087 Sparten
423 2044 650 2091 Hyacinthon.
667 2043 814 2077 Fallitur

135 2095 300 2143 Micyllus
311 2122 320 2140 ‚
338 2095 398 2141 qui
414 2095 469 2130 hic
483 2094 526 2130 de
538 2095 663 2141 Sparta
676 2122 686 2139 ‚
705 2095 813 2142 Hya-

133 2147 243 2182 cinthi
256 2147 330 2182 avia
339 2174 349 2190 ,
361 2148 498 2194 cogitat.
510 2148 626 2182 Etiam
640 2148 743 2182 urbes
752 2174 761 2191 ,
776 2147 812 2181 in

135 2201 261 2247 quibus
277 2201 353 2246 quis
375 2207 478 2235 natus
495 2207 531 2235 et
554 2200 720 2235 educatus
736 2207 787 2235 est
802 2227 811 2244 ,

134 2260 239 2298 atque
257 2252 345 2287 adeo
357 2250 454 2287 fluvii
470 2251 541 2287 illas
552 2252 656 2287 urbes
668 2260 815 2298 praeter-

132 2305 289 2341 labentes
301 2332 310 2349 ,
326 2305 494 2340 dicuntur
509 2318 592 2339 eum
609 2306 767 2350 genuisse
779 2312 814 2340 et

133 2357 267 2392 aluisse.
292 2356 396 2403 Apud
423 2355 660 2391 Claudianum
675 2383 685 2399 ,
707 2355 813 2392 Cous.

134 2409 242 2457 Olyb.
254 2409 318 2444 236
328 2436 337 2453 ,
347 2409 537 2444 Tiberinus
545 2408 626 2444 dicit
638 2434 648 2451 ‚
659 2410 812 2452 Respice,

133 2465 171 2495 si
176 2464 262 2496 tates
266 2462 387 2506 jactas
397 2462 675 2506 aluissefluentis,
688 2461 817 2494 Eurota

133 2515 298 2559 Spartane
306 2542 315 2554 ,
333 2516 498 2550 tuis.—ln
508 2516 572 2548 hoc
580 2516 651 2548 συί.
660 2512 816 2548 Gronov.

134 2571 171 2602 in
186 2568 250 2601 hoc
264 2579 351 2608 avo,-
370 2567 467 2612 pauci
485 2570 519 2613 sn
535 2568 598 2600 hoc
614 2578 739 2609 aevum;
756 2565 816 2600 sed

135 2618 260 2653 melius
270 2622 305 2652 in
317 2620 379 2653 hoc
389 2622 472 2659 aas}
491 2618 673 2653 Lucretius
685 2618 720 2652 II
731 2645 738 2658 ,
757 2620 795 2653 15
806 2645 815 2659 ,

141 2672 307 2714 Qualibus
320 2674 356 2704 in
369 2673 512 2705 tenebris
522 2674 653 2714 degitur
661 2672 725 2704 hac
734 2673 816 2714 eol,-

136 2722 272 2757 Plinius
283 2749 293 2767 ,
312 2723 472 2769 Panegki
484 2749 493 2766 ,
508 2723 607 2757 Solus
622 2724 673 2756 ad
682 2724 746 2756 hac
757 2726 822 2757 aem'

870 724 972 767 paria
973 720 1117 766 fecisti,
1143 722 1203 757 ubi
1216 722 1294 757 vide
1307 722 1559 758 Schwarzium.

875 792 920 799 --
932 773 1032 819 Regii
1048 773 1158 808 nostri
1174 777 1211 808 in
1228 776 1292 808 hoc
1305 777 1375 809 aem'.
1391 793 1435 800 -—
1451 777 1557 810 Prio-

875 839 946 860 rum
957 837 970 868 ,·
988 826 1415 872 majorum—Prema...
1423 841 1560 871 pompa.

879 877 955 913 Can
961 878 1045 914 tabr.
1056 881 1340 924 prelata-pompa!
1352 891 1364 921 ;
1378 892 1470 914 unus
1479 880 1559 914 Me-

877 930 994 966 diceus
1006 933 1127 966 celata
1132 945 1266 976 pompa.
1279 950 1322 957 —
1335 932 1436 978 Regii
1451 933 1562 968 nostri

871 986 1016 1029 prelata
1026 996 1162 1029 pompa.
1172 1003 1216 1011 ——
1224 986 1435 1031 Hyacinthia
1445 1012 1454 1027 ,
1468 998 1562 1020 sacra

878 1036 1228 1072 Lacedaemoniorum
1246 1063 1255 1081 ,
1282 1049 1358 1082 quae
1375 1038 1563 1082 quotannis

878 1090 931 1123 vel
945 1102 1055 1124 verno
1068 1097 1227 1134 ternpore
1240 1115 1249 1134 ,
1263 1096 1302 1123 ut
1314 1089 1423 1134 placet
1434 1090 1563 1125 Ponte-

879 1141 973 1177 derae
985 1142 1022 1176 in
1034 1142 1208 1187 Antiquit.
1220 1155 1252 1187 p.
1265 1155 1329 1187 270
1341 1167 1350 1186 ,
1360 1141 1414 1176 vel
1425 1149 1541 1177 aestate
1553 1170 1562 1187 ,

878 1201 918 1229 ut
929 1194 1003 1229 vult
1014 1194 1221 1229 Dodwellus
1232 1193 1378 1229 Dissert.
1389 1195 1422 1239 8,
1437 1194 1480 1229 de
1496 1194 1563 1243 Cy-

878 1246 938 1281 clis
953 1272 963 1290 ,
989 1246 1027 1281 in
1050 1246 1260 1281 memoriam
1287 1247 1480 1294 Hyacinthi
1501 1261 1565 1294 per

879 1299 1038 1334 triduum
1056 1299 1335 1335 celebrabantur.
1355 1300 1436 1334 Vid.
1454 1302 1561 1349 Rev--

877 1352 957 1386 nius
972 1352 1009 1386 in
1027 1354 1313 1397 Antiquarischen
1328 1353 1540 1397 Auſsaetzen
1549 1383 1557 1388 .

877 1404 945 1439 vol.
962 1404 997 1449 I,
1014 1418 1047 1450 p.
1063 1418 1104 1453 97
1120 1418 1194 1451 sqq.

921 1458 1091 1501 220-242.
1112 1456 1320 1493 Amathusia
1341 1459 1467 1493 Venus
1491 1460 1562 1493 Ce-

877 1515 1009 1551 rastas,
1032 1510 1113 1556 quia
1129 1511 1212 1545 Jovi
1230 1510 1383 1556 hospites
1400 1511 1564 1545 immola—

877 1563 962 1598 bant
977 1590 986 1608 ,
1004 1563 1040 1598 in
1059 1571 1177 1599 tauros
1188 1590 1198 1608 ‚
1216 1566 1430 1609 Propoetidas
1444 1572 1562 1599 autem

879 1614 1104 1662 adspernatas
1122 1615 1237 1650 Deam
1251 1641 1260 1659 ,
1282 1616 1319 1650 in
1339 1615 1469 1661 lapides
1483 1629 1562 1650 mu—

878 1675 938 1704 tat.
949 1669 1153 1704 —Initium
1167 1668 1292 1703 sabulae
1310 1667 1463 1703 cohaeret
1483 1681 1563 1703 cum

878 1736 966 1758 vers.
985 1737 1059 1770 ²¹7·
1080 1723 1231 1769 Sparten
1246 1735 1320 1758 non
1333 1722 1444 1768 pudet
1458 1723 1565 1770 Hya-

879 1775 1040 1810 cinthum
1053 1776 1211 1822 genuisse
1222 1801 1232 1819 ‚
1246 1782 1279 1810 at
1293 1775 1466 1810 Amathus
1478 1775 1565 1810 nolit

882 1828 1042 1862 Cerastas
1067 1828 1241 1873 peperisse
1274 1834 1310 1861 et
1335 1827 1563 1873 Propoetidas.

878 1880 1058 1920 Amathus,
1075 1880 1244 1925 oppidum
1257 1878 1366 1926 Cypri
1379 1906 1388 1921 ,
1403 1880 1461 1913 ubi
1472 1879 1564 1914 Ado-

879 1933 933 1967 nis
943 1939 978 1966 et
987 1934 1109 1967 Venus
1122 1934 1134 1976 (
1146 1931 1228 1966 inde
1241 1931 1331 1966 dicta
1342 1931 1562 1977 Amathusia)

880 1985 1052 2030 templum
1070 1985 1350 2030 antiquissimum
1364 1984 1539 2019 habebant
1554 2000 1561 2026 ς

880 2038 1029 2072 Pausan.
1044 2037 1154 2072 Boeot.
1165 2051 1198 2083 p.
1212 2037 1274 2084 796
1285 2051 1293 2079 ;
1306 2036 1404 2082 Virg.
1413 2036 1498 2072 AEn.
1510 2037 1542 2071 X
1553 2064 1562 2080 ,

880 2091 933 2136 57.
947 2107 990 2115 -—
1007 2092 1198 2125 Fecundam
1211 2116 1218 2123 .
1229 2115 1236 2122 .
1250 2115 1258 2122 .
1271 2115 1278 2122 .
1290 2091 1429 2124 metalli.
1449 2089 1565 2135 Vulgo

881 2143 984 2187 (etin
997 2143 1125 2178 nostris
1136 2143 1254 2188 Regiis
1268 2142 1479 2186 Codicibus)
1494 2156 1564 2177 me-

879 2198 976 2230 tallis
993 2209 1003 2230 ,’
1010 2197 1166 2240 secunda
1179 2198 1312 2230 mctalli
1325 2196 1370 2230 ob
1384 2195 1564 2230 metalliso⁴

881 2248 980 2284 dinas
992 2275 1002 2292 ,
1021 2261 1098 2293 quae
1119 2248 1224 2283 hodie
1246 2248 1413 2291 neglectae
1438 2248 1563 2292 jacent.

881 2302 978 2336 Infra
995 2314 1082 2335 vers.
1100 2302 1161 2336 531
1178 2327 1188 2344 ,
1205 2303 1348 2345 gravida
1359 2302 1497 2334 mctalli.
1507 2299 1562 2333 De

880 2353 1015 2400 syntaxi
1025 2352 1094 2386 vid.
1108 2353 1231 2388 Heius.
1245 2352 1340 2397 N'irg.
1354 2350 1495 2386 AEneid.
1508 2351 1541 2385 X
1552 2377 1562 2395 ‚

884 2409 945 2453 174
957 2433 966 2449 ,
984 2409 1099 2440 insula
1110 2418 1272 2450 generosa
1287 2404 1566 2438 metallis.—Ab-

881 2464 973 2494 nuat-
991 2459 1109 2504 Vulgo
1128 2462 1278 2500 armant,-
1302 2456 1403 2490 multi
1423 2459 1565 2500 abnuit,-

883 2518 1034 2555 quatuor
1050 2523 1130 2544 cum
1149 2510 1264 2554 primo
1284 2507 1395 2553 Regio
1414 2510 1539 2541 abnue!
1549 2517 1562 2548 ;

884 2562 966 2596 hinc
980 2561 1148 2596 Heinsius
1165 2573 1205 2594 ex
1220 2559 1352 2605 tegibus
1364 2559 1490 2605 linguae
1502 2561 1568 2593 ab-

883 2620 967 2649 nuat
982 2614 1088 2649 dedit.
1102 2633 1146 2639 —
1159 2613 1289 2659 Regius
1306 2619 1426 2647 noster
1445 2611 1567 2647 Codex

885 2669 916 2703 A
930 2695 940 2712 ‚
957 2671 1075 2702 abnuit
1087 2679 1098 2710 ,·
1120 2667 1242 2702 Codex
1254 2667 1283 2701 B
1295 2693 1305 2710 ,
1323 2670 1443 2701 annuit
1453 2680 1462 2700 :
1474 2666 1568 2700 inter

884 2729 1076 2767 utrumque
1085 2721 1232 2756 minime
1240 2719 1366 2762 dubius
1373 2733 1444 2755 esse
1453 2725 1568 2765 potest
