<?xml version="1.0" encoding="UTF-8"?>
<!DOCTYPE html PUBLIC "-//W3C//DTD XHTML 1.0 Transitional//EN"
    "http://www.w3.org/TR/xhtml1/DTD/xhtml1-transitional.dtd">
<html xmlns="http://www.w3.org/1999/xhtml" xml:lang="en" lang="en">
 <head>
  <title>
</title>
<meta http-equiv="Content-Type" content="text/html;charset=utf-8" />
  <meta name='ocr-system' content='tesseract 3.04.00' />
  <meta name='ocr-capabilities' content='ocr_page ocr_carea ocr_par ocr_line ocrx_word'/>
</head>
<body>
  <div class='ocr_page' id='page_1' title='image "./quaeextantomniao04oviduoft_0098.png"; bbox 0 0 1820 3106; ppageno 0'>
   <div class='ocr_carea' id='block_1_1' title="bbox 290 289 348 345">
    <p class='ocr_par' dir='ltr' id='par_1_1' title="bbox 290 289 348 345">
     <span class='ocr_line' id='line_1_1' title="bbox 290 289 348 345; baseline 0 0"><span class='ocrx_word' id='word_1_1' title='bbox 290 289 348 345; x_wconf 68' lang='lat'><strong>84</strong></span> 
     </span>
    </p>
   </div>
   <div class='ocr_carea' id='block_1_2' title="bbox 676 295 1345 347">
    <p class='ocr_par' dir='ltr' id='par_1_2' title="bbox 676 295 1345 347">
     <span class='ocr_line' id='line_1_2' title="bbox 676 295 1345 347; baseline 0.009 -6"><span class='ocrx_word' id='word_1_2' title='bbox 676 295 730 341; x_wconf 87' lang='lat' dir='ltr'><strong>P.</strong></span> <span class='ocrx_word' id='word_1_3' title='bbox 767 295 1004 342; x_wconf 91' lang='lat' dir='ltr'>OVIDII</span> <span class='ocrx_word' id='word_1_4' title='bbox 1041 298 1345 347; x_wconf 90' lang='lat' dir='ltr'><strong>NASONIS</strong></span> 
     </span>
    </p>
   </div>
   <div class='ocr_carea' id='block_1_3' title="bbox 284 387 1606 695">
    <p class='ocr_par' dir='ltr' id='par_1_3' title="bbox 289 387 1500 462">
     <span class='ocr_line' id='line_1_3' title="bbox 289 387 1500 462; baseline 0.012 -29"><span class='ocrx_word' id='word_1_5' title='bbox 289 408 312 429; x_wconf 90' lang='lat'>»</span> <span class='ocrx_word' id='word_1_6' title='bbox 339 387 406 435; x_wconf 86' lang='lat' dir='ltr'><strong>De</strong></span> <span class='ocrx_word' id='word_1_7' title='bbox 431 399 607 435; x_wconf 89' lang='lat' dir='ltr'><strong>centum</strong></span> <span class='ocrx_word' id='word_1_8' title='bbox 630 407 815 438; x_wconf 89' lang='lat' dir='ltr'><strong>numero</strong></span> <span class='ocrx_word' id='word_1_9' title='bbox 840 405 972 458; x_wconf 83' lang='lat' dir='ltr'><strong>eaput</strong></span> <span class='ocrx_word' id='word_1_10' title='bbox 994 406 1060 442; x_wconf 89' lang='lat' dir='ltr'><strong>est</strong></span> <span class='ocrx_word' id='word_1_11' title='bbox 1082 395 1262 462; x_wconf 89' lang='lat' dir='ltr'><strong>impune</strong></span> <span class='ocrx_word' id='word_1_12' title='bbox 1286 396 1470 447; x_wconf 87' lang='lat' dir='ltr'><strong>recisum</strong></span> <span class='ocrx_word' id='word_1_13' title='bbox 1487 436 1500 458; x_wconf 85' lang='lat'>‚</span> 
     </span>
    </p>

    <p class='ocr_par' dir='ltr' id='par_1_4' title="bbox 287 465 1414 528">
     <span class='ocr_line' id='line_1_4' title="bbox 287 465 1414 528; baseline 0.012 -19"><span class='ocrx_word' id='word_1_14' title='bbox 287 487 311 508; x_wconf 88' lang='lat'>»</span> <span class='ocrx_word' id='word_1_15' title='bbox 340 465 464 528; x_wconf 82' lang='lat' dir='ltr'><strong>Quin</strong></span> <span class='ocrx_word' id='word_1_16' title='bbox 488 467 661 528; x_wconf 81' lang='lat' dir='ltr'><strong>gemino</strong></span> <span class='ocrx_word' id='word_1_17' title='bbox 687 468 830 516; x_wconf 86' lang='lat' dir='ltr'><strong>cervix</strong></span> <span class='ocrx_word' id='word_1_18' title='bbox 857 469 1025 519; x_wconf 87' lang='lat' dir='ltr'><strong>haerede</strong></span> <span class='ocrx_word' id='word_1_19' title='bbox 1053 471 1268 521; x_wconf 86' lang='lat' dir='ltr'><strong>valentior</strong></span> <span class='ocrx_word' id='word_1_20' title='bbox 1289 486 1414 523; x_wconf 84' lang='lat' dir='ltr'><strong>esset.</strong></span> 
     </span>
    </p>

    <p class='ocr_par' dir='ltr' id='par_1_5' title="bbox 288 543 1373 608">
     <span class='ocr_line' id='line_1_5' title="bbox 288 543 1373 608; baseline 0.009 -19"><span class='ocrx_word' id='word_1_21' title='bbox 288 564 311 585; x_wconf 70' lang='lat'><strong>&gt;³</strong></span> <span class='ocrx_word' id='word_1_22' title='bbox 341 543 467 590; x_wconf 83' lang='lat' dir='ltr'><strong>Hanc</strong></span> <span class='ocrx_word' id='word_1_23' title='bbox 491 563 573 606; x_wconf 86' lang='lat' dir='ltr'><strong>ego</strong></span> <span class='ocrx_word' id='word_1_24' title='bbox 596 564 812 593; x_wconf 83' lang='lat' dir='ltr'>ramosam</span> <span class='ocrx_word' id='word_1_25' title='bbox 834 547 949 595; x_wconf 88' lang='lat' dir='ltr'><strong>natis</strong></span> <span class='ocrx_word' id='word_1_26' title='bbox 971 567 994 596; x_wconf 89' lang='lat' dir='ltr'><strong>e</strong></span> <span class='ocrx_word' id='word_1_27' title='bbox 1017 549 1131 597; x_wconf 85' lang='lat' dir='ltr'><strong>caede</strong></span> <span class='ocrx_word' id='word_1_28' title='bbox 1152 549 1373 608; x_wconf 82' lang='lat' dir='ltr'><strong>colubris,</strong></span> 
     </span>
    </p>

    <p class='ocr_par' dir='ltr' id='par_1_6' title="bbox 284 621 1606 695">
     <span class='ocr_line' id='line_1_6' title="bbox 284 621 1606 695; baseline 0.011 -32"><span class='ocrx_word' id='word_1_29' title='bbox 284 642 308 664; x_wconf 84' lang='lat'><strong><em>»</em></strong></span> <span class='ocrx_word' id='word_1_30' title='bbox 340 621 705 687; x_wconf 86' lang='lat' dir='ltr'><strong>Crescentemque</strong></span> <span class='ocrx_word' id='word_1_31' title='bbox 730 621 846 670; x_wconf 89' lang='lat' dir='ltr'><strong>malo</strong></span> <span class='ocrx_word' id='word_1_32' title='bbox 864 661 875 681; x_wconf 85' lang='lat'>‚</span> <span class='ocrx_word' id='word_1_33' title='bbox 903 624 1080 683; x_wconf 83' lang='lat' dir='ltr'><strong>domui,</strong></span> <span class='ocrx_word' id='word_1_34' title='bbox 1107 626 1408 695; x_wconf 83' lang='lat' dir='ltr'>domitamque</span> <span class='ocrx_word' id='word_1_35' title='bbox 1429 630 1606 695; x_wconf 83' lang='lat' dir='ltr'><strong>peremi.</strong></span> 
     </span>
    </p>
   </div>
   <div class='ocr_carea' id='block_1_4' title="bbox 255 732 961 2866">
    <p class='ocr_par' dir='ltr' id='par_1_7' title="bbox 255 732 961 2866">
     <span class='ocr_line' id='line_1_7' title="bbox 280 732 961 775; baseline 0.001 -8"><span class='ocrx_word' id='word_1_36' title='bbox 280 732 526 767; x_wconf 84' lang='lat' dir='ltr'><strong>vetustioribus</strong></span> <span class='ocrx_word' id='word_1_37' title='bbox 538 758 547 775; x_wconf 87' lang='lat'><strong>,</strong></span> <span class='ocrx_word' id='word_1_38' title='bbox 565 738 712 766; x_wconf 84' lang='lat' dir='ltr'><strong>testante</strong></span> <span class='ocrx_word' id='word_1_39' title='bbox 735 732 902 773; x_wconf 81' lang='lat' dir='ltr'><strong>Heinsio,</strong></span> <span class='ocrx_word' id='word_1_40' title='bbox 926 741 961 768; x_wconf 90' lang='lat' dir='ltr'><strong>et</strong></span> 
     </span>
     <span class='ocr_line' id='line_1_8' title="bbox 281 782 959 830; baseline 0 -11"><span class='ocrx_word' id='word_1_41' title='bbox 281 785 382 830; x_wconf 78' lang='lat' dir='ltr'><strong>Regii</strong></span> <span class='ocrx_word' id='word_1_42' title='bbox 405 785 538 827; x_wconf 89' lang='lat' dir='ltr'><strong>nostri,</strong></span> <span class='ocrx_word' id='word_1_43' title='bbox 560 782 680 818; x_wconf 85' lang='lat' dir='ltr'>Codex</span> <span class='ocrx_word' id='word_1_44' title='bbox 693 783 720 817; x_wconf 88' lang='lat' dir='ltr'>B</span> <span class='ocrx_word' id='word_1_45' title='bbox 739 796 757 817; x_wconf 88' lang='lat' dir='ltr'><strong>a</strong></span> <span class='ocrx_word' id='word_1_46' title='bbox 775 797 882 818; x_wconf 89' lang='lat' dir='ltr'><strong>manu</strong></span> <span class='ocrx_word' id='word_1_47' title='bbox 897 798 959 820; x_wconf 87' lang='lat' dir='ltr'><strong>se-</strong></span> 
     </span>
     <span class='ocr_line' id='line_1_9' title="bbox 279 835 960 881; baseline 0 -10"><span class='ocrx_word' id='word_1_48' title='bbox 279 836 396 872; x_wconf 88' lang='lat' dir='ltr'><strong>cunda</strong></span> <span class='ocrx_word' id='word_1_49' title='bbox 419 836 583 881; x_wconf 84' lang='lat' dir='ltr'><strong>quidem,</strong></span> <span class='ocrx_word' id='word_1_50' title='bbox 622 835 752 870; x_wconf 82' lang='lat' dir='ltr'><strong>habent</strong></span> <span class='ocrx_word' id='word_1_51' title='bbox 775 837 830 870; x_wconf 87' lang='lat' dir='ltr'><strong>De</strong></span> <span class='ocrx_word' id='word_1_52' title='bbox 854 839 960 871; x_wconf 77' lang='lat' dir='ltr'><strong>comi-</strong></span> 
     </span>
     <span class='ocr_line' id='line_1_10' title="bbox 276 887 959 933; baseline -0.003 -9"><span class='ocrx_word' id='word_1_53' title='bbox 276 897 345 925; x_wconf 83' lang='lat' dir='ltr'><strong>tum</strong></span> <span class='ocrx_word' id='word_1_54' title='bbox 363 900 519 929; x_wconf 66' lang='grc' dir='ltr'><em>πωπω-ο,-</em></span> <span class='ocrx_word' id='word_1_55' title='bbox 542 888 675 933; x_wconf 89' lang='lat' dir='ltr'><strong>primus</strong></span> <span class='ocrx_word' id='word_1_56' title='bbox 696 887 900 922; x_wconf 86' lang='lat' dir='ltr'><strong>Basileensis</strong></span> <span class='ocrx_word' id='word_1_57' title='bbox 922 894 959 922; x_wconf 85' lang='lat' dir='ltr'><strong>et</strong></span> 
     </span>
     <span class='ocr_line' id='line_1_11' title="bbox 278 939 957 984; baseline -0.004 -7"><span class='ocrx_word' id='word_1_58' title='bbox 278 941 465 977; x_wconf 84' lang='lat' dir='ltr'><strong>duodecim</strong></span> <span class='ocrx_word' id='word_1_59' title='bbox 485 940 563 984; x_wconf 84' lang='lat' dir='ltr'><strong>alii,</strong></span> <span class='ocrx_word' id='word_1_60' title='bbox 582 939 707 974; x_wconf 88' lang='lat' dir='ltr'><strong>eodem</strong></span> <span class='ocrx_word' id='word_1_61' title='bbox 725 939 872 974; x_wconf 85' lang='lat' dir='ltr'><strong>Heinsio</strong></span> <span class='ocrx_word' id='word_1_62' title='bbox 895 947 957 974; x_wconf 86' lang='lat' dir='ltr'><strong>te—</strong></span> 
     </span>
     <span class='ocr_line' id='line_1_12' title="bbox 273 992 954 1037; baseline -0.009 -7"><span class='ocrx_word' id='word_1_63' title='bbox 273 1000 387 1030; x_wconf 83' lang='lat' dir='ltr'><strong>stante</strong></span> <span class='ocrx_word' id='word_1_64' title='bbox 405 1020 414 1037; x_wconf 95' lang='lat'><strong>,</strong></span> <span class='ocrx_word' id='word_1_65' title='bbox 439 992 524 1027; x_wconf 84' lang='lat' dir='ltr'><strong>dant</strong></span> <span class='ocrx_word' id='word_1_66' title='bbox 551 993 605 1025; x_wconf 83' lang='lat' dir='ltr'><strong>De</strong></span> <span class='ocrx_word' id='word_1_67' title='bbox 627 994 777 1035; x_wconf 75' lang='lat' dir='ltr'><strong>capilum</strong></span> <span class='ocrx_word' id='word_1_68' title='bbox 799 1004 954 1032; x_wconf 84' lang='lat' dir='ltr'><strong>numero,</strong></span> 
     </span>
     <span class='ocr_line' id='line_1_13' title="bbox 274 1043 956 1092; baseline -0.006 -11"><span class='ocrx_word' id='word_1_69' title='bbox 274 1046 369 1092; x_wconf 89' lang='lat' dir='ltr'><strong>quod</strong></span> <span class='ocrx_word' id='word_1_70' title='bbox 389 1046 415 1080; x_wconf 90' lang='lat' dir='ltr'><strong>is</strong></span> <span class='ocrx_word' id='word_1_71' title='bbox 432 1057 506 1078; x_wconf 92' lang='lat' dir='ltr'><strong>non</strong></span> <span class='ocrx_word' id='word_1_72' title='bbox 529 1043 704 1088; x_wconf 89' lang='lat' dir='ltr'><strong>improbat</strong></span> <span class='ocrx_word' id='word_1_73' title='bbox 728 1050 871 1087; x_wconf 88' lang='lat' dir='ltr'><strong>propter</strong></span> <span class='ocrx_word' id='word_1_74' title='bbox 890 1055 956 1077; x_wconf 90' lang='lat' dir='ltr'><strong>re-</strong></span> 
     </span>
     <span class='ocr_line' id='line_1_14' title="bbox 272 1095 956 1146; baseline -0.007 -12"><span class='ocrx_word' id='word_1_75' title='bbox 272 1099 482 1146; x_wconf 84' lang='lat' dir='ltr'><strong>petitionem</strong></span> <span class='ocrx_word' id='word_1_76' title='bbox 500 1110 509 1132; x_wconf 87' lang='lat'>:</span> <span class='ocrx_word' id='word_1_77' title='bbox 529 1103 648 1131; x_wconf 90' lang='lat' dir='ltr'><strong>tamen</strong></span> <span class='ocrx_word' id='word_1_78' title='bbox 674 1096 800 1130; x_wconf 82' lang='lat' dir='ltr'><strong>rectius</strong></span> <span class='ocrx_word' id='word_1_79' title='bbox 825 1095 956 1140; x_wconf 84' lang='lat' dir='ltr'><strong>judicat</strong></span> 
     </span>
     <span class='ocr_line' id='line_1_15' title="bbox 271 1151 954 1190; baseline -0.012 -1"><span class='ocrx_word' id='word_1_80' title='bbox 271 1151 497 1189; x_wconf 88' lang='lat' dir='ltr'><strong>scribendum</strong></span> <span class='ocrx_word' id='word_1_81' title='bbox 513 1155 650 1186; x_wconf 82' lang='lat' dir='ltr'><strong>centeno</strong></span> <span class='ocrx_word' id='word_1_82' title='bbox 664 1162 684 1183; x_wconf 83' lang='lat' dir='ltr'><strong>e</strong></span> <span class='ocrx_word' id='word_1_83' title='bbox 698 1161 830 1183; x_wconf 83' lang='lat' dir='ltr'><strong>numero</strong></span> <span class='ocrx_word' id='word_1_84' title='bbox 842 1160 852 1190; x_wconf 87' lang='lat'><strong>,·</strong></span> <span class='ocrx_word' id='word_1_85' title='bbox 869 1161 954 1182; x_wconf 90' lang='lat' dir='ltr'><strong>nam</strong></span> 
     </span>
     <span class='ocr_line' id='line_1_16' title="bbox 269 1202 953 1249; baseline -0.01 -7"><span class='ocrx_word' id='word_1_86' title='bbox 269 1208 298 1242; x_wconf 89' lang='lat' dir='ltr'><strong>si</strong></span> <span class='ocrx_word' id='word_1_87' title='bbox 321 1206 364 1241; x_wconf 88' lang='lat' dir='ltr'><strong>de</strong></span> <span class='ocrx_word' id='word_1_88' title='bbox 382 1217 533 1240; x_wconf 91' lang='lat' dir='ltr'><strong>numero</strong></span> <span class='ocrx_word' id='word_1_89' title='bbox 557 1203 710 1249; x_wconf 87' lang='lat' dir='ltr'><strong>capitum</strong></span> <span class='ocrx_word' id='word_1_90' title='bbox 734 1202 855 1249; x_wconf 84' lang='lat' dir='ltr'><strong>hydrae</strong></span> <span class='ocrx_word' id='word_1_91' title='bbox 879 1215 953 1236; x_wconf 89' lang='lat' dir='ltr'><strong>non</strong></span> 
     </span>
     <span class='ocr_line' id='line_1_17' title="bbox 271 1253 953 1299; baseline -0.01 -6"><span class='ocrx_word' id='word_1_92' title='bbox 271 1257 438 1293; x_wconf 87' lang='lat' dir='ltr'><strong>convenit</strong></span> <span class='ocrx_word' id='word_1_93' title='bbox 454 1282 463 1299; x_wconf 97' lang='lat'><strong>,</strong></span> <span class='ocrx_word' id='word_1_94' title='bbox 481 1262 630 1290; x_wconf 90' lang='lat' dir='ltr'><strong>centena</strong></span> <span class='ocrx_word' id='word_1_95' title='bbox 645 1261 764 1288; x_wconf 88' lang='lat' dir='ltr'><strong>tamen</strong></span> <span class='ocrx_word' id='word_1_96' title='bbox 781 1253 828 1287; x_wconf 88' lang='lat' dir='ltr'><strong>illi</strong></span> <span class='ocrx_word' id='word_1_97' title='bbox 845 1267 864 1287; x_wconf 90' lang='lat' dir='ltr'><strong>a</strong></span> <span class='ocrx_word' id='word_1_98' title='bbox 880 1254 953 1298; x_wconf 90' lang='lat' dir='ltr'><strong>ple-</strong></span> 
     </span>
     <span class='ocr_line' id='line_1_18' title="bbox 268 1305 952 1355; baseline -0.009 -10"><span class='ocrx_word' id='word_1_99' title='bbox 268 1312 385 1355; x_wconf 86' lang='lat' dir='ltr'><strong>risque</strong></span> <span class='ocrx_word' id='word_1_100' title='bbox 403 1309 639 1353; x_wconf 83' lang='lat' dir='ltr'><strong>assignantur:</strong></span> <span class='ocrx_word' id='word_1_101' title='bbox 656 1306 841 1340; x_wconf 83' lang='lat' dir='ltr'><strong>redeamus</strong></span> <span class='ocrx_word' id='word_1_102' title='bbox 857 1305 900 1339; x_wconf 89' lang='lat' dir='ltr'><strong>ad</strong></span> <span class='ocrx_word' id='word_1_103' title='bbox 911 1305 952 1340; x_wconf 92' lang='lat' dir='ltr'><strong>cl.</strong></span> 
     </span>
     <span class='ocr_line' id='line_1_19' title="bbox 272 1359 950 1406; baseline -0.007 -8"><span class='ocrx_word' id='word_1_104' title='bbox 272 1366 408 1406; x_wconf 68' lang='lat' dir='ltr'><strong>Gz’en’g,</strong></span> <span class='ocrx_word' id='word_1_105' title='bbox 440 1361 539 1405; x_wconf 82' lang='lat' dir='ltr'><strong>cujus</strong></span> <span class='ocrx_word' id='word_1_106' title='bbox 566 1359 608 1393; x_wconf 90' lang='lat' dir='ltr'><strong>de</strong></span> <span class='ocrx_word' id='word_1_107' title='bbox 626 1359 789 1394; x_wconf 90' lang='lat' dir='ltr'><strong>hocloco</strong></span> <span class='ocrx_word' id='word_1_108' title='bbox 811 1359 950 1404; x_wconf 88' lang='lat' dir='ltr'><strong>disqui—</strong></span> 
     </span>
     <span class='ocr_line' id='line_1_20' title="bbox 269 1410 948 1456; baseline -0.007 -6"><span class='ocrx_word' id='word_1_109' title='bbox 269 1415 435 1450; x_wconf 87' lang='lat' dir='ltr'><strong>sitionem</strong></span> <span class='ocrx_word' id='word_1_110' title='bbox 459 1411 603 1447; x_wconf 89' lang='lat' dir='ltr'><strong>clariore</strong></span> <span class='ocrx_word' id='word_1_111' title='bbox 622 1410 745 1444; x_wconf 81' lang='lat' dir='ltr'><strong>ordine</strong></span> <span class='ocrx_word' id='word_1_112' title='bbox 764 1410 948 1456; x_wconf 87' lang='lat' dir='ltr'><strong>disponere</strong></span> 
     </span>
     <span class='ocr_line' id='line_1_21' title="bbox 268 1463 950 1515; baseline -0.009 -11"><span class='ocrx_word' id='word_1_113' title='bbox 268 1469 450 1515; x_wconf 84' lang='lat' dir='ltr'><strong>cogimur,</strong></span> <span class='ocrx_word' id='word_1_114' title='bbox 479 1464 637 1510; x_wconf 86' lang='lat' dir='ltr'><strong>religiose</strong></span> <span class='ocrx_word' id='word_1_115' title='bbox 663 1470 782 1498; x_wconf 89' lang='lat' dir='ltr'><strong>tamen</strong></span> <span class='ocrx_word' id='word_1_116' title='bbox 808 1463 950 1498; x_wconf 88' lang='lat' dir='ltr'><strong>servatis</strong></span> 
     </span>
     <span class='ocr_line' id='line_1_22' title="bbox 266 1515 950 1558; baseline -0.012 -2"><span class='ocrx_word' id='word_1_117' title='bbox 266 1520 390 1556; x_wconf 82' lang='lat' dir='ltr'><strong>verbis.</strong></span> <span class='ocrx_word' id='word_1_118' title='bbox 406 1519 472 1552; x_wconf 83' lang='lat' dir='ltr'><strong>Ed.</strong></span> <span class='ocrx_word' id='word_1_119' title='bbox 484 1534 527 1542; x_wconf 91' lang='lat'><strong>--</strong></span> <span class='ocrx_word' id='word_1_120' title='bbox 537 1517 592 1549; x_wconf 83' lang='lat' dir='ltr'><strong>De</strong></span> <span class='ocrx_word' id='word_1_121' title='bbox 606 1527 738 1549; x_wconf 84' lang='lat' dir='ltr'><strong>numero</strong></span> <span class='ocrx_word' id='word_1_122' title='bbox 751 1518 898 1558; x_wconf 75' lang='lat' dir='ltr'><strong>capitum</strong></span> <span class='ocrx_word' id='word_1_123' title='bbox 914 1515 950 1549; x_wconf 90' lang='lat' dir='ltr'><strong>il-</strong></span> 
     </span>
     <span class='ocr_line' id='line_1_23' title="bbox 264 1566 948 1617; baseline -0.012 -8"><span class='ocrx_word' id='word_1_124' title='bbox 264 1573 332 1609; x_wconf 88' lang='lat' dir='ltr'><strong>lius</strong></span> <span class='ocrx_word' id='word_1_125' title='bbox 340 1570 462 1617; x_wconf 84' lang='lat' dir='ltr'><strong>hydrae</strong></span> <span class='ocrx_word' id='word_1_126' title='bbox 472 1580 546 1603; x_wconf 91' lang='lat' dir='ltr'><strong>non</strong></span> <span class='ocrx_word' id='word_1_127' title='bbox 559 1566 948 1610; x_wconf 83' lang='lat' dir='ltr'><strong>consentiuntVeteres‚</strong></span> 
     </span>
     <span class='ocr_line' id='line_1_24' title="bbox 267 1617 947 1671; baseline -0.01 -12"><span class='ocrx_word' id='word_1_128' title='bbox 267 1625 328 1671; x_wconf 89' lang='lat' dir='ltr'><strong>qui</strong></span> <span class='ocrx_word' id='word_1_129' title='bbox 338 1636 420 1658; x_wconf 87' lang='lat' dir='ltr'><strong>mox</strong></span> <span class='ocrx_word' id='word_1_130' title='bbox 430 1626 571 1659; x_wconf 81' lang='lat' dir='ltr'><strong>centum,</strong></span> <span class='ocrx_word' id='word_1_131' title='bbox 587 1631 668 1653; x_wconf 86' lang='lat' dir='ltr'><strong>mox</strong></span> <span class='ocrx_word' id='word_1_132' title='bbox 683 1617 947 1662; x_wconf 82' lang='lat' dir='ltr'><strong>quinquaginta,</strong></span> 
     </span>
     <span class='ocr_line' id='line_1_25' title="bbox 266 1667 950 1718; baseline -0.016 -5"><span class='ocrx_word' id='word_1_133' title='bbox 266 1689 398 1713; x_wconf 86' lang='lat' dir='ltr'><strong>novem</strong></span> <span class='ocrx_word' id='word_1_134' title='bbox 410 1702 419 1718; x_wconf 95' lang='lat'><strong>,</strong></span> <span class='ocrx_word' id='word_1_135' title='bbox 438 1680 516 1708; x_wconf 88' lang='lat' dir='ltr'><strong>octo</strong></span> <span class='ocrx_word' id='word_1_136' title='bbox 528 1676 730 1706; x_wconf 83' lang='lat' dir='ltr'><strong>numerant.</strong></span> <span class='ocrx_word' id='word_1_137' title='bbox 743 1668 825 1703; x_wconf 83' lang='lat' dir='ltr'><strong>Vid.</strong></span> <span class='ocrx_word' id='word_1_138' title='bbox 840 1667 950 1702; x_wconf 85' lang='lat' dir='ltr'><strong>Hein-</strong></span> 
     </span>
     <span class='ocr_line' id='line_1_26' title="bbox 264 1723 947 1774; baseline -0.01 -8"><span class='ocrx_word' id='word_1_139' title='bbox 264 1731 334 1766; x_wconf 84' lang='lat' dir='ltr'><strong>sius</strong></span> <span class='ocrx_word' id='word_1_140' title='bbox 352 1735 386 1763; x_wconf 93' lang='lat' dir='ltr'><strong>et</strong></span> <span class='ocrx_word' id='word_1_141' title='bbox 403 1725 566 1774; x_wconf 88' lang='lat' dir='ltr'><strong>Heynius</strong></span> <span class='ocrx_word' id='word_1_142' title='bbox 594 1723 637 1758; x_wconf 90' lang='lat' dir='ltr'><strong>ad</strong></span> <span class='ocrx_word' id='word_1_143' title='bbox 665 1723 921 1769; x_wconf 86' lang='lat' dir='ltr'><strong>Apollodorum</strong></span> <span class='ocrx_word' id='word_1_144' title='bbox 937 1751 947 1768; x_wconf 94' lang='lat'><strong>,</strong></span> 
     </span>
     <span class='ocr_line' id='line_1_27' title="bbox 265 1779 949 1830; baseline -0.007 -12"><span class='ocrx_word' id='word_1_145' title='bbox 265 1798 299 1830; x_wconf 90' lang='lat' dir='ltr'><strong>p.</strong></span> <span class='ocrx_word' id='word_1_146' title='bbox 323 1783 399 1826; x_wconf 78' lang='lat'><strong>345.</strong></span> <span class='ocrx_word' id='word_1_147' title='bbox 426 1779 564 1815; x_wconf 80' lang='lat' dir='ltr'><strong>Sufficit</strong></span> <span class='ocrx_word' id='word_1_148' title='bbox 586 1784 788 1812; x_wconf 88' lang='lat' dir='ltr'><strong>monstrum</strong></span> <span class='ocrx_word' id='word_1_149' title='bbox 818 1781 949 1813; x_wconf 70' lang='grc' dir='ltr'><strong>πολυκέ-</strong></span> 
     </span>
     <span class='ocr_line' id='line_1_28' title="bbox 266 1829 946 1883; baseline -0.012 -12"><span class='ocrx_word' id='word_1_150' title='bbox 266 1840 357 1883; x_wconf 66' lang='grc' dir='ltr'><strong>φαλον</strong></span> <span class='ocrx_word' id='word_1_151' title='bbox 372 1832 535 1878; x_wconf 85' lang='lat' dir='ltr'><strong>cogitare.</strong></span> <span class='ocrx_word' id='word_1_152' title='bbox 552 1829 771 1874; x_wconf 66' lang='lat' dir='ltr'><strong>Palaep‘hatus</strong></span> <span class='ocrx_word' id='word_1_153' title='bbox 781 1855 789 1872; x_wconf 90' lang='lat'><strong>,</strong></span> <span class='ocrx_word' id='word_1_154' title='bbox 801 1843 875 1875; x_wconf 88' lang='lat' dir='ltr'><strong>cap.</strong></span> <span class='ocrx_word' id='word_1_155' title='bbox 884 1831 927 1877; x_wconf 80' lang='lat'><strong>39</strong></span> <span class='ocrx_word' id='word_1_156' title='bbox 937 1856 946 1874; x_wconf 91' lang='lat'><strong>,</strong></span> 
     </span>
     <span class='ocr_line' id='line_1_29' title="bbox 263 1881 948 1926; baseline -0.01 -4"><span class='ocrx_word' id='word_1_157' title='bbox 263 1886 419 1922; x_wconf 85' lang='lat' dir='ltr'><strong>fabulam</strong></span> <span class='ocrx_word' id='word_1_158' title='bbox 434 1896 497 1919; x_wconf 85' lang='lat' dir='ltr'><strong>suo</strong></span> <span class='ocrx_word' id='word_1_159' title='bbox 510 1881 618 1916; x_wconf 91' lang='lat' dir='ltr'><strong>modo</strong></span> <span class='ocrx_word' id='word_1_160' title='bbox 631 1881 895 1926; x_wconf 87' lang='lat' dir='ltr'><strong>interpretatur.</strong></span> <span class='ocrx_word' id='word_1_161' title='bbox 905 1901 948 1908; x_wconf 90' lang='lat'>—</span> 
     </span>
     <span class='ocr_line' id='line_1_30' title="bbox 263 1932 947 1980; baseline -0.01 -7"><span class='ocrx_word' id='word_1_162' title='bbox 263 1940 341 1973; x_wconf 85' lang='lat' dir='ltr'><strong>Non</strong></span> <span class='ocrx_word' id='word_1_163' title='bbox 356 1937 502 1980; x_wconf 88' lang='lat' dir='ltr'><strong>impune</strong></span> <span class='ocrx_word' id='word_1_164' title='bbox 517 1933 560 1968; x_wconf 87' lang='lat' dir='ltr'><strong>de</strong></span> <span class='ocrx_word' id='word_1_165' title='bbox 577 1932 684 1967; x_wconf 85' lang='lat' dir='ltr'><strong>auctis</strong></span> <span class='ocrx_word' id='word_1_166' title='bbox 698 1933 865 1967; x_wconf 85' lang='lat' dir='ltr'><strong>molestiis</strong></span> <span class='ocrx_word' id='word_1_167' title='bbox 882 1932 947 1967; x_wconf 88' lang='lat' dir='ltr'><strong>de-</strong></span> 
     </span>
     <span class='ocr_line' id='line_1_31' title="bbox 262 1984 946 2032; baseline -0.006 -8"><span class='ocrx_word' id='word_1_168' title='bbox 262 1987 437 2024; x_wconf 85' lang='lat' dir='ltr'><strong>bellatoris</strong></span> <span class='ocrx_word' id='word_1_169' title='bbox 470 1984 691 2032; x_wconf 87' lang='lat' dir='ltr'><strong>capiendum.</strong></span> <span class='ocrx_word' id='word_1_170' title='bbox 721 2003 765 2010; x_wconf 90' lang='lat'>—</span> <span class='ocrx_word' id='word_1_171' title='bbox 793 1986 946 2020; x_wconf 76' lang='lat' dir='ltr'><strong>Gemino.</strong></span> 
     </span>
     <span class='ocr_line' id='line_1_32' title="bbox 262 2038 946 2085; baseline -0.009 -8"><span class='ocrx_word' id='word_1_172' title='bbox 262 2042 414 2078; x_wconf 86' lang='lat' dir='ltr'><strong>Noricus</strong></span> <span class='ocrx_word' id='word_1_173' title='bbox 429 2067 439 2084; x_wconf 90' lang='lat'><strong>,</strong></span> <span class='ocrx_word' id='word_1_174' title='bbox 463 2047 498 2075; x_wconf 84' lang='lat' dir='ltr'><strong>et</strong></span> <span class='ocrx_word' id='word_1_175' title='bbox 515 2040 627 2085; x_wconf 89' lang='lat' dir='ltr'><strong>prima</strong></span> <span class='ocrx_word' id='word_1_176' title='bbox 642 2038 750 2072; x_wconf 90' lang='lat' dir='ltr'><strong>editio</strong></span> <span class='ocrx_word' id='word_1_177' title='bbox 769 2038 848 2072; x_wconf 86' lang='lat' dir='ltr'><strong>Aldi</strong></span> <span class='ocrx_word' id='word_1_178' title='bbox 861 2065 871 2082; x_wconf 91' lang='lat'><strong>,</strong></span> <span class='ocrx_word' id='word_1_179' title='bbox 884 2051 946 2082; x_wconf 72' lang='lat' dir='ltr'><strong>ge—</strong></span> 
     </span>
     <span class='ocr_line' id='line_1_33' title="bbox 255 2091 944 2136; baseline -0.009 -6"><span class='ocrx_word' id='word_1_180' title='bbox 255 2099 356 2131; x_wconf 75' lang='lat' dir='ltr'><strong>mina</strong></span> <span class='ocrx_word' id='word_1_181' title='bbox 366 2121 374 2133; x_wconf 91' lang='lat'><strong>,</strong></span> <span class='ocrx_word' id='word_1_182' title='bbox 389 2101 429 2128; x_wconf 89' lang='lat' dir='ltr'><strong>ut</strong></span> <span class='ocrx_word' id='word_1_183' title='bbox 445 2093 489 2127; x_wconf 90' lang='lat' dir='ltr'><strong>ad</strong></span> <span class='ocrx_word' id='word_1_184' title='bbox 504 2093 676 2128; x_wconf 85' lang='lat' dir='ltr'><strong>cervicem</strong></span> <span class='ocrx_word' id='word_1_185' title='bbox 689 2091 857 2136; x_wconf 89' lang='lat' dir='ltr'><strong>respiciat.</strong></span> <span class='ocrx_word' id='word_1_186' title='bbox 870 2091 944 2125; x_wconf 87' lang='lat' dir='ltr'><strong>Re-</strong></span> 
     </span>
     <span class='ocr_line' id='line_1_34' title="bbox 262 2141 943 2193; baseline -0.007 -13"><span class='ocrx_word' id='word_1_187' title='bbox 262 2147 308 2193; x_wconf 82' lang='lat' dir='ltr'><strong>gii</strong></span> <span class='ocrx_word' id='word_1_188' title='bbox 324 2145 434 2180; x_wconf 87' lang='lat' dir='ltr'><strong>nostri</strong></span> <span class='ocrx_word' id='word_1_189' title='bbox 446 2170 455 2187; x_wconf 87' lang='lat'>‚</span> <span class='ocrx_word' id='word_1_190' title='bbox 484 2147 627 2187; x_wconf 77' lang='lat' dir='ltr'><strong>gemino.</strong></span> <span class='ocrx_word' id='word_1_191' title='bbox 642 2161 686 2168; x_wconf 92' lang='lat'><em>-</em></span> <span class='ocrx_word' id='word_1_192' title='bbox 701 2144 817 2177; x_wconf 71' lang='lat' dir='ltr'><strong>Heres</strong></span> <span class='ocrx_word' id='word_1_193' title='bbox 839 2141 943 2187; x_wconf 86' lang='lat' dir='ltr'><strong>paulo</strong></span> 
     </span>
     <span class='ocr_line' id='line_1_35' title="bbox 261 2195 944 2234; baseline -0.007 0"><span class='ocrx_word' id='word_1_194' title='bbox 261 2198 435 2234; x_wconf 88' lang='lat' dir='ltr'><strong>audacius.</strong></span> <span class='ocrx_word' id='word_1_195' title='bbox 457 2196 592 2231; x_wconf 86' lang='lat' dir='ltr'><strong>Laudat</strong></span> <span class='ocrx_word' id='word_1_196' title='bbox 619 2196 845 2230; x_wconf 89' lang='lat' dir='ltr'><strong>Burmannus</strong></span> <span class='ocrx_word' id='word_1_197' title='bbox 868 2195 944 2229; x_wconf 87' lang='lat' dir='ltr'><strong>Pli-</strong></span> 
     </span>
     <span class='ocr_line' id='line_1_36' title="bbox 259 2247 942 2295; baseline -0.009 -9"><span class='ocrx_word' id='word_1_198' title='bbox 259 2252 380 2294; x_wconf 90' lang='lat' dir='ltr'><strong>nium,</strong></span> <span class='ocrx_word' id='word_1_199' title='bbox 397 2250 473 2295; x_wconf 88' lang='lat' dir='ltr'><strong>qui,</strong></span> <span class='ocrx_word' id='word_1_200' title='bbox 487 2249 578 2283; x_wconf 91' lang='lat' dir='ltr'><strong>Hist.</strong></span> <span class='ocrx_word' id='word_1_201' title='bbox 590 2248 672 2282; x_wconf 91' lang='lat' dir='ltr'><strong>Nat.</strong></span> <span class='ocrx_word' id='word_1_202' title='bbox 681 2247 791 2290; x_wconf 87' lang='lat' dir='ltr'><strong>XVI,</strong></span> <span class='ocrx_word' id='word_1_203' title='bbox 803 2247 845 2282; x_wconf 78' lang='lat'><strong>33</strong></span> <span class='ocrx_word' id='word_1_204' title='bbox 858 2273 867 2290; x_wconf 90' lang='lat'><strong>,</strong></span> <span class='ocrx_word' id='word_1_205' title='bbox 879 2249 942 2280; x_wconf 80' lang='lat' dir='ltr'><strong>ba·—</strong></span> 
     </span>
     <span class='ocr_line' id='line_1_37' title="bbox 258 2299 941 2338; baseline -0.009 0"><span class='ocrx_word' id='word_1_206' title='bbox 258 2305 368 2338; x_wconf 84' lang='lat' dir='ltr'><strong>redem</strong></span> <span class='ocrx_word' id='word_1_207' title='bbox 383 2308 483 2336; x_wconf 82' lang='lat' dir='ltr'><strong>vocat</strong></span> <span class='ocrx_word' id='word_1_208' title='bbox 498 2300 673 2335; x_wconf 89' lang='lat' dir='ltr'><strong>stolonem</strong></span> <span class='ocrx_word' id='word_1_209' title='bbox 694 2313 734 2334; x_wconf 84' lang='lat' dir='ltr'><strong>ex</strong></span> <span class='ocrx_word' id='word_1_210' title='bbox 749 2299 850 2333; x_wconf 84' lang='lat' dir='ltr'><strong>salice</strong></span> <span class='ocrx_word' id='word_1_211' title='bbox 875 2311 941 2332; x_wconf 91' lang='lat' dir='ltr'><strong>re—</strong></span> 
     </span>
     <span class='ocr_line' id='line_1_38' title="bbox 258 2349 941 2401; baseline -0.01 -11"><span class='ocrx_word' id='word_1_212' title='bbox 258 2355 499 2401; x_wconf 89' lang='lat' dir='ltr'><strong>pullulantem.</strong></span> <span class='ocrx_word' id='word_1_213' title='bbox 530 2354 691 2386; x_wconf 81' lang='lat' dir='ltr'><strong>Geminus</strong></span> <span class='ocrx_word' id='word_1_214' title='bbox 719 2352 822 2384; x_wconf 76' lang='lat' dir='ltr'><strong>hares</strong></span> <span class='ocrx_word' id='word_1_215' title='bbox 834 2377 842 2390; x_wconf 87' lang='lat'><em>‚</em></span> <span class='ocrx_word' id='word_1_216' title='bbox 869 2349 941 2384; x_wconf 91' lang='lat' dir='ltr'><strong>duo</strong></span> 
     </span>
     <span class='ocr_line' id='line_1_39' title="bbox 258 2402 940 2452; baseline -0.007 -10"><span class='ocrx_word' id='word_1_217' title='bbox 258 2407 370 2452; x_wconf 89' lang='lat' dir='ltr'><strong>capita</strong></span> <span class='ocrx_word' id='word_1_218' title='bbox 388 2418 464 2451; x_wconf 85' lang='lat' dir='ltr'><strong>quae</strong></span> <span class='ocrx_word' id='word_1_219' title='bbox 486 2403 747 2439; x_wconf 84' lang='lat' dir='ltr'><strong>succrescebant</strong></span> <span class='ocrx_word' id='word_1_220' title='bbox 763 2402 799 2436; x_wconf 90' lang='lat' dir='ltr'><strong>in</strong></span> <span class='ocrx_word' id='word_1_221' title='bbox 822 2402 940 2437; x_wconf 88' lang='lat' dir='ltr'><strong>locum</strong></span> 
     </span>
     <span class='ocr_line' id='line_1_40' title="bbox 259 2455 940 2499; baseline -0.007 -7"><span class='ocrx_word' id='word_1_222' title='bbox 259 2459 364 2493; x_wconf 88' lang='lat' dir='ltr'><strong>unius</strong></span> <span class='ocrx_word' id='word_1_223' title='bbox 389 2457 489 2492; x_wconf 82' lang='lat' dir='ltr'><strong>excisi</strong></span> <span class='ocrx_word' id='word_1_224' title='bbox 507 2469 515 2491; x_wconf 88' lang='lat'><strong>:</strong></span> <span class='ocrx_word' id='word_1_225' title='bbox 531 2456 578 2491; x_wconf 86' lang='lat' dir='ltr'><strong>sic</strong></span> <span class='ocrx_word' id='word_1_226' title='bbox 594 2455 651 2490; x_wconf 87' lang='lat' dir='ltr'><strong>illa</strong></span> <span class='ocrx_word' id='word_1_227' title='bbox 664 2457 854 2490; x_wconf 84' lang='lat' dir='ltr'><strong>vulneribus</strong></span> <span class='ocrx_word' id='word_1_228' title='bbox 869 2456 940 2499; x_wconf 87' lang='lat' dir='ltr'><strong>se-</strong></span> 
     </span>
     <span class='ocr_line' id='line_1_41' title="bbox 258 2509 940 2552; baseline -0.003 -8"><span class='ocrx_word' id='word_1_229' title='bbox 258 2513 369 2544; x_wconf 86' lang='lat' dir='ltr'><strong>cunda</strong></span> <span class='ocrx_word' id='word_1_230' title='bbox 384 2513 479 2551; x_wconf 81' lang='lat' dir='ltr'><strong>suis;</strong></span> <span class='ocrx_word' id='word_1_231' title='bbox 501 2509 549 2544; x_wconf 87' lang='lat' dir='ltr'><strong>sic</strong></span> <span class='ocrx_word' id='word_1_232' title='bbox 569 2510 665 2542; x_wconf 80' lang='lat' dir='ltr'><strong>haud</strong></span> <span class='ocrx_word' id='word_1_233' title='bbox 680 2510 812 2551; x_wconf 77' lang='lat' dir='ltr'><strong>impune</strong></span> <span class='ocrx_word' id='word_1_234' title='bbox 836 2514 940 2552; x_wconf 89' lang='lat' dir='ltr'><strong>caput</strong></span> 
     </span>
     <span class='ocr_line' id='line_1_42' title="bbox 257 2559 941 2604; baseline -0.006 -8"><span class='ocrx_word' id='word_1_235' title='bbox 257 2561 500 2601; x_wconf 79' lang='lat' dir='ltr'><strong>recidebatur;</strong></span> <span class='ocrx_word' id='word_1_236' title='bbox 529 2560 576 2595; x_wconf 91' lang='lat' dir='ltr'><strong>sic</strong></span> <span class='ocrx_word' id='word_1_237' title='bbox 597 2559 749 2604; x_wconf 77' lang='lat' dir='ltr'><strong>denique</strong></span> <span class='ocrx_word' id='word_1_238' title='bbox 776 2562 941 2593; x_wconf 79' lang='lat' dir='ltr'><strong>valentior</strong></span> 
     </span>
     <span class='ocr_line' id='line_1_43' title="bbox 256 2611 939 2658; baseline -0.004 -11"><span class='ocrx_word' id='word_1_239' title='bbox 256 2613 378 2658; x_wconf 70' lang='lat' dir='ltr'><strong>quovis</strong></span> <span class='ocrx_word' id='word_1_240' title='bbox 393 2613 537 2646; x_wconf 75' lang='lat' dir='ltr'><strong>vulnere</strong></span> <span class='ocrx_word' id='word_1_241' title='bbox 550 2612 664 2646; x_wconf 82' lang='lat' dir='ltr'><strong>cervix</strong></span> <span class='ocrx_word' id='word_1_242' title='bbox 679 2611 793 2645; x_wconf 85' lang='lat' dir='ltr'><strong>fiebat.</strong></span> <span class='ocrx_word' id='word_1_243' title='bbox 813 2613 939 2645; x_wconf 79' lang='lat' dir='ltr'><strong>Valens</strong></span> 
     </span>
     <span class='ocr_line' id='line_1_44' title="bbox 257 2663 935 2708; baseline -0.001 -9"><span class='ocrx_word' id='word_1_244' title='bbox 257 2663 359 2707; x_wconf 89' lang='lat' dir='ltr'><strong>alibi,</strong></span> <span class='ocrx_word' id='word_1_245' title='bbox 381 2664 511 2698; x_wconf 82' lang='lat' dir='ltr'><strong>viribus</strong></span> <span class='ocrx_word' id='word_1_246' title='bbox 536 2665 571 2698; x_wconf 86' lang='lat' dir='ltr'><strong>et</strong></span> <span class='ocrx_word' id='word_1_247' title='bbox 596 2663 723 2697; x_wconf 88' lang='lat' dir='ltr'><strong>robore</strong></span> <span class='ocrx_word' id='word_1_248' title='bbox 743 2668 910 2708; x_wconf 80' lang='lat' dir='ltr'><strong>praestans</strong></span> <span class='ocrx_word' id='word_1_249' title='bbox 926 2689 935 2706; x_wconf 89' lang='lat'><strong>,</strong></span> 
     </span>
     <span class='ocr_line' id='line_1_45' title="bbox 256 2715 937 2760; baseline -0.004 -9"><span class='ocrx_word' id='word_1_250' title='bbox 256 2717 324 2752; x_wconf 86' lang='lat' dir='ltr'><strong>boc</strong></span> <span class='ocrx_word' id='word_1_251' title='bbox 338 2717 415 2751; x_wconf 86' lang='lat' dir='ltr'><strong>loco</strong></span> <span class='ocrx_word' id='word_1_252' title='bbox 436 2716 477 2750; x_wconf 85' lang='lat' dir='ltr'><strong>ad</strong></span> <span class='ocrx_word' id='word_1_253' title='bbox 495 2727 687 2749; x_wconf 88' lang='lat' dir='ltr'><strong>numerum</strong></span> <span class='ocrx_word' id='word_1_254' title='bbox 702 2715 855 2760; x_wconf 85' lang='lat' dir='ltr'><strong>capitum</strong></span> <span class='ocrx_word' id='word_1_255' title='bbox 872 2727 937 2749; x_wconf 90' lang='lat' dir='ltr'><strong>re-</strong></span> 
     </span>
     <span class='ocr_line' id='line_1_46' title="bbox 256 2767 934 2811; baseline -0.001 -9"><span class='ocrx_word' id='word_1_256' title='bbox 256 2768 455 2804; x_wconf 83' lang='lat' dir='ltr'><strong>ferendum.</strong></span> <span class='ocrx_word' id='word_1_257' title='bbox 469 2767 523 2802; x_wconf 93' lang='lat' dir='ltr'><strong>De</strong></span> <span class='ocrx_word' id='word_1_258' title='bbox 536 2767 586 2801; x_wconf 90' lang='lat' dir='ltr'><strong>his</strong></span> <span class='ocrx_word' id='word_1_259' title='bbox 599 2767 754 2811; x_wconf 88' lang='lat' dir='ltr'><strong>quinque</strong></span> <span class='ocrx_word' id='word_1_260' title='bbox 766 2767 934 2809; x_wconf 84' lang='lat' dir='ltr'><strong>versibus,</strong></span> 
     </span>
     <span class='ocr_line' id='line_1_47' title="bbox 259 2818 934 2866; baseline -0.007 -11"><span class='ocrx_word' id='word_1_261' title='bbox 259 2822 393 2866; x_wconf 76' lang='lat'><strong>70-74‚</strong></span> <span class='ocrx_word' id='word_1_262' title='bbox 421 2819 498 2854; x_wconf 85' lang='lat' dir='ltr'><strong>vide</strong></span> <span class='ocrx_word' id='word_1_263' title='bbox 525 2818 562 2853; x_wconf 89' lang='lat' dir='ltr'><strong>in</strong></span> <span class='ocrx_word' id='word_1_264' title='bbox 588 2818 659 2853; x_wconf 84' lang='lat' dir='ltr'><strong>fine</strong></span> <span class='ocrx_word' id='word_1_265' title='bbox 679 2824 773 2854; x_wconf 82' lang='lat' dir='ltr'><strong>notae</strong></span> <span class='ocrx_word' id='word_1_266' title='bbox 798 2818 934 2861; x_wconf 81' lang='lat' dir='ltr'><strong>subseq.</strong></span> 
     </span>
    </p>
   </div>
   <div class='ocr_carea' id='block_1_5' title="bbox 1001 737 1703 2855">
    <p class='ocr_par' dir='ltr' id='par_1_8' title="bbox 1001 737 1703 2855">
     <span class='ocr_line' id='line_1_48' title="bbox 1072 737 1701 784; baseline 0.01 -14"><span class='ocrx_word' id='word_1_267' title='bbox 1072 737 1122 780; x_wconf 85' lang='lat'><strong>73.</strong></span> <span class='ocrx_word' id='word_1_268' title='bbox 1142 738 1346 778; x_wconf 77' lang='lat' dir='ltr'><strong>Ramosam,</strong></span> <span class='ocrx_word' id='word_1_269' title='bbox 1375 739 1507 775; x_wconf 88' lang='lat' dir='ltr'><strong>arboris</strong></span> <span class='ocrx_word' id='word_1_270' title='bbox 1523 740 1674 776; x_wconf 88' lang='lat' dir='ltr'><strong>similem</strong></span> <span class='ocrx_word' id='word_1_271' title='bbox 1691 767 1701 784; x_wconf 91' lang='lat'><strong>,</strong></span> 
     </span>
     <span class='ocr_line' id='line_1_49' title="bbox 1025 790 1703 836; baseline 0.01 -15"><span class='ocrx_word' id='word_1_272' title='bbox 1025 800 1044 821; x_wconf 92' lang='lat' dir='ltr'><strong>e</strong></span> <span class='ocrx_word' id='word_1_273' title='bbox 1060 800 1127 832; x_wconf 91' lang='lat' dir='ltr'><strong>qua</strong></span> <span class='ocrx_word' id='word_1_274' title='bbox 1144 790 1254 834; x_wconf 86' lang='lat' dir='ltr'><strong>capita</strong></span> <span class='ocrx_word' id='word_1_275' title='bbox 1268 817 1278 833; x_wconf 92' lang='lat'><strong>,</strong></span> <span class='ocrx_word' id='word_1_276' title='bbox 1296 797 1464 836; x_wconf 84' lang='lat' dir='ltr'><strong>tanquam</strong></span> <span class='ocrx_word' id='word_1_277' title='bbox 1487 792 1576 826; x_wconf 88' lang='lat' dir='ltr'><strong>rami</strong></span> <span class='ocrx_word' id='word_1_278' title='bbox 1592 801 1703 829; x_wconf 77' lang='lat' dir='ltr'><strong>exsta-</strong></span> 
     </span>
     <span class='ocr_line' id='line_1_50' title="bbox 1023 838 1701 888; baseline 0.01 -16"><span class='ocrx_word' id='word_1_279' title='bbox 1023 838 1108 874; x_wconf 89' lang='lat' dir='ltr'><strong>bant</strong></span> <span class='ocrx_word' id='word_1_280' title='bbox 1125 852 1132 874; x_wconf 87' lang='lat'>:</span> <span class='ocrx_word' id='word_1_281' title='bbox 1148 854 1313 875; x_wconf 83' lang='lat' dir='ltr'><strong>ramosam</strong></span> <span class='ocrx_word' id='word_1_282' title='bbox 1323 845 1483 884; x_wconf 66' lang='lat' dir='ltr'><strong>colubrllr,</strong></span> <span class='ocrx_word' id='word_1_283' title='bbox 1503 850 1560 887; x_wconf 81' lang='lat' dir='ltr'><strong>ut,</strong></span> <span class='ocrx_word' id='word_1_284' title='bbox 1578 845 1630 888; x_wconf 86' lang='lat' dir='ltr'><strong>X,</strong></span> <span class='ocrx_word' id='word_1_285' title='bbox 1646 841 1701 888; x_wconf 66' lang='grc' dir='ltr'><strong>ἶιι,</strong></span> 
     </span>
     <span class='ocr_line' id='line_1_51' title="bbox 1022 893 1703 942; baseline 0.01 -18"><span class='ocrx_word' id='word_1_286' title='bbox 1022 893 1146 925; x_wconf 84' lang='lat' dir='ltr'><strong>villosa</strong></span> <span class='ocrx_word' id='word_1_287' title='bbox 1159 895 1319 933; x_wconf 72' lang='lat' dir='ltr'><strong>colubris,</strong></span> <span class='ocrx_word' id='word_1_288' title='bbox 1340 901 1375 928; x_wconf 85' lang='lat' dir='ltr'><strong>et</strong></span> <span class='ocrx_word' id='word_1_289' title='bbox 1386 895 1452 942; x_wconf 78' lang='lat'><strong>349</strong></span> <span class='ocrx_word' id='word_1_290' title='bbox 1465 921 1474 938; x_wconf 94' lang='lat'><strong>‚</strong></span> <span class='ocrx_word' id='word_1_291' title='bbox 1491 899 1633 930; x_wconf 77' lang='lat' dir='ltr'><strong>crinitas</strong></span> <span class='ocrx_word' id='word_1_292' title='bbox 1643 909 1703 931; x_wconf 80' lang='lat' dir='ltr'><strong>an-</strong></span> 
     </span>
     <span class='ocr_line' id='line_1_52' title="bbox 1020 946 1695 989; baseline 0.01 -13"><span class='ocrx_word' id='word_1_293' title='bbox 1020 956 1093 987; x_wconf 77' lang='lat' dir='ltr'><strong>gue.</strong></span> <span class='ocrx_word' id='word_1_294' title='bbox 1116 962 1159 968; x_wconf 89' lang='lat'>—</span> <span class='ocrx_word' id='word_1_295' title='bbox 1181 946 1293 986; x_wconf 83' lang='lat' dir='ltr'><em>Malo,</em></span> <span class='ocrx_word' id='word_1_296' title='bbox 1323 946 1462 981; x_wconf 84' lang='lat' dir='ltr'><strong>damno.</strong></span> <span class='ocrx_word' id='word_1_297' title='bbox 1480 966 1524 973; x_wconf 93' lang='lat'><strong>—-</strong></span> <span class='ocrx_word' id='word_1_298' title='bbox 1543 949 1695 989; x_wconf 77' lang='lat' dir='ltr'><strong>Domui,</strong></span> 
     </span>
     <span class='ocr_line' id='line_1_53' title="bbox 1022 995 1700 1045; baseline 0.012 -18"><span class='ocrx_word' id='word_1_299' title='bbox 1022 1006 1151 1040; x_wconf 88' lang='lat' dir='ltr'><strong>nempe</strong></span> <span class='ocrx_word' id='word_1_300' title='bbox 1177 995 1364 1040; x_wconf 80' lang='lat' dir='ltr'><strong>adjuvante</strong></span> <span class='ocrx_word' id='word_1_301' title='bbox 1394 998 1492 1033; x_wconf 91' lang='lat' dir='ltr'><strong>Iolao</strong></span> <span class='ocrx_word' id='word_1_302' title='bbox 1508 1014 1518 1040; x_wconf 85' lang='lat'>;</span> <span class='ocrx_word' id='word_1_303' title='bbox 1553 999 1700 1045; x_wconf 83' lang='lat' dir='ltr'><strong>Apollo-</strong></span> 
     </span>
     <span class='ocr_line' id='line_1_54' title="bbox 1022 1045 1701 1092; baseline 0.012 -12"><span class='ocrx_word' id='word_1_304' title='bbox 1022 1045 1127 1081; x_wconf 89' lang='lat' dir='ltr'><strong>dorus</strong></span> <span class='ocrx_word' id='word_1_305' title='bbox 1145 1073 1154 1090; x_wconf 90' lang='lat'><strong>,</strong></span> <span class='ocrx_word' id='word_1_306' title='bbox 1180 1049 1216 1083; x_wconf 94' lang='lat' dir='ltr'><strong>II</strong></span> <span class='ocrx_word' id='word_1_307' title='bbox 1233 1075 1242 1092; x_wconf 89' lang='lat'><strong>,</strong></span> <span class='ocrx_word' id='word_1_308' title='bbox 1269 1061 1313 1092; x_wconf 88' lang='lat' dir='ltr'><strong>v,</strong></span> <span class='ocrx_word' id='word_1_309' title='bbox 1333 1063 1363 1083; x_wconf 81' lang='lat'><strong>2.</strong></span> <span class='ocrx_word' id='word_1_310' title='bbox 1379 1068 1422 1075; x_wconf 92' lang='lat'><strong>-—-</strong></span> <span class='ocrx_word' id='word_1_311' title='bbox 1436 1052 1569 1086; x_wconf 83' lang='lat' dir='ltr'><strong>Peremi</strong></span> <span class='ocrx_word' id='word_1_312' title='bbox 1584 1059 1636 1087; x_wconf 87' lang='lat' dir='ltr'><strong>est</strong></span> <span class='ocrx_word' id='word_1_313' title='bbox 1659 1066 1701 1088; x_wconf 86' lang='lat' dir='ltr'><strong>ex</strong></span> 
     </span>
     <span class='ocr_line' id='line_1_55' title="bbox 1022 1096 1702 1147; baseline 0.012 -17"><span class='ocrx_word' id='word_1_314' title='bbox 1022 1096 1156 1133; x_wconf 86' lang='lat' dir='ltr'><strong>duobus</strong></span> <span class='ocrx_word' id='word_1_315' title='bbox 1172 1099 1309 1134; x_wconf 88' lang='lat' dir='ltr'><strong>Heinsii</strong></span> <span class='ocrx_word' id='word_1_316' title='bbox 1326 1100 1434 1136; x_wconf 90' lang='lat' dir='ltr'>MSS.</span> <span class='ocrx_word' id='word_1_317' title='bbox 1452 1113 1562 1147; x_wconf 89' lang='lat' dir='ltr'><strong>quum</strong></span> <span class='ocrx_word' id='word_1_318' title='bbox 1584 1103 1702 1138; x_wconf 82' lang='lat' dir='ltr'><strong>caeteri</strong></span> 
     </span>
     <span class='ocr_line' id='line_1_56' title="bbox 1020 1149 1700 1197; baseline 0.01 -14"><span class='ocrx_word' id='word_1_319' title='bbox 1020 1149 1056 1183; x_wconf 92' lang='lat' dir='ltr'><strong>in</strong></span> <span class='ocrx_word' id='word_1_320' title='bbox 1068 1150 1132 1185; x_wconf 89' lang='lat' dir='ltr'><strong>alia</strong></span> <span class='ocrx_word' id='word_1_321' title='bbox 1141 1152 1260 1186; x_wconf 87' lang='lat' dir='ltr'><strong>omnia</strong></span> <span class='ocrx_word' id='word_1_322' title='bbox 1272 1151 1452 1187; x_wconf 84' lang='lat' dir='ltr'><strong>discedant</strong></span> <span class='ocrx_word' id='word_1_323' title='bbox 1461 1180 1471 1197; x_wconf 91' lang='lat'><strong>,</strong></span> <span class='ocrx_word' id='word_1_324' title='bbox 1482 1158 1625 1196; x_wconf 70' lang='lat' dir='ltr'><strong>revinxi,</strong></span> <span class='ocrx_word' id='word_1_325' title='bbox 1638 1167 1700 1190; x_wconf 82' lang='lat' dir='ltr'><strong>rc—</strong></span> 
     </span>
     <span class='ocr_line' id='line_1_57' title="bbox 1019 1204 1700 1250; baseline 0.009 -15"><span class='ocrx_word' id='word_1_326' title='bbox 1019 1204 1119 1243; x_wconf 74' lang='lat' dir='ltr'><strong>duxi‚</strong></span> <span class='ocrx_word' id='word_1_327' title='bbox 1137 1206 1267 1247; x_wconf 71' lang='lat' dir='ltr'><strong>subegi,</strong></span> <span class='ocrx_word' id='word_1_328' title='bbox 1279 1207 1405 1249; x_wconf 84' lang='lat' dir='ltr'><strong>reliqui,</strong></span> <span class='ocrx_word' id='word_1_329' title='bbox 1422 1209 1572 1250; x_wconf 79' lang='lat' dir='ltr'><strong>repressi.</strong></span> <span class='ocrx_word' id='word_1_330' title='bbox 1582 1206 1700 1241; x_wconf 86' lang='lat' dir='ltr'><strong>Hein—</strong></span> 
     </span>
     <span class='ocr_line' id='line_1_58' title="bbox 1017 1253 1695 1302; baseline 0.009 -15"><span class='ocrx_word' id='word_1_331' title='bbox 1017 1253 1086 1289; x_wconf 90' lang='lat' dir='ltr'><strong>sius</strong></span> <span class='ocrx_word' id='word_1_332' title='bbox 1101 1261 1219 1289; x_wconf 86' lang='lat' dir='ltr'><strong>tamen</strong></span> <span class='ocrx_word' id='word_1_333' title='bbox 1235 1256 1333 1290; x_wconf 87' lang='lat' dir='ltr'><strong>malit</strong></span> <span class='ocrx_word' id='word_1_334' title='bbox 1336 1261 1695 1302; x_wconf 81' lang='lat' dir='ltr'><strong>perussiautpraeussi,</strong></span> 
     </span>
     <span class='ocr_line' id='line_1_59' title="bbox 1018 1305 1698 1353; baseline 0.007 -14"><span class='ocrx_word' id='word_1_335' title='bbox 1018 1305 1098 1350; x_wconf 87' lang='lat' dir='ltr'><strong>quia</strong></span> <span class='ocrx_word' id='word_1_336' title='bbox 1124 1306 1214 1352; x_wconf 88' lang='lat' dir='ltr'><strong>apud</strong></span> <span class='ocrx_word' id='word_1_337' title='bbox 1243 1307 1450 1353; x_wconf 85' lang='lat' dir='ltr'><strong>Euripidem</strong></span> <span class='ocrx_word' id='word_1_338' title='bbox 1463 1335 1472 1352; x_wconf 93' lang='lat'><strong>,</strong></span> <span class='ocrx_word' id='word_1_339' title='bbox 1490 1309 1597 1344; x_wconf 88' lang='lat' dir='ltr'><strong>Herc.</strong></span> <span class='ocrx_word' id='word_1_340' title='bbox 1612 1309 1698 1344; x_wconf 86' lang='lat' dir='ltr'><strong>Fur.</strong></span> 
     </span>
     <span class='ocr_line' id='line_1_60' title="bbox 1017 1359 1696 1410; baseline 0.009 -19"><span class='ocrx_word' id='word_1_341' title='bbox 1017 1359 1080 1401; x_wconf 72' lang='lat'><strong>422</strong></span> <span class='ocrx_word' id='word_1_342' title='bbox 1098 1385 1108 1402; x_wconf 89' lang='lat'><strong>,</strong></span> <span class='ocrx_word' id='word_1_343' title='bbox 1129 1362 1221 1409; x_wconf 60' lang='lat' dir='ltr'><strong>bd&#39;pocu</strong></span> <span class='ocrx_word' id='word_1_344' title='bbox 1238 1363 1427 1410; x_wconf 65' lang='grc' dir='ltr'><strong><em>ἐξεπύρωσεν.</em></strong></span> <span class='ocrx_word' id='word_1_345' title='bbox 1447 1361 1573 1396; x_wconf 72' lang='lat' dir='ltr'><strong>Avien.</strong></span> <span class='ocrx_word' id='word_1_346' title='bbox 1596 1361 1696 1398; x_wconf 65' lang='lat' dir='ltr'><strong>Arai.</strong></span> 
     </span>
     <span class='ocr_line' id='line_1_61' title="bbox 1016 1410 1695 1460; baseline 0.009 -17"><span class='ocrx_word' id='word_1_347' title='bbox 1016 1410 1076 1443; x_wconf 82' lang='lat'><strong>381</strong></span> <span class='ocrx_word' id='word_1_348' title='bbox 1094 1436 1103 1454; x_wconf 92' lang='lat'><strong><em>‚</em></strong></span> <span class='ocrx_word' id='word_1_349' title='bbox 1131 1414 1271 1458; x_wconf 80' lang='lat' dir='ltr'><strong>hydram</strong></span> <span class='ocrx_word' id='word_1_350' title='bbox 1298 1414 1415 1448; x_wconf 83' lang='lat' dir='ltr'><strong>Ureret</strong></span> <span class='ocrx_word' id='word_1_351' title='bbox 1440 1415 1583 1448; x_wconf 80' lang='lat' dir='ltr'><strong>Alcides</strong></span> <span class='ocrx_word' id='word_1_352' title='bbox 1597 1427 1695 1460; x_wconf 85' lang='lat' dir='ltr'><strong>quum</strong></span> 
     </span>
     <span class='ocr_line' id='line_1_62' title="bbox 1003 1463 1694 1507; baseline 0.01 -12"><span class='ocrx_word' id='word_1_353' title='bbox 1003 1463 1217 1507; x_wconf 71' lang='lat' dir='ltr'><strong>flamm1&#39;ger;</strong></span> <span class='ocrx_word' id='word_1_354' title='bbox 1242 1471 1276 1498; x_wconf 88' lang='lat' dir='ltr'><strong>at</strong></span> <span class='ocrx_word' id='word_1_355' title='bbox 1293 1464 1366 1499; x_wconf 84' lang='lat' dir='ltr'><strong>haec</strong></span> <span class='ocrx_word' id='word_1_356' title='bbox 1380 1465 1452 1500; x_wconf 67' lang='lat' dir='ltr'><strong>loca</strong></span> <span class='ocrx_word' id='word_1_357' title='bbox 1467 1466 1556 1501; x_wconf 88' lang='lat' dir='ltr'><strong>male</strong></span> <span class='ocrx_word' id='word_1_358' title='bbox 1574 1473 1694 1501; x_wconf 85' lang='lat' dir='ltr'><strong>trans—</strong></span> 
     </span>
     <span class='ocr_line' id='line_1_63' title="bbox 1013 1512 1694 1553; baseline 0.012 -7"><span class='ocrx_word' id='word_1_359' title='bbox 1013 1512 1178 1548; x_wconf 84' lang='lat' dir='ltr'><strong>feruntur</strong></span> <span class='ocrx_word' id='word_1_360' title='bbox 1185 1515 1227 1549; x_wconf 86' lang='lat' dir='ltr'><strong>ad</strong></span> <span class='ocrx_word' id='word_1_361' title='bbox 1234 1523 1404 1551; x_wconf 83' lang='lat' dir='ltr'><strong>nostrum.</strong></span> <span class='ocrx_word' id='word_1_362' title='bbox 1413 1517 1586 1553; x_wconf 88' lang='lat' dir='ltr'><strong>Hercules</strong></span> <span class='ocrx_word' id='word_1_363' title='bbox 1595 1518 1694 1553; x_wconf 86' lang='lat' dir='ltr'><strong>enim</strong></span> 
     </span>
     <span class='ocr_line' id='line_1_64' title="bbox 1014 1563 1694 1613; baseline 0.013 -16"><span class='ocrx_word' id='word_1_364' title='bbox 1014 1563 1163 1608; x_wconf 85' lang='lat' dir='ltr'><strong>hydram</strong></span> <span class='ocrx_word' id='word_1_365' title='bbox 1177 1579 1249 1601; x_wconf 90' lang='lat' dir='ltr'><strong>non</strong></span> <span class='ocrx_word' id='word_1_366' title='bbox 1266 1568 1360 1613; x_wconf 91' lang='lat' dir='ltr'><strong>prius</strong></span> <span class='ocrx_word' id='word_1_367' title='bbox 1378 1568 1514 1604; x_wconf 88' lang='lat' dir='ltr'><strong>domuit</strong></span> <span class='ocrx_word' id='word_1_368' title='bbox 1529 1577 1565 1605; x_wconf 82' lang='lat' dir='ltr'><strong>et</strong></span> <span class='ocrx_word' id='word_1_369' title='bbox 1581 1570 1694 1606; x_wconf 90' lang='lat' dir='ltr'><strong>domi-</strong></span> 
     </span>
     <span class='ocr_line' id='line_1_65' title="bbox 1013 1618 1692 1668; baseline 0.012 -18"><span class='ocrx_word' id='word_1_370' title='bbox 1013 1622 1086 1651; x_wconf 90' lang='lat' dir='ltr'><strong>tam</strong></span> <span class='ocrx_word' id='word_1_371' title='bbox 1102 1618 1247 1653; x_wconf 90' lang='lat' dir='ltr'><strong>demum</strong></span> <span class='ocrx_word' id='word_1_372' title='bbox 1264 1621 1432 1665; x_wconf 86' lang='lat' dir='ltr'><strong>praeussit.</strong></span> <span class='ocrx_word' id='word_1_373' title='bbox 1463 1622 1595 1668; x_wconf 85' lang='lat' dir='ltr'><strong>Regius</strong></span> <span class='ocrx_word' id='word_1_374' title='bbox 1612 1635 1692 1658; x_wconf 84' lang='lat' dir='ltr'><strong>nos—</strong></span> 
     </span>
     <span class='ocr_line' id='line_1_66' title="bbox 1013 1669 1692 1718; baseline 0.01 -16"><span class='ocrx_word' id='word_1_375' title='bbox 1013 1674 1068 1702; x_wconf 87' lang='lat' dir='ltr'><strong>ter</strong></span> <span class='ocrx_word' id='word_1_376' title='bbox 1089 1669 1117 1703; x_wconf 86' lang='lat' dir='ltr'><strong>A</strong></span> <span class='ocrx_word' id='word_1_377' title='bbox 1132 1696 1143 1713; x_wconf 93' lang='lat'><strong>,</strong></span> <span class='ocrx_word' id='word_1_378' title='bbox 1169 1673 1309 1712; x_wconf 76' lang='lat' dir='ltr'><strong>reduxi,</strong></span> <span class='ocrx_word' id='word_1_379' title='bbox 1340 1685 1422 1707; x_wconf 89' lang='lat' dir='ltr'><strong>cum</strong></span> <span class='ocrx_word' id='word_1_380' title='bbox 1447 1673 1553 1718; x_wconf 85' lang='lat' dir='ltr'><strong>glossa</strong></span> <span class='ocrx_word' id='word_1_381' title='bbox 1567 1700 1578 1718; x_wconf 91' lang='lat'><em>‚</em></span> <span class='ocrx_word' id='word_1_382' title='bbox 1606 1689 1623 1704; x_wconf 94' lang='lat'>«</span> <span class='ocrx_word' id='word_1_383' title='bbox 1646 1674 1692 1709; x_wconf 84' lang='lat' dir='ltr'><strong>ad</strong></span> 
     </span>
     <span class='ocr_line' id='line_1_67' title="bbox 1012 1720 1692 1772; baseline 0.01 -19"><span class='ocrx_word' id='word_1_384' title='bbox 1012 1720 1164 1755; x_wconf 88' lang='lat' dir='ltr'><strong>nihilum</strong></span> <span class='ocrx_word' id='word_1_385' title='bbox 1183 1736 1219 1764; x_wconf 85' lang='lat'><strong>»;</strong></span> <span class='ocrx_word' id='word_1_386' title='bbox 1244 1723 1375 1769; x_wconf 86' lang='lat' dir='ltr'><strong>Regius</strong></span> <span class='ocrx_word' id='word_1_387' title='bbox 1390 1725 1420 1759; x_wconf 94' lang='lat' dir='ltr'><strong>B</strong></span> <span class='ocrx_word' id='word_1_388' title='bbox 1431 1750 1441 1768; x_wconf 88' lang='lat'><strong>,</strong></span> <span class='ocrx_word' id='word_1_389' title='bbox 1461 1737 1480 1759; x_wconf 93' lang='lat' dir='ltr'><strong>a</strong></span> <span class='ocrx_word' id='word_1_390' title='bbox 1496 1737 1605 1760; x_wconf 84' lang='lat' dir='ltr'><strong>manu</strong></span> <span class='ocrx_word' id='word_1_391' title='bbox 1620 1726 1692 1772; x_wconf 88' lang='lat' dir='ltr'><strong>pri—</strong></span> 
     </span>
     <span class='ocr_line' id='line_1_68' title="bbox 1013 1775 1690 1822; baseline 0.013 -19"><span class='ocrx_word' id='word_1_392' title='bbox 1013 1783 1091 1814; x_wconf 86' lang='lat' dir='ltr'><strong>ma,</strong></span> <span class='ocrx_word' id='word_1_393' title='bbox 1109 1777 1254 1815; x_wconf 74' lang='lat' dir='ltr'><strong>revinxi,</strong></span> <span class='ocrx_word' id='word_1_394' title='bbox 1277 1787 1359 1809; x_wconf 91' lang='lat' dir='ltr'><strong>cum</strong></span> <span class='ocrx_word' id='word_1_395' title='bbox 1376 1775 1484 1821; x_wconf 83' lang='lat' dir='ltr'><strong>glossa</strong></span> <span class='ocrx_word' id='word_1_396' title='bbox 1495 1801 1504 1819; x_wconf 93' lang='lat'><strong>,</strong></span> <span class='ocrx_word' id='word_1_397' title='bbox 1524 1791 1541 1806; x_wconf 92' lang='lat'>«</span> <span class='ocrx_word' id='word_1_398' title='bbox 1559 1777 1596 1811; x_wconf 91' lang='lat' dir='ltr'><strong>in</strong></span> <span class='ocrx_word' id='word_1_399' title='bbox 1614 1777 1690 1822; x_wconf 86' lang='lat' dir='ltr'><strong>pul-</strong></span> 
     </span>
     <span class='ocr_line' id='line_1_69' title="bbox 1012 1827 1691 1867; baseline 0.015 -10"><span class='ocrx_word' id='word_1_400' title='bbox 1012 1837 1144 1859; x_wconf 85' lang='lat' dir='ltr'><strong>verem.</strong></span> <span class='ocrx_word' id='word_1_401' title='bbox 1166 1839 1183 1856; x_wconf 65' lang='grc' dir='ltr'><strong>»ι</strong></span> <span class='ocrx_word' id='word_1_402' title='bbox 1209 1844 1252 1852; x_wconf 83' lang='grc'>-</span> <span class='ocrx_word' id='word_1_403' title='bbox 1281 1827 1459 1864; x_wconf 80' lang='lat' dir='ltr'><strong>Caeterum</strong></span> <span class='ocrx_word' id='word_1_404' title='bbox 1490 1830 1691 1867; x_wconf 82' lang='lat' dir='ltr'><strong>Schirachio</strong></span> 
     </span>
     <span class='ocr_line' id='line_1_70' title="bbox 1011 1876 1687 1926; baseline 0.012 -16"><span class='ocrx_word' id='word_1_405' title='bbox 1011 1876 1111 1911; x_wconf 89' lang='lat' dir='ltr'><strong>valde</strong></span> <span class='ocrx_word' id='word_1_406' title='bbox 1137 1877 1292 1924; x_wconf 86' lang='lat' dir='ltr'><strong>displicet</strong></span> <span class='ocrx_word' id='word_1_407' title='bbox 1317 1880 1430 1914; x_wconf 90' lang='lat' dir='ltr'><strong>omnis</strong></span> <span class='ocrx_word' id='word_1_408' title='bbox 1456 1881 1530 1916; x_wconf 77' lang='lat' dir='ltr'><strong>haec</strong></span> <span class='ocrx_word' id='word_1_409' title='bbox 1553 1884 1662 1918; x_wconf 88' lang='lat' dir='ltr'><strong>oratio</strong></span> <span class='ocrx_word' id='word_1_410' title='bbox 1677 1909 1687 1926; x_wconf 87' lang='lat'><strong>,</strong></span> 
     </span>
     <span class='ocr_line' id='line_1_71' title="bbox 1012 1928 1689 1978; baseline 0.013 -16"><span class='ocrx_word' id='word_1_411' title='bbox 1012 1941 1079 1974; x_wconf 92' lang='lat' dir='ltr'><strong>qua</strong></span> <span class='ocrx_word' id='word_1_412' title='bbox 1092 1928 1263 1965; x_wconf 90' lang='lat' dir='ltr'><strong>Hercules</strong></span> <span class='ocrx_word' id='word_1_413' title='bbox 1274 1931 1368 1966; x_wconf 89' lang='lat' dir='ltr'><strong>inter</strong></span> <span class='ocrx_word' id='word_1_414' title='bbox 1377 1933 1608 1978; x_wconf 77' lang='lat' dir='ltr'><strong>pugnandum</strong></span> <span class='ocrx_word' id='word_1_415' title='bbox 1618 1948 1689 1970; x_wconf 89' lang='lat' dir='ltr'><strong>cer-</strong></span> 
     </span>
     <span class='ocr_line' id='line_1_72' title="bbox 1011 1981 1685 2031; baseline 0.01 -17"><span class='ocrx_word' id='word_1_416' title='bbox 1011 1988 1131 2015; x_wconf 83' lang='lat' dir='ltr'><strong>tamen</strong></span> <span class='ocrx_word' id='word_1_417' title='bbox 1153 1981 1239 2015; x_wconf 89' lang='lat' dir='ltr'><strong>illud</strong></span> <span class='ocrx_word' id='word_1_418' title='bbox 1254 2008 1263 2025; x_wconf 93' lang='lat'><strong>,</strong></span> <span class='ocrx_word' id='word_1_419' title='bbox 1291 1990 1459 2028; x_wconf 83' lang='lat' dir='ltr'><strong>tanquam</strong></span> <span class='ocrx_word' id='word_1_420' title='bbox 1479 1984 1657 2021; x_wconf 86' lang='lat' dir='ltr'><strong>historicus</strong></span> <span class='ocrx_word' id='word_1_421' title='bbox 1675 2014 1685 2031; x_wconf 93' lang='lat'><strong>,</strong></span> 
     </span>
     <span class='ocr_line' id='line_1_73' title="bbox 1010 2032 1686 2083; baseline 0.01 -17"><span class='ocrx_word' id='word_1_422' title='bbox 1010 2039 1167 2067; x_wconf 84' lang='lat' dir='ltr'><strong>accurate</strong></span> <span class='ocrx_word' id='word_1_423' title='bbox 1183 2032 1411 2078; x_wconf 84' lang='lat' dir='ltr'><strong>descripserit.</strong></span> <span class='ocrx_word' id='word_1_424' title='bbox 1431 2034 1532 2069; x_wconf 91' lang='lat' dir='ltr'><strong>Idem</strong></span> <span class='ocrx_word' id='word_1_425' title='bbox 1548 2044 1686 2083; x_wconf 82' lang='lat' dir='ltr'><strong>censet,</strong></span> 
     </span>
     <span class='ocr_line' id='line_1_74' title="bbox 1009 2083 1687 2127; baseline 0.009 -11"><span class='ocrx_word' id='word_1_426' title='bbox 1009 2083 1114 2117; x_wconf 87' lang='lat' dir='ltr'><strong>verba</strong></span> <span class='ocrx_word' id='word_1_427' title='bbox 1130 2087 1261 2127; x_wconf 71' lang='lat' dir='ltr'><strong>gemino</strong></span> <span class='ocrx_word' id='word_1_428' title='bbox 1278 2086 1405 2118; x_wconf 71' lang='lat' dir='ltr'><strong>herede</strong></span> <span class='ocrx_word' id='word_1_429' title='bbox 1417 2092 1453 2119; x_wconf 84' lang='lat' dir='ltr'><strong>et</strong></span> <span class='ocrx_word' id='word_1_430' title='bbox 1468 2099 1633 2121; x_wconf 83' lang='lat' dir='ltr'><strong>ramosam</strong></span> <span class='ocrx_word' id='word_1_431' title='bbox 1649 2088 1687 2123; x_wconf 87' lang='lat' dir='ltr'><strong>in</strong></span> 
     </span>
     <span class='ocr_line' id='line_1_75' title="bbox 1009 2133 1686 2183; baseline 0.009 -15"><span class='ocrx_word' id='word_1_432' title='bbox 1009 2133 1075 2168; x_wconf 89' lang='lat' dir='ltr'><strong>oda</strong></span> <span class='ocrx_word' id='word_1_433' title='bbox 1103 2142 1162 2169; x_wconf 89' lang='lat' dir='ltr'><strong>aut</strong></span> <span class='ocrx_word' id='word_1_434' title='bbox 1184 2135 1220 2169; x_wconf 89' lang='lat' dir='ltr'><strong>in</strong></span> <span class='ocrx_word' id='word_1_435' title='bbox 1242 2136 1399 2171; x_wconf 85' lang='lat' dir='ltr'><strong>carmine</strong></span> <span class='ocrx_word' id='word_1_436' title='bbox 1430 2139 1527 2183; x_wconf 90' lang='lat' dir='ltr'><strong>epico</strong></span> <span class='ocrx_word' id='word_1_437' title='bbox 1554 2139 1686 2175; x_wconf 80' lang='lat' dir='ltr'><strong>facilius</strong></span> 
     </span>
     <span class='ocr_line' id='line_1_76' title="bbox 1007 2187 1683 2237; baseline 0.009 -16"><span class='ocrx_word' id='word_1_438' title='bbox 1007 2187 1091 2221; x_wconf 82' lang='lat' dir='ltr'><strong>ferri</strong></span> <span class='ocrx_word' id='word_1_439' title='bbox 1103 2214 1112 2231; x_wconf 89' lang='lat'><strong>,</strong></span> <span class='ocrx_word' id='word_1_440' title='bbox 1129 2200 1236 2232; x_wconf 89' lang='lat' dir='ltr'><strong>quam</strong></span> <span class='ocrx_word' id='word_1_441' title='bbox 1249 2189 1285 2223; x_wconf 87' lang='lat' dir='ltr'><strong>in</strong></span> <span class='ocrx_word' id='word_1_442' title='bbox 1303 2188 1369 2224; x_wconf 85' lang='lat' dir='ltr'><strong>hac</strong></span> <span class='ocrx_word' id='word_1_443' title='bbox 1383 2191 1539 2225; x_wconf 89' lang='lat' dir='ltr'><strong>oratione</strong></span> <span class='ocrx_word' id='word_1_444' title='bbox 1553 2218 1562 2235; x_wconf 93' lang='lat'><strong>,</strong></span> <span class='ocrx_word' id='word_1_445' title='bbox 1581 2199 1683 2237; x_wconf 87' lang='lat' dir='ltr'><strong>atque</strong></span> 
     </span>
     <span class='ocr_line' id='line_1_77' title="bbox 1006 2239 1684 2278; baseline 0.007 -5"><span class='ocrx_word' id='word_1_446' title='bbox 1006 2239 1114 2273; x_wconf 84' lang='lat' dir='ltr'><strong>etiam</strong></span> <span class='ocrx_word' id='word_1_447' title='bbox 1128 2240 1243 2275; x_wconf 87' lang='lat' dir='ltr'><strong>lusum</strong></span> <span class='ocrx_word' id='word_1_448' title='bbox 1257 2241 1356 2275; x_wconf 90' lang='lat' dir='ltr'><strong>illum</strong></span> <span class='ocrx_word' id='word_1_449' title='bbox 1372 2244 1489 2277; x_wconf 81' lang='lat' dir='ltr'><strong>domui</strong></span> <span class='ocrx_word' id='word_1_450' title='bbox 1498 2246 1684 2278; x_wconf 81' lang='lat' dir='ltr'><em>domitam-</em></span> 
     </span>
     <span class='ocr_line' id='line_1_78' title="bbox 1006 2293 1684 2339; baseline 0.009 -14"><span class='ocrx_word' id='word_1_451' title='bbox 1006 2305 1068 2336; x_wconf 81' lang='lat' dir='ltr'><strong>que</strong></span> <span class='ocrx_word' id='word_1_452' title='bbox 1083 2296 1213 2336; x_wconf 81' lang='lat' dir='ltr'><strong>peremi</strong></span> <span class='ocrx_word' id='word_1_453' title='bbox 1229 2293 1399 2328; x_wconf 89' lang='lat' dir='ltr'><strong>dedecere</strong></span> <span class='ocrx_word' id='word_1_454' title='bbox 1416 2295 1608 2330; x_wconf 82' lang='lat' dir='ltr'><strong>Herculem</strong></span> <span class='ocrx_word' id='word_1_455' title='bbox 1620 2321 1629 2339; x_wconf 90' lang='lat'><strong>,</strong></span> <span class='ocrx_word' id='word_1_456' title='bbox 1647 2303 1684 2332; x_wconf 82' lang='lat' dir='ltr'><strong>et</strong></span> 
     </span>
     <span class='ocr_line' id='line_1_79' title="bbox 1006 2347 1682 2394; baseline 0.004 -13"><span class='ocrx_word' id='word_1_457' title='bbox 1006 2360 1078 2381; x_wconf 88' lang='lat' dir='ltr'><strong>esse</strong></span> <span class='ocrx_word' id='word_1_458' title='bbox 1086 2347 1251 2393; x_wconf 88' lang='lat' dir='ltr'><strong>frigidum</strong></span> <span class='ocrx_word' id='word_1_459' title='bbox 1263 2363 1271 2390; x_wconf 87' lang='grc'>;</span> <span class='ocrx_word' id='word_1_460' title='bbox 1283 2361 1319 2383; x_wconf 89' lang='lat' dir='ltr'><strong>se</strong></span> <span class='ocrx_word' id='word_1_461' title='bbox 1327 2361 1410 2394; x_wconf 82' lang='lat' dir='ltr'><strong>ergo</strong></span> <span class='ocrx_word' id='word_1_462' title='bbox 1418 2348 1515 2383; x_wconf 86' lang='lat' dir='ltr'><strong>valde</strong></span> <span class='ocrx_word' id='word_1_463' title='bbox 1523 2348 1682 2384; x_wconf 86' lang='lat' dir='ltr'><strong>dubitare</strong></span> 
     </span>
     <span class='ocr_line' id='line_1_80' title="bbox 1006 2398 1682 2445; baseline 0.004 -12"><span class='ocrx_word' id='word_1_464' title='bbox 1006 2398 1049 2433; x_wconf 91' lang='lat' dir='ltr'><strong>de</strong></span> <span class='ocrx_word' id='word_1_465' title='bbox 1067 2399 1236 2445; x_wconf 84' lang='lat' dir='ltr'><strong>elegantia</strong></span> <span class='ocrx_word' id='word_1_466' title='bbox 1255 2400 1358 2445; x_wconf 77' lang='lat' dir='ltr'><strong>hujus</strong></span> <span class='ocrx_word' id='word_1_467' title='bbox 1371 2400 1450 2442; x_wconf 88' lang='lat' dir='ltr'><strong>loci,</strong></span> <span class='ocrx_word' id='word_1_468' title='bbox 1467 2413 1573 2444; x_wconf 86' lang='lat' dir='ltr'><strong>quem</strong></span> <span class='ocrx_word' id='word_1_469' title='bbox 1585 2400 1682 2436; x_wconf 88' lang='lat' dir='ltr'><strong>Ovi—</strong></span> 
     </span>
     <span class='ocr_line' id='line_1_81' title="bbox 1005 2451 1681 2497; baseline 0.003 -11"><span class='ocrx_word' id='word_1_470' title='bbox 1005 2451 1093 2495; x_wconf 86' lang='lat' dir='ltr'><strong>dius,</strong></span> <span class='ocrx_word' id='word_1_471' title='bbox 1110 2452 1136 2486; x_wconf 90' lang='lat' dir='ltr'><strong>si</strong></span> <span class='ocrx_word' id='word_1_472' title='bbox 1151 2465 1214 2497; x_wconf 91' lang='lat' dir='ltr'><strong>per</strong></span> <span class='ocrx_word' id='word_1_473' title='bbox 1223 2453 1291 2487; x_wconf 80' lang='lat' dir='ltr'><strong>sata</strong></span> <span class='ocrx_word' id='word_1_474' title='bbox 1302 2452 1462 2494; x_wconf 83' lang='lat' dir='ltr'><strong>licuisset,</strong></span> <span class='ocrx_word' id='word_1_475' title='bbox 1473 2451 1565 2486; x_wconf 86' lang='lat' dir='ltr'><strong>haud</strong></span> <span class='ocrx_word' id='word_1_476' title='bbox 1577 2452 1681 2488; x_wconf 84' lang='lat' dir='ltr'><strong>dubie</strong></span> 
     </span>
     <span class='ocr_line' id='line_1_82' title="bbox 1005 2503 1681 2539; baseline 0.001 -1"><span class='ocrx_word' id='word_1_477' title='bbox 1005 2503 1256 2538; x_wconf 86' lang='lat' dir='ltr'><strong>emendaturus</strong></span> <span class='ocrx_word' id='word_1_478' title='bbox 1270 2503 1398 2538; x_wconf 87' lang='lat' dir='ltr'><strong>suisset.</strong></span> <span class='ocrx_word' id='word_1_479' title='bbox 1424 2504 1511 2538; x_wconf 85' lang='lat' dir='ltr'><strong>Haec</strong></span> <span class='ocrx_word' id='word_1_480' title='bbox 1526 2504 1594 2539; x_wconf 85' lang='lat' dir='ltr'><strong>ille.</strong></span> <span class='ocrx_word' id='word_1_481' title='bbox 1609 2505 1681 2539; x_wconf 84' lang='lat' dir='ltr'><strong>Vi·—</strong></span> 
     </span>
     <span class='ocr_line' id='line_1_83' title="bbox 1005 2554 1682 2599; baseline 0.001 -9"><span class='ocrx_word' id='word_1_482' title='bbox 1005 2555 1149 2590; x_wconf 89' lang='lat' dir='ltr'><strong>deamus</strong></span> <span class='ocrx_word' id='word_1_483' title='bbox 1170 2562 1288 2590; x_wconf 87' lang='lat' dir='ltr'><strong>tamen</strong></span> <span class='ocrx_word' id='word_1_484' title='bbox 1302 2580 1311 2598; x_wconf 89' lang='lat'>‚</span> <span class='ocrx_word' id='word_1_485' title='bbox 1338 2554 1422 2599; x_wconf 78' lang='lat' dir='ltr'><strong>quid</strong></span> <span class='ocrx_word' id='word_1_486' title='bbox 1442 2555 1483 2589; x_wconf 88' lang='lat' dir='ltr'><strong>ad</strong></span> <span class='ocrx_word' id='word_1_487' title='bbox 1508 2569 1682 2591; x_wconf 85' lang='lat' dir='ltr'><strong>excusan-</strong></span> 
     </span>
     <span class='ocr_line' id='line_1_84' title="bbox 1005 2606 1678 2653; baseline 0.003 -12"><span class='ocrx_word' id='word_1_488' title='bbox 1005 2607 1091 2642; x_wconf 89' lang='lat' dir='ltr'><strong>dum</strong></span> <span class='ocrx_word' id='word_1_489' title='bbox 1117 2614 1255 2653; x_wconf 86' lang='lat' dir='ltr'><strong>poetam</strong></span> <span class='ocrx_word' id='word_1_490' title='bbox 1279 2606 1346 2640; x_wconf 86' lang='lat' dir='ltr'><strong>dici</strong></span> <span class='ocrx_word' id='word_1_491' title='bbox 1371 2614 1484 2651; x_wconf 84' lang='lat' dir='ltr'><strong>queat.</strong></span> <span class='ocrx_word' id='word_1_492' title='bbox 1516 2608 1678 2642; x_wconf 89' lang='lat' dir='ltr'><strong>Primum</strong></span> 
     </span>
     <span class='ocr_line' id='line_1_85' title="bbox 1003 2659 1676 2704; baseline 0.001 -11"><span class='ocrx_word' id='word_1_493' title='bbox 1003 2660 1174 2694; x_wconf 74' lang='lat' dir='ltr'><strong>Hercules</strong></span> <span class='ocrx_word' id='word_1_494' title='bbox 1195 2671 1268 2693; x_wconf 90' lang='lat' dir='ltr'><strong>non</strong></span> <span class='ocrx_word' id='word_1_495' title='bbox 1298 2671 1458 2704; x_wconf 86' lang='lat' dir='ltr'><strong>pugnans</strong></span> <span class='ocrx_word' id='word_1_496' title='bbox 1479 2659 1553 2694; x_wconf 87' lang='lat' dir='ltr'><strong>haec</strong></span> <span class='ocrx_word' id='word_1_497' title='bbox 1569 2659 1651 2694; x_wconf 85' lang='lat' dir='ltr'><strong>dicit</strong></span> <span class='ocrx_word' id='word_1_498' title='bbox 1667 2686 1676 2703; x_wconf 87' lang='lat'><strong>,</strong></span> 
     </span>
     <span class='ocr_line' id='line_1_86' title="bbox 1001 2711 1678 2757; baseline 0 -11"><span class='ocrx_word' id='word_1_499' title='bbox 1001 2712 1061 2747; x_wconf 87' lang='lat' dir='ltr'><strong>sed</strong></span> <span class='ocrx_word' id='word_1_500' title='bbox 1088 2719 1265 2757; x_wconf 87' lang='lat' dir='ltr'><strong>spectans,</strong></span> <span class='ocrx_word' id='word_1_501' title='bbox 1292 2718 1328 2746; x_wconf 89' lang='lat' dir='ltr'><strong>et</strong></span> <span class='ocrx_word' id='word_1_502' title='bbox 1348 2711 1468 2747; x_wconf 88' lang='lat' dir='ltr'><strong>ridens</strong></span> <span class='ocrx_word' id='word_1_503' title='bbox 1492 2712 1576 2747; x_wconf 82' lang='lat' dir='ltr'><strong>novi·</strong></span> <span class='ocrx_word' id='word_1_504' title='bbox 1597 2725 1678 2747; x_wconf 88' lang='lat' dir='ltr'><strong>ser-</strong></span> 
     </span>
     <span class='ocr_line' id='line_1_87' title="bbox 1001 2764 1676 2810; baseline -0.001 -11"><span class='ocrx_word' id='word_1_505' title='bbox 1001 2765 1115 2810; x_wconf 88' lang='lat' dir='ltr'><strong>pentis</strong></span> <span class='ocrx_word' id='word_1_506' title='bbox 1124 2764 1308 2799; x_wconf 86' lang='lat' dir='ltr'><strong>stridorem</strong></span> <span class='ocrx_word' id='word_1_507' title='bbox 1317 2790 1326 2807; x_wconf 92' lang='lat'><em>‚</em></span> <span class='ocrx_word' id='word_1_508' title='bbox 1344 2765 1442 2808; x_wconf 85' lang='lat' dir='ltr'><strong>cujus</strong></span> <span class='ocrx_word' id='word_1_509' title='bbox 1454 2764 1633 2810; x_wconf 86' lang='lat' dir='ltr'><strong>adspectus</strong></span> <span class='ocrx_word' id='word_1_510' title='bbox 1644 2764 1676 2798; x_wconf 90' lang='lat' dir='ltr'><strong>ei</strong></span> 
     </span>
     <span class='ocr_line' id='line_1_88' title="bbox 1002 2817 1675 2855; baseline 0 -3"><span class='ocrx_word' id='word_1_511' title='bbox 1002 2817 1192 2853; x_wconf 81' lang='lat' dir='ltr'><strong>necessario</strong></span> <span class='ocrx_word' id='word_1_512' title='bbox 1214 2817 1251 2852; x_wconf 85' lang='lat' dir='ltr'><strong>in</strong></span> <span class='ocrx_word' id='word_1_513' title='bbox 1270 2818 1478 2853; x_wconf 85' lang='lat' dir='ltr'><strong>memoriam</strong></span> <span class='ocrx_word' id='word_1_514' title='bbox 1495 2817 1675 2855; x_wconf 75' lang='lat' dir='ltr'><strong>revocabat</strong></span> 
     </span>
    </p>
   </div>
  </div>
 </body>
</html>
