1820 3106
325 182 1029 242 ‘METAMORPHosEoN
1067 197 1197 242 Lm.
1236 200 1388 244 v111.

1522 201 1578 244 63

159 293 189 340 J
194 292 285 342 uris
305 292 441 342 habet
459 276 615 359 :pater
638 289 771 358 hujus
793 304 913 350 erat,
942 292 1018 359 qui
1040 293 1222 341 numina
1243 295 1405 343 Divum

161 370 422 437 Sperneret,
446 381 491 419 et
510 368 660 419 nullos
681 370 768 419 aris
792 369 991 419 adoleret
1014 370 1222 420 honores.

1520 374 1586 435 746

161 447 243 496 Ille
261 447 390 496 etiam
413 447 591 498 Cereale
612 467 768 498 nemus
788 447 978 497 violasse
1004 448 1146 497 securi

162 524 363 583 Dicitur,
389 537 434 574 et
455 524 582 575 lucos
603 526 719 574 ferro
745 538 978 575 temerasse
1001 537 1213 575 vetustos.

162 602 319 652 Stabat
339 603 388 652 in
406 603 479 653 his
501 604 659 668 ingens
683 623 855 654 annoso
877 604 1041 653 robore
1066 624 1254 671 quercus
1271 643 1282 664 ,

163 729 264 765 dicat.
277 730 333 766 De
347 730 510 780 Autolyci
527 731 605 766 satis
620 731 698 766 vide
710 730 845 779 Hygini

162 782 294 818 fabulas
307 795 372 817 200
383 809 393 826 ,
408 796 483 818 ποι.
507 783 579 818 Sed
595 785 630 819 in
648 784 714 819 hac
727 783 844 819 sabula

163 835 351 870 notabilius
373 843 423 871 est
445 838 696 871 Enzcichtbomtv
711 837 844 872 facinus

163 895 199 924 et
205 889 324 934 sames
337 917 344 931 ,
363 902 468 935 quam
483 891 628 926 Mestrae
643 898 844 926 metamor-

163 939 290 986 phosis.
306 942 525 976 Erisichtbon
544 942 639 977 enim
656 968 665 985 ,
685 942 843 978 Thessa—

164 992 230 1036 lus,
240 992 381 1038 Triopae
389 987 492 1038 filius,
502 1007 615 1039 quum
624 993 773 1029 domum
782 994 845 1029 sibi

163 1051 298 1080 struere
316 1046 420 1081 vellet
433 1072 442 1089 ,
460 1047 600 1081 arbores
621 1046 658 1081 in
677 1047 756 1081 luco
777 1060 846 1081 ve-

165 1104 259 1133 tusto
271 1105 307 1133 et
320 1097 551 1146 Cereripacro
561 1098 846 1145 caedit.Triopam

166 1149 234 1185 hoc
248 1150 367 1186 secisse
390 1151 535 1186 tradunt
555 1151 718 1186 Herodes
740 1151 845 1187 Attic.

163 1202 205 1237 in
223 1202 383 1249 Inscript.
400 1210 436 1238 et
457 1205 619 1252 Hyginus
631 1231 640 1248 ,
667 1206 706 1240 Ρ.
726 1206 769 1239 Α.
787 1205 822 1240 11
837 1232 846 1249 ,

171 1258 230 1300 ¹4³
249 1256 328 1291 vide
340 1264 458 1292 tamen
473 1257 683 1293 Salmasium
699 1258 743 1293 ad
755 1259 850 1293 illam

169 1309 331 1356 Inscript.
348 1319 384 1346 et
400 1312 594 1358 Spanhem.
612 1312 654 1347 ad
675 1311 851 1348 Callima-

170 1361 226 1398 chi
236 1362 412 1411 hymnum
425 1365 461 1399 in'
475 1364 558 1400 Cer.
568 1378 656 1400 vers.
670 1366 722 1409 24.
738 1365 767 1399 A
780 1378 849 1410 quo

171 1423 301 1451 conatu
307 1429 418 1462 quum
429 1429 496 1452 nec
503 1417 670 1464 prodigiis
678 1443 688 1460 ,
699 1430 765 1452 nec
774 1431 850 1463 pre-

170 1467 269 1504 cibus
286 1468 457 1504 deterreri
479 1477 592 1515 posset
604 1496 614 1514 ,
637 1469 747 1506 Ceres
764 1471 851 1506 irata

170 1520 204 1555 ei
219 1521 331 1566 injicit
346 1521 459 1556 diram
478 1523 610 1558 samem
624 1550 633 1567 ,
653 1537 721 1569 qua
741 1525 851 1559 absu-

170 1571 289 1608 mitur.
300 1571 446 1609 Confer.
455 1574 635 1610 Diodorus
646 1603 656 1620 ‚
669 1574 717 1619 V,
727 1589 760 1621 p.
771 1576 849 1619 331,

169 1623 208 1659 in
230 1625 421 1672 primisque
433 1625 675 1663 'Callimachus
691 1655 700 1673 ,
728 1628 852 1676 hymn.

170 1677 206 1712 in
222 1677 304 1713 Cer.
317 1691 403 1714 vers.
419 1679 506 1714 23-=
517 1680 576 1724 16,
593 1680 652 1726 qui
668 1688 704 1716 et
720 1681 792 1727 ipse
805 1682 852 1716 sa·

170 1732 290 1768 hulam
303 1733 441 1779 copiose
457 1734 643 1770 enarravit.
658 1734 755 1769 Hinc
767 1735 854 1770 Sca-

171 1784 260 1832 liger
269 1786 369 1822 Poet.
379 1787 428 1831 V,
441 1787 462 1821 8
472 1812 482 1831 ,
498 1793 686 1833 utramque
702 1786 855 1833 descrip-

171 1837 308 1873 tionem
329 1839 377 1874 ita
398 1840 636 1885 comparavit,
660 1847 700 1874 ut
715 1840 854 1886 princi—

172 1897 295 1936 patum
311 1890 466 1927 deferret
480 1891 524 1926 ad
538 1891 709 1927 Ovidium
723 1906 731 1934 ;
748 1905 855 1938 quam

172 1943 385 1978 sententiam
395 1956 469 1979 non
481 1945 641 1991 probavit
651 1945 803 1980 Ernesti.
822 1945 856 1980 Is

173 1996 272 2030 enim
285 2022 294 2040 ,
320 1995 358 2030 in
381 1996 538 2032 Excursu
556 1997 599 2032 ad
615 1997 793 2046 hymnum
818 1999 855 2033 in

115 2057 129 2061 “
178 2047 261 2085 Cer.
271 2049 448 2094 subjecto,
463 2062 540 2084 eam
552 2051 615 2085 sub
631 2063 777 2085 examen
793 2064 858 2085 vo-

176 2102 283 2146 cavit,
301 2101 489 2148 docuitque
503 2103 666 2148 iniquum
680 2104 783 2139 fuisse
799 2105 857 2149 ju-

178 2153 294 2189 dicem
318 2154 534 2201 Scaligerum
556 2155 595 2189 in
613 2155 857 2202 comparandis

178 2204 232 2240 his
247 2205 548 2252 descriptionibus.
567 2207 644 2253 lpse
666 2208 775 2253 magis
798 2208 858 2243 sa-

178 2270 262 2294 νει-ε
284 2257 423 2292 videtur
445 2256 660 2294 Callimacho
676 2272 750 2295 suo.
768 2260 860 2295 For-

180 2318 267 2347 tasse
283 2323 340 2346 res
355 2310 403 2345 ita
418 2311 571 2357 expediri
588 2318 711 2357 potest.
731 2312 860 2348 Studet

183 2362 418 2399 Callimachus
444 2375 591 2399 summae
622 2364 858 2410 simplicitati,

180 2430 287 2464 quam
316 2416 468 2464 postulat
497 2416 714 2464 hymnorum
741 2417 830 2452 ratio
851 2432 860 2460 ;

181 2469 332 2506 Ovidius
341 2476 464 2504 contra
478 2468 511 2503 id
527 2468 614 2514 agit,
626 2475 665 2503 ut
677 2468 863 2503 omniain-

182 2524 276 2571 genii
291 2524 345 2559 sui
360 2523 552 2558 luminibus
569 2529 725 2557 exornet.
744 2521 863 2558 Habet

181 2576 291 2622 igitur
312 2581 461 2621 uterque
482 2587 559 2611 suas
586 2574 622 2608 in
649 2586 712 2609 suo
735 2586 863 2619 genere

182 2628 350 2670 virtutes;
372 2628 488 2673 plures
504 2634 622 2662 tamen
639 2632 674 2660 et
690 2625 840 2670 majores
855 2650 863 2668 ,

186 2688 226 2716 ut
243 2680 406 2726 equidem
424 2681 575 2716 arbitror
587 2707 597 2724 ‚
616 2678 778 2715 Ovidius.

231 2733 306 2780 739.
316 2735 464 2769 Numina
474 2735 597 2769 Divum
607 2760 615 2775 ‚
633 2731 867 2767 Divos—lio-

910 740 1008 763 nores
1017 727 1174 774 dignius,
1189 742 1293 774 quam
1302 757 1312 775 ,
1324 732 1502 778 sacrificia,
1515 748 1591 781 quae

912 781 1099 816 adolentur
1128 782 1165 816 in
1197 783 1372 819 honorem
1400 783 1562 824 Deorum
1583 805 1589 833 ;

912 833 1078 879 Virgilius
1093 860 1102 878 ,
1128 834 1271 870 AEneid.
1294 836 1333 880 l,
1360 839 1422 885 49,
1440 843 1512 874 aris
1528 844 1595 875 im-

902 893 1012 930 ponat
1019 889 1194 931 honorcm;
1210 890 1351 934 Noster,
1364 891 1410 934 X,
1423 893 1501 938 681,
1511 899 1595 929 turis

909 941 1075 976 honorem.
1086 960 1130 967 —
1138 942 1209 977 Pro
1219 944 1359 978 honores
1368 944 1523 991 plerique
1535 961 1596 982 ve-

911 994 1076 1029 tustiores
1086 1020 1096 1036 ,
1110 998 1239 1030 odores.
1259 995 1380 1043 Codex
1398 998 1528 1045 Regius
1543 1001 1571 1036 B
1583 1029 1594 1044 ,

911 1047 1055 1080 odorem.
1073 1046 1121 1081 At
1139 1047 1232 1082 idem
1247 1049 1434 1095 Virgilius,
1452 1052 1595 1088 AEneid.

913 1097 970 1132 III
982 1123 991 1140 ,
1007 1099 1068 1144 547
1080 1111 1087 1132 :
1099 1100 1232 1134 Junont‘
1237 1101 1274 1134 A
1276 1105 1371 1145 rgl'voe
1370 1103 1493 1145 jussos
1503 1108 1595 1140 ado——

913 1150 1018 1182 (emus
1035 1151 1184 1184 honores.
1202 1151 1267 1186 Ed.

963 1204 1036 1248 741.
1064 1205 1201 1238 Cereale
1227 1188 1360 1240 nemus?
1379 1207 1486 1242 Juxta
1511 1208 1596 1243 Do-

916 1254 1006 1288 tium
1020 1281 1029 1298 ,
1048 1255 1174 1290 urbem
1191 1256 1378 1293 Thessaliae
1390 1285 1400 1302 ‚
1422 1260 1523 1304 prisci
1542 1261 1600 1294 in-

917 1307 1000 1342 colae
1027 1309 1142 1352 Cereri
1158 1318 1447 1346 consacraverant
1465 1325 1595 1354 nemus,

917 1358 1010 1403 quod
1027 1359 1198 1405 copiosius
1217 1360 1424 1396 describitur
1445 1376 1463 1398 a
1485 1363 1599 1398 Calli-

917 1412 1043 1448 macho
1053 1440 1062 1458 ,
1073 1427 1161 1449 vers.
1174 1415 1287 1461 27-30
1300 1429 1308 1450 t
1323 1429 1428 1462 quam
1443 1416 1600 1464 descrip-

916 1465 1052 1499 tionem
1063 1478 1080 1499 a
1092 1466 1223 1501 Nostro
1240 1467 1403 1502 omissam
1416 1481 1487 1503 esse
1499 1482 1600 1515 prop-

917 1524 1013 1553 terea
1025 1546 1034 1563 ,
1057 1519 1151 1565 quod
1170 1520 1240 1564 jam
1260 1520 1326 1554 alio
1341 1520 1418 1556 loco
1435 1535 1474 1555 ea
1492 1535 1600 1556 exor—

917 1570 1061 1606 natione
1079 1583 1160 1607 usus
1178 1572 1222 1607 sit
1234 1599 1243 1617 ‚
1263 1572 1404 1608 Ernesti
1421 1576 1601 1608 monet.—

925 1624 1061 1658 Violare
1076 1631 1111 1659 et
1125 1629 1283 1659 temerare
1298 1625 1515 1671 impietatem
1530 1626 1601 1661 de-

918 1674 1052 1711 clarant
1066 1676 1322 1713 Erisichthonis
1336 1705 1345 1721 ,
1364 1691 1432 1723 qua
1448 1678 1602 1713 caedebat

920 1728 1061 1764 arbores
1076 1742 1187 1764 sacras
1198 1756 1207 1772 ‚
1228 1730 1322 1776 quod
1339 1744 1519 1765 summum
1538 1745 1603 1766 ne-

920 1781 980 1816 sas.
998 1781 1053 1816 De
1074 1782 1182 1816 verbo
1199 1788 1359 1817 temerare
1379 1783 1420 1817 ad
1445 1784 1480 1819 11
1497 1810 1505 1827 ‚
1529 1787 1603 1831 59²-

925 1836 1098 1883 -Templum
1123 1835 1264 1871 Cereris
1286 1836 1443 1871 dirutum
1463 1850 1536 1871 esse
1561 1837 1603 1871 ab

923 1887 1169 1923 Erisichthone
1183 1915 1192 1932 ,
1218 1888 1326 1923 tradit
1354 1889 1538 1937 Hyginus,
1564 1889 1604 1924 P.

923 1939 967 1974 A.
984 1940 1044 1984 ΙΙ,
1067 1942 1106 1985 14
1118 1967 1127 1984 ,
1151 1953 1192 1975 ex
1207 1940 1289 1975 salsa
1306 1940 1400 1975 haud
1417 1938 1522 1976 d'ubie
1539 1941 1604 1976 in·-

923 1993 1174 2039 terpretatione
1192 1993 1284 2028 vocis
1299 1995 1438 2039 τέμενος,
1458 1994 1551 2040 quod
1570 2002 1606 2029 et

922 2045 1096 2092 templum
1107 2053 1142 2081 et
1149 2046 1267 2081 lucum
1275 2045 1353 2081 Diis
1362 2052 1604 2081 consecratum

923 2105 1043 2141 notan
1059 2098 1138 2133 vide
1159 2099 1386 2133 Perizonium
1411 2098 1451 2133 ad
1474 2098 1606 2146 AEliani

924 2152 959 2185 V
961 2164 1009 2186 ar.
1025 2150 1159 2187 Histor-
1175 2162 1214 2186 vl
1225 2178 1234 2195 ,
1259 2165 1287 2196 1,
1306 2165 1337 2197 p.
1354 2151 1429 2199 439.

970 2204 1044 2250 743.
1071 2205 1220 2248 Quercus
1236 2203 1345 2250 magis
1362 2203 1473 2249 placet
1490 2202 1607 2238 Scali—

926 2269 1010 2303 gero
1029 2263 1065 2291 et
1083 2256 1199 2291 Annae
1215 2256 1341 2300 Fabri,
1366 2269 1471 2301 quam
1492 2254 1608 2289 Calli-

925 2309 1041 2344 machi
1052 2312 1184 2360 αἴγειρος
1194 2336 1204 2353 ,
1218 2308 1250 2343 id
1265 2316 1316 2344 est
1328 2309 1474 2355 populus
1489 2308 1588 2354 nigra
1597 2335 1606 2350 ,

927 2362 1009 2407 quia
1025 2361 1098 2396 haec
1110 2361 1235 2396 sterilis
1246 2388 1256 2405 ,
1271 2374 1337 2395 nec
1355 2359 1546 2406 quidquam
1564 2360 1606 2394 ad

930 2415 1112 2451 Cererem.
1141 2415 1282 2450 Ernesti
1311 2420 1433 2449 contra
1457 2421 1580 2448 monet
1597 2440 1607 2457 ,

929 2480 1098 2514 quercum
1111 2495 1120 2512 ‚
1143 2469 1170 2503 si
1186 2469 1261 2513 quis
1278 2468 1344 2502 hoc
1361 2481 1485 2514 urgere
1502 2468 1584 2503 velit
1598 2495 1608 2511 ,

929 2533 1002 2554 non
1028 2519 1152 2554 decere
1174 2518 1344 2554 Cererem
1356 2546 1366 2564 ,
1392 2532 1468 2564 quae
1494 2519 1608 2554 dedo-

929 2568 1043 2608 cuerit
1057 2572 1218 2607 homines
1239 2572 1329 2606 vesci
1352 2571 1554 2618 glandibus,
1574 2580 1610 2608 et

929 2626 1108 2661 sterilitate
1118 2638 1179 2671 per
1189 2625 1278 2659 iram
1291 2624 1442 2660 immissa
1452 2633 1551 2672 cogat
1564 2627 1610 2660 sa-

932 2691 1028 2713 mem
1044 2677 1145 2713 solari
1162 2683 1304 2723 querc'u.
1322 2676 1454 2721 Addit,
1478 2681 1609 2727 alyn'pou

931 2730 1139 2766 vocabulum
1163 2730 1360 2775 antiquiore
1385 2742 1489 2764 sensu
1513 2729 1610 2764 acci-
