1820 3106
785 215 1414 233 mmmmm
1417 220 1591 235 WGW

388 347 468 416 P.
529 344 874 414 OVIDII
921 345 1357 417 NASONIS

231 512 1518 653 METAMORPHOSEON

316 703 570 761 LIBER
621 704 1009 794 DECIMUS
1061 706 1441 764 TERTIUS.

220 1071 274 1112 N.
298 1071 352 1112 B.
375 1070 659 1128 Argumentum
678 1072 793 1128 hujus
816 1073 924 1113 Libri
945 1074 1081 1114 decimi
1106 1075 1209 1115 tertii
1236 1076 1602 1130 Metamorphoseon

165 1148 327 1190 relatum
348 1149 519 1191 invenies
543 1149 584 1188 in
605 1150 701 1190 serie
721 1150 938 1203 CANTEm,
965 1159 1060 1192 tom.
1082 1152 1144 1191 III
1158 1181 1170 1203 ‚
1195 1166 1281 1207 pag.
1300 1151 1368 1201 [μ.

169 1355 283 1403 FAB.
305 1355 339 1401 I.
373 1331 680 1402 CONSEDERE
705 1353 839 1402 duces
855 1391 866 1412 ‚
892 1365 963 1412 et,
988 1352 1110 1416 vulgi
1135 1364 1278 1401 stante
1301 1373 1467 1404 corona
1482 1393 1495 1415 ‚

171 1429 327 1494 Surgit
346 1429 403 1479 ad
421 1429 507 1479 hos
525 1429 668 1497 clypei
690 1429 897 1479 dominus
918 1428 1220 1497 septemplicis
1245 1429 1371 1495 Ajax.

216 1546 336 1594 1-398.
346 1544 707 1589 Armorumjudidum.
723 1544 850 1579 Nobile

168 1597 254 1634 illud
268 1604 434 1633 certamen
457 1606 622 1632 armorum
645 1596 739 1632 inter
757 1597 851 1642 Aja-

167 1662 247 1686 cem
261 1649 511 1685 Telamonium
529 1656 566 1684 et
583 1648 765 1697 Ulyssem,
787 1662 852 1684 cu-

166 1703 223 1749 jus
239 1702 372 1739 occasio
389 1728 399 1746 ,
421 1702 479 1737 lib.
494 1702 567 1737 XII
583 1709 669 1736 extr.
687 1710 827 1737 narrata
838 1728 847 1746 ,

167 1756 267 1802 cujus
287 1756 460 1791 memoria
476 1755 538 1790 diu
559 1755 653 1790 inter
666 1755 850 1790 AEolenses

167 1809 318 1852 mansit,
341 1810 355 1853 (
372 1809 523 1844 Pausan.
543 1807 647 1842 Attic.
663 1821 696 1852 p.
718 1807 760 1842 86
777 1805 793 1852 )
816 1813 852 1841 et

169 1861 265 1908 quod
282 1875 301 1896 a
316 1860 436 1895 multis
452 1859 650 1894 auctoribus
666 1866 737 1893 tam
755 1871 852 1904 grae—

170 1915 218 1950 cis
233 1940 243 1957 ,
273 1925 380 1959 quam
406 1911 521 1947 latinis
540 1938 550 1954 ,
577 1917 764 1946 tractatum
790 1917 853 1945 est.

172 1967 426 2002 Tractaverant
441 1964 538 1999 enim
555 1962 622 2009 (ut
634 1963 783 1998 Homer.
798 1971 853 1999 ta·-

172 2032 270 2056 ceam
279 2044 290 2062 ,
301 2019 362 2065 qui
373 2017 446 2054 Od.
455 2024 499 2060 A„
512 2018 574 2061 542
585 2029 662 2063 sqq,
673 2017 748 2062 ejus
758 2029 855 2051 men-

173 2073 309 2109 tionem
328 2071 438 2114 sacit)
459 2070 626 2105 Arctinus
649 2071 686 2105 in
704 2070 855 2105 AEthio-

174 2125 255 2173 pide
271 2131 374 2170 atque
385 2123 533 2160 Lesches
550 2123 585 2158 in
599 2124 755 2159 carmine
773 2119 856 2163 ἰλιὰς

175 2180 291 2229 μαρὰ,
312 2184 378 2212 etc.
398 2175 583 2223 AEschylus
602 2170 712 2214 ὁτι-λων
733 2182 853 2226 κρίσιν,

175 2230 355 2266 docuerat.
371 2229 518 2264 Exstant
534 2228 647 2264 adhuc
664 2228 855 2264 Antisthe—

175 2284 230 2320 nis
246 2283 517 2319 declamationes
537 2280 631 2325 duae,
647 2281 753 2316 altera
767 2282 857 2327 Aja-

174 2335 392 2383 cis,·Ulyssis
409 2335 517 2370 altera
532 2346 541 2368 t
556 2333 635 2368 vide
652 2333 855 2378 Reiskium‚

175 2389 293 2426 Oratt.
316 2401 415 2435 graec.
439 2395 525 2423 tom.
542 2387 646 2423 VIII.
671 2387 702 2422 E
725 2387 856 2423 Latinis

177 2441 349 2477 Pacuvius
358 2448 393 2476 et
402 2441 518 2476 Attius
531 2439 664 2474 fabulas
671 2439 855 2484 dederant,

179 2494 306 2540 quibus
318 2506 452 2528 nomen
467 2492 551 2536 fuit,
569 2493 747 2527 Armorum
753 2492 855 2537 judi-

179 2550 277 2582 cium.
295 2545 504 2581 Timanthes
520 2545 627 2580 etiam
645 2554 681 2580 et
698 2544 857 2580 Parrha-

179 2598 250 2633 sius
262 2598 410 2644 pictores
427 2603 645 2632 certaverant
663 2597 699 2631 in
715 2596 780 2631 hoc
794 2597 858 2643 ju·-

181 2651 270 2687 dicio
299 2650 528 2697 exprimendo
546 2677 556 2694 ,
589 2657 623 2685 et
657 2649 859 2686 Parrhasius

180 2704 296 2739 herois
307 2704 452 2738 nomine
464 2702 610 2738 moleste
619 2716 655 2738 se
666 2702 759 2737 serre
771 2702 860 2738 dice-

182 2758 239 2793 bat
250 2784 259 2802 ,
278 2757 374 2804 quod
391 2757 518 2792 iterum
532 2756 574 2791 ab
590 2755 736 2800 indigno
751 2755 859 2790 victus

916 1551 1027 1586 esset;
1054 1543 1210 1588 Plinius,
1234 1544 1392 1589 XXXV,
1418 1558 1468 1580 ιο.
1489 1545 1561 1582 Sed
1580 1562 1600 1584 e

916 1597 1029 1643 poetis
1048 1603 1177 1642 praeter
1194 1595 1365 1631 Ovidium
1387 1611 1479 1633 unus
1494 1607 1601 1636 restat

918 1649 1079 1693 Quintus
1099 1647 1272 1692 Calaber,
1295 1650 1354 1695 qui
1374 1651 1524 1697 Paralip.
1542 1652 1601 1689 lib,

918 1701 971 1745 V,
990 1714 1038 1735 vs.
1063 1700 1236 1742 180-316‚
1256 1700 1293 1734 in
1311 1700 1378 1736 hoc
1391 1710 1601 1747 argumento

917 1753 1101 1798 ingenium
1127 1754 1281 1788 exercuit
1301 1780 1310 1798 ,
1342 1768 1449 1800 quem
1481 1763 1601 1793 tamen

918 1805 1117 1850 longissime
1145 1812 1222 1850 post
1246 1819 1282 1840 se
1313 1806 1480 1852 relinquit
1505 1808 1602 1844 Ovi-

918 1857 1005 1892 dius.
1023 1858 1321 1892 Praestantissimae
1338 1859 1433 1893 enim
1449 1868 1532 1896 sunt
1549 1862 1603 1898 hae

918 1911 1095 1946 orationes
1114 1918 1149 1946 et
1166 1918 1310 1946 moratae
1326 1911 1496 1957 inprimis.
1517 1915 1605 1960 Ajax

918 1964 1006 1998 iram
1017 1976 1116 1998 suam
1126 1963 1163 1997 in
1172 1963 1335 2010 Ulyssem
1346 1966 1491 2011 evomit,
1503 1967 1605 2017 Ulys-

919 2029 973 2051 ses
995 2023 1118 2051 contra
1141 2015 1262 2050 callide¹
1286 2023 1322 2051 et
1344 2015 1492 2054 facunde
1521 2034 1607 2056 cau-

919 2080 995 2102 sam
1009 2081 1109 2103 suam
1126 2067 1205 2113 agit.
1228 2068 1390 2114 Uterque
1410 2072 1521 2107 utitur
1538 2073 1579 2108 iis
1595 2101 1604 2118 ‚

921 2133 1000 2166 quae
1019 2121 1295 2167 periclitantibus
1315 2123 1437 2158 suadet
1457 2124 1608 2170 Quinti-

920 2174 1054 2219 liauus,
1077 2175 1162 2210 Inst.
1178 2174 1231 2209 VI
1245 2200 1255 2218 ,
1278 2188 1290 2208 ι
1315 2188 1325 2210 ι
1347 2190 1364 2206 «
1389 2177 1605 2215 Periclitan-

923 2241 940 2258 »
959 2233 1032 2262 tem
1048 2240 1131 2262 vero
1142 2227 1369 2263 commendat
1382 2228 1530 2275 dignitas
1542 2258 1551 2276 ,
1570 2240 1606 2268 et

922 2294 941 2311 »
961 2280 1075 2315 studia
1101 2280 1205 2315 sortia
1224 2307 1233 2324 ,
1264 2287 1299 2315 et
1323 2289 1490 2328 susceptae
1514 2285 1606 2320 bello

923 2347 941 2364 ι»
960 2334 1137 2369 cicatrices
1151 2360 1160 2377 ,
1185 2341 1220 2368 et
1239 2334 1399 2370 nobilitas
1422 2343 1458 2371 et
1479 2339 1605 2374 merita

924 2399 942 2415 »
961 2386 1150 2431 majorum.
1168 2399 1187 2416 »
1202 2385 1349 2431 Singula
1364 2387 1455 2422 bene
1472 2395 1508 2424 et
1526 2390 1607 2424 col-

921 2439 1010 2474 lecta
1026 2446 1131 2483 sunt,
1153 2445 1188 2474 et
1209 2439 1427 2485 amplificata.
1449 2442 1579 2478 Noster
1593 2471 1604 2489 ,

921 2499 1093 2527 monente
1116 2492 1250 2528 Seneca
1270 2517 1280 2534 ‚
1307 2489 1432 2529 Contr.
1455 2495 1491 2531 11
1507 2522 1517 2541 ‚
1542 2510 1604 2542 io,

923 2544 1033 2578 multa
1048 2545 1172 2580 sumsit
1188 2557 1206 2578 a
1221 2544 1274 2579 M.
1290 2546 1417 2581 Porcio
1430 2546 1584 2585 Latrone
1594 2577 1604 2595 ,

923 2606 1137 2644 praeceptore
1153 2611 1217 2633 suo
1232 2625 1242 2643 ‚
1266 2600 1325 2646 qui
1341 2607 1376 2635 et
1394 2601 1466 2648 ipse
1486 2616 1607 2640 armo-

923 2664 1005 2686 rum
1025 2651 1196 2696 judicium
1219 2654 1400 2700 scripserat
1419 2670 1429 2700 ;
1457 2657 1536 2694 vide
1561 2659 1605 2694 ad

924 2719 1012 2741 vers.
1032 2720 1104 2742 ιιι.

973 2771 985 2791 ι
992 2783 999 2791 .
1006 2758 1191 2795 Consedere
1203 2762 1304 2796 duces
1313 2766 1348 2797 e!
1357 2764 1469 2808 surgit
1473 2765 1597 2806 adlms,
