1820 3106
279 256 365 298 228

644 254 696 297 P.
743 255 986 300 OVIDII
1029 252 1329 300 NASONIS

275 347 492 397 Divellere
510 347 644 397 boves
659 386 670 407 ‚
695 350 749 398 ad
771 350 881 398 vatis
902 349 991 398 fata
1012 362 1269 407 recurrunt;

274 424 635 491 Tendentemque
655 445 833 483 manus,
857 438 900 474 et
919 426 966 474 in
988 425 1066 474 illo
1092 438 1287 492 tempore
1308 426 1499 492 primum

276 501 406 549 Irrita
427 500 667 559 dicentem,
695 521 775 551 nec
799 502 1037 570 quidquam
1063 521 1168 551 voce
1191 515 1461 560 moventem,
1643 517 1687 563 4ο

273 577 500 641 Sacrilegae
523 578 747 644 perimunt
772 599 781 627 :
804 598 969 645 perque
994 598 1070 637 os,
1093 598 1176 645 pro
1199 580 1431 646 Juppiter!
1455 577 1590 636 illud,

278 654 496 703 Auditum
520 654 657 712 saxis,
683 654 1040 722 intellectumque
1063 655 1250 704 ferarum

278 733 494 781 Sensibus
510 770 522 790 ‚
547 732 594 780 in
617 744 772 780 ventos
796 732 937 781 anima
963 731 1158 780 exhalata
1178 732 1367 780 recessit.

276 811 341 857 Te
363 820 528 868 moestae
551 809 774 866 volucres,
799 809 985 875 Orpheu
1002 846 1014 866 ‚
1038 821 1080 857 te
1100 809 1231 856 turba
1250 809 1437 856 ferarum
1451 845 1464 866 ‚

277 887 341 934 Te
364 886 516 950 rigidae
537 885 706 944 silices.
730 897 804 933 tua
827 886 1016 933 carmina
1038 904 1150 951 saepe
1173 897 1329 933 secutae

278 963 513 1011 Fleverunt
534 961 651 1011 silvae
671 982 679 1010 :
702 962 859 1028 positis
881 974 923 1010 te
939 961 1175 1010 frondibus
1197 963 1327 1012 arbos
1341 999 1352 1019 ‚

1560 880 1567 893 s
1625 892 1735 1000 'fix

277 1042 428 1088 Tonsa
450 1058 643 1096 comam,
666 1038 781 1086 luxit
799 1058 809 1086 ε
830 1038 1030 1104 lacrymis
1057 1057 1233 1104 quoque
1252 1038 1431 1086 flumina
1453 1038 1605 1086 dicunt

274 1137 319 1171 tri
336 1139 470 1171 minaci.
480 1154 524 1162 ·—·
534 1138 708 1171 Divellere.
725 1135 825 1180 Regii
843 1136 953 1170 nostri

274 1190 461 1228 Αἰακίς-ενα
480 1187 516 1221 in
530 1187 705 1233 praeterito
722 1194 879 1232 tempore
895 1201 953 1222 ra-

275 1240 347 1274 rius
357 1242 484 1273 divulsi
494 1251 599 1282 quam
612 1241 747 1280 deveni,-
764 1245 951 1284 utrumque

278 1292 335 1326 dat
354 1291 443 1325 Rob.
460 1290 659 1335 Stephanus
674 1290 710 1324 in
725 1302 788 1324 suo
801 1290 952 1325 Thesau-

275 1355 316 1376 ro
334 1342 415 1377 :sed
430 1341 543 1377 solum
559 1343 675 1376 divelli
686 1341 816 1386 recepit
832 1348 952 1376 auctor

276 1393 529 1428 eruditissimus
541 1393 794 1428 Grammatices
807 1393 906 1428 dictae
916 1396 958 1428 de

275 1446 495 1491 Pori-Royal
500 1471 508 1485 ,
532 1446 591 1478 des
600 1447 759 1487 preterits
772 1450 807 1478 et
819 1447 937 1488 supins
947 1471 956 1488 ,

276 1498 385 1541 Aegle
393 1499 445 1531 50.
453 1498 518 1530 Ed.
526 1514 570 1522 —
576 1497 739 1529 Dz'vellere
747 1495 875 1540 Regius
882 1509 960 1542 rec-

278 1548 492 1593 teexplicat,
509 1546 748 1581 dilaceravere.
768 1546 798 1579 A
817 1546 959 1581 Bacchis

277 1599 375 1634 enim
389 1611 529 1644 angues,
545 1598 647 1641 tauri,
659 1597 771 1642 capri,
783 1597 882 1631 vituli
893 1604 957 1631 etc.

278 1664 338 1696 ore
349 1649 495 1684 discindi
507 1649 664 1683 solebant
678 1674 686 1691 ,
706 1647 798 1692 quod
810 1650 959 1682 baccha-

276 1707 336 1738 tim
345 1705 529 1745 discerpere
540 1701 622 1734 dixit
634 1700 801 1745 Apuleius
812 1701 866 1744 ,13
879 1700 957 1734 vide

282 1754 472 1789 Heinsium
490 1759 526 1787 et
538 1753 796 1787 Burmannum.

320 1808 372 1854 39.
384 1808 434 1841 Et
444 1809 479 1840 in
494 1808 557 1840 illo
570 1811 720 1847 tempore.
734 1803 835 1849 Regii
849 1803 959 1837 nostri

277 1864 378 1904 atque
387 1860 542 1893 illa—In
555 1859 615 1890 illo
625 1862 768 1900 tempore
778 1855 960 1889 neminem

277 1908 457 1944 offendere
481 1907 595 1942 debet.
619 1906 754 1942 Laudat
775 1907 959 1940 Burman-

280 1975 347 1997 nus
358 1975 376 1996 e
391 1961 564 1996 Cicerone
574 1986 583 2003 ‚
593 1959 691 1993 Livio
700 1985 709 2002 ,
723 1966 757 1993 et
767 1959 938 1993 Suetonio
947 1986 957 2002 ,

274 2018 311 2047 in
333 2016 396 2047 boc
420 2020 562 2056 tempore
574 2039 582 2052 ‚
605 2015 640 2045 z'n
661 2013 730 2045 tali
738 2017 881 2055 tempore
896 2038 904 2051 ,
924 2015 959 2044 in

275 2074 415 2109 tempore
429 2066 572 2098 hiberno.
586 2063 750 2097 sumtum
766 2063 882 2097 tamen
893 2062 960 2097 hoc

279 2118 357 2151 loco
365 2124 415 2151 est
424 2130 442 2150 e
452 2116 587 2150 duobus
596 2123 732 2150 tantum
742 2116 838 2150 MSS
850 2128 959 2159 quum

281 2169 397 2203 caeteri
414 2166 622 2213 praeferant,
642 2174 741 2210 atque
750 2169 819 2199 illo.

321 2219 375 2263 43.
393 2221 435 2252 In
450 2224 562 2253 ventos
574 2245 582 2258 ‚
604 2218 639 2251 in
657 2230 777 2258 auras;
798 2218 853 2260 V,
875 2217 956 2261 106,

239 2288 244 2294 ·
279 2269 469 2305 Emathion
482 2271 608 2303 medios
622 2272 769 2303 am‘mam
780 2272 962 2312 exspiravit

275 2326 310 2356 l'n
321 2325 415 2365 ignes
426 2332 437 2364 ,·
449 2320 583 2355 Seneca
598 2346 607 2364 ,
625 2320 731 2354 Herc.
750 2320 832 2353 Fur.
853 2320 934 2353 1312
947 2347 956 2363 ,

277 2375 377 2408 Hanc
389 2376 534 2408 animam
543 2376 578 2406 in
591 2386 647 2406 ore
652 2375 759 2416 primo
769 2380 880 2412 lenem·
892 2373 959 2406 Se-

279 2437 365 2459 neca
381 2424 424 2459 de
443 2426 499 2459 Ira
512 2450 521 2468 ,
541 2424 597 2459 III
612 2450 622 2467 ,
641 2425 681 2467 43
696 2450 705 2467 ,
731 2427 881 2467 spiritum
897 2437 959 2458 ex·-

280 2489 403 2520 spuere.
795 2491 802 2522 '.

321 2529 373 2571 44.
405 2528 452 2562 Te
474 2534 598 2561 moestae
622 2528 770 2561 volucres
792 2533 855 2560 etc.
874 2526 957 2560 Jam

277 2581 472 2626 epicedium
489 2580 638 2615 additur.
657 2579 704 2614 Et
718 2579 844 2613 merito
861 2579 957 2614 thea-

277 2640 372 2667 trum
386 2659 396 2676 ,
415 2632 509 2677 quod
529 2632 631 2666 toties
654 2638 759 2666 cantu
784 2643 846 2665 suo
870 2643 957 2664 mo—

277 2691 373 2718 verat
389 2691 500 2726 vates,
518 2696 614 2717 nunc
633 2683 754 2728 lugens
770 2682 956 2718 inducitur.

283 2735 386 2782 Apud
397 2735 631 2771 Claudianum
640 2734 699 2769 d.l.
710 2734 857 2780 Orpheo
867 2747 955 2780 nup-

1017 1136 1080 1170 tias
1097 1135 1285 1170 celebranti
1296 1135 1378 1170 serae
1393 1134 1596 1170 etvolucres
1611 1147 1691 1170 mu-

1016 1187 1158 1221 nuscula
1174 1186 1369 1222 conferunt.
1380 1205 1424 1212 -
1438 1187 1504 1230 Te,
1521 1192 1554 1221 te
1567 1193 1630 1222 etc.
1647 1185 1689 1221 ad

1015 1240 1247 1275 imitationem
1264 1239 1361 1285 Virg.
1376 1238 1503 1285 Georg.
1523 1239 1589 1282 IV,
1603 1239 1666 1283 465
1678 1265 1687 1282 ,

1015 1291 1076 1325 ubi
1092 1289 1134 1324 ad
1153 1289 1352 1338 Eurydicen
1367 1290 1564 1326 suavissime
1574 1302 1689 1325 sermo

1014 1343 1175 1386 vertitur,
1193 1344 1255 1383 Te,
1279 1345 1389 1377 dulc-125
1404 1342 1548 1388 conjux,
1569 1349 1604 1376 te
1616 1344 1690 1376 solo

1010 1399 1046 1430 in
1063 1396 1174 1429 littore
1189 1406 1299 1428 secum
1312 1420 1321 1434 ,
1351 1394 1416 1434 Te,
1433 1396 1584 1428 veniente
1602 1395 1658 1428 die
1669 1419 1678 1433 .

1011 1452 1063 1485 te,
1086 1446 1279 1485 decedente,
1301 1446 1454 1479 canebat.
1472 1443 1539 1478 Ed.
1557 1461 1602 1471 --
1621 1445 1688 1478 111·-

1010 1499 1098 1540 gidoe
1125 1498 1246 1530 silices.
1278 1495 1395 1540 Vulgo
1423 1494 1546 1540 Rigidi
1567 1497 1690 1530 silit-es.

1012 1567 1056 1574 —
1071 1549 1165 1582 Mira
1185 1555 1236 1582 est
1258 1547 1301 1582 de
1323 1547 1427 1592 hujus
1450 1547 1542 1582 vocis
1562 1546 1690 1593 genere

1012 1601 1158 1636 varietas
1172 1601 1209 1634 in
1226 1600 1350 1634 iisdem
1363 1600 1475 1640 libris;
1493 1600 1566 1635 VII
1586 1626 1596 1643 ,
1614 1613 1687 1645 107,

1015 1655 1122 1687 soluti
1133 1654 1262 1691 silices,
1278 1651 1352 1685 sine
1369 1651 1437 1684 ulla
1453 1651 1546 1690 varia
1566 1650 1692 1685 lectio-

1014 1719 1058 1740 ne
1072 1731 1081 1748 ‚
1107 1711 1147 1739 ut
1165 1703 1327 1745 videtur;
1356 1704 1408 1739 IX
1422 1730 1431 1747 ,
1457 1703 1541 1747 613,
1564 1704 1691 1739 Noster

1016 1757 1135 1798 Gieng»
1148 1754 1246 1788 dedit
1266 1756 1394 1798 rigidas
1409 1757 1524 1788 silices
1539 1767 1579 1789 ex
1594 1753 1691 1789 duo-

1016 1806 1129 1841 decim
1146 1805 1244 1840 MSS
1257 1831 1267 1848 ,
1286 1817 1395 1850 quum
1411 1806 1525 1840 caeteri
1541 1805 1691 1840 habeant

1012 1859 1163 1901 rigidos,-
1194 1863 1229 1890 et
1250 1855 1317 1890 hoc
1339 1855 1416 1890 loco
1440 1863 1510 1891 tres
1530 1863 1688 1900 tantum,

1011 1916 1098 1944 teste
1119 1909 1267 1943 Heinsio
1281 1935 1290 1952 ,
1309 1908 1393 1943 dant
1409 1911 1524 1954 rigide
1542 1936 1552 1949 ‚
1578 1922 1688 1955 quum

1013 1961 1128 1995 caeteri
1140 1987 1149 2004 ,
1167 1967 1202 1995 et
1219 1960 1320 2005 Regii
1337 1961 1447 1995 nostri
1458 1963 1568 2005 rigidi.
1581 1960 1691 1996 Ed.—

1013 2015 1139 2047 Secuta-
1153 2014 1255 2047 silvoe.
1268 2012 1437 2046 Horatius
1449 2038 1458 2056 ,
1476 2013 1493 2047 1
1506 2039 1516 2056 ,
1531 2012 1600 2047 Od.
1617 2024 1670 2047 xu
1680 2040 1689 2057 ,

1019 2063 1115 2095 Unde
1130 2061 1147 2106 (
1165 2074 1206 2095 ex
1223 2062 1351 2095 Haemo
1367 2068 1381 2105 )
1404 2064 1554 2096 vocalem
1573 2069 1693 2096 temere

1011 2115 1166 2146 insecuta-
1185 2114 1316 2155 Orphea
1330 2115 1431 2146 silva.
1441 2114 1618 2148 —Ponere
1632 2126 1691 2147 ca-

1012 2165 1110 2210 pillos
1131 2165 1262 2210 phrasis
1287 2166 1461 2200 solemnis.
1488 2167 1543 2202 III
1561 2193 1570 2210 ‚
1597 2159 1661 2201 506
1678 2193 1687 2210 ,

1012 2225 1122 2252 sectos
1130 2218 1243 2262 fratri
1246 2232 1386 2263 posuere
1401 2222 1551 2265 capillas.
1567 2220 1689 2255 Sueto·

1012 2269 1090 2303 nius
1099 2267 1207 2315 Calig.
1216 2271 1235 2303 5
1245 2296 1253 2313 ,
1263 2272 1400 2304 barbam
1404 2273 1538 2314 poner'e.
1545 2290 1568 2296 -
1577 2272 1690 2305 Tonsa

1012 2333 1140 2355 comam
1153 2347 1160 2361 ‚
1185 2321 1264 2365 quia
1281 2321 1420 2356 tonderi
1435 2321 1472 2355 in
1489 2322 1582 2357 luctu
1597 2321 1688 2356 sole-

1012 2372 1071 2406 bat
1080 2385 1178 2406 coma
1188 2398 1197 2415 ,
1209 2379 1244 2406 et
1255 2386 1351 2407 coma
1360 2372 1402 2407 de
1412 2371 1593 2407 frondibus
1603 2372 1687 2410 dici-

1012 2430 1081 2464 tur-3
1092 2423 1169 2457 vide
1179 2423 1221 2457 ad
1235 2424 1358 2471 {2139
1369 2423 1415 2458 Et
1422 2436 1532 2468 quum
1543 2423 1689 2459 destrin—

1013 2482 1143 2519 guntur
1156 2474 1236 2509 folia
1249 2501 1258 2518 ,
1274 2477 1508 2509 tondericoma
1521 2477 1688 2511 arborum

1012 2527 1157 2569 dicitur;
1176 2527 1361 2573 Virgilius,
1378 2527 1507 2575 Georg.
1525 2528 1579 2562 III
1592 2554 1601 2570 ‚
1622 2541 1660 2562 21
1675 2554 1684 2570 ,

1010 2586 1112 2613 tonsae
1123 2579 1219 2623 solia
1241 2582 1345 2614 olive.
1360 2598 1404 2604 —
1425 2581 1600 2626 lacrymis
1622 2586 1684 2614 etc.

1011 2631 1124 2676 Supra
1143 2633 1160 2667 I
1176 2658 1184 2676 ‚
1204 2633 1286 2675 584,
1305 2623 1452 2667 Inachus
1468 2659 1478 2676 ‚
1498 2632 1595 2667 Deus
1610 2631 1685 2666 flu-'

1010 2684 1105 2718 vialis
1116 2686 1267 2728 ,fletibus
1276 2691 1377 2728 auget
1383 2697 1498 2729 aquas.
1508 2684 1578 2719 Sed
1591 2696 1685 2718 nunc

1011 2734 1157 2770 flumina
1174 2736 1244 2781 ipsa
1260 2735 1328 2771 suis
1350 2735 1548 2772 increscunt
1568 2735 1684 2781 lacry-
