1820 3106
267 282 355 337 [426

642 286 694 328 P.
729 287 966 331 OVIDII
997 288 1299 334 NASONIS

267 374 437 432 Mittit;
462 386 506 423 et
528 387 745 426 extremus
771 380 966 444 quamvis
989 380 1186 446 pervenit
1205 381 1258 429 ad
1280 381 1403 431 illum

265 450 470 514 Angulus
495 472 518 501 e
542 472 669 511 saxo,
696 467 838 503 totum
863 468 1004 505 tamen
1030 457 1182 505 obruit
1204 458 1330 506 Acin.

267 528 328 575 At
349 548 432 577 nos
446 566 458 586 ‚
485 531 604 596 quod
624 531 767 579 solum
791 532 884 581 fieri
905 553 985 600 per
1008 535 1095 582 fata
1117 533 1304 594 licebat,

265 605 490 664 Fecimus,
515 619 565 654 ut
587 608 699 656 vires
723 608 971 659 adsumeret
988 611 1093 660 Acis
1117 613 1267 661 avitas.

1617 551 1684 588 885

265 683 495 730 Poeniceus
522 683 574 731 de
597 684 712 733 mole
734 704 863 733 cruor
884 687 1115 745 manabat,
1140 700 1184 736 et
1206 688 1321 736 intra

265 760 497 825 Temporis
521 761 727 824 exiguum
751 762 890 810 rubor
913 783 1165 812 evanescere
1189 765 1349 831 coepit;

264 836 424 902 Fitque
448 837 572 886 color
593 839 737 905 primo
763 840 928 889 turbati
951 841 1144 889 fluminis
1162 842 1330 900 imbre,

265 913 574 980 Purgaturque
599 934 721 963 mora
744 935 753 963 :
775 927 869 964 tum
892 916 1030 965 moles
1053 917 1188 966 fracta
1212 918 1421 976 dehiscit,

1600 936 1671 981 890

264 991 462 1057 Vivaque
485 1012 564 1058 per
585 993 739 1050 rimas,
764 1006 1084 1060 properataque
1110 995 1251 1058 surgit
1272 995 1439 1043 arundo
1453 1033 1465 1053 ,

267 1069 421 1134 Osque
447 1088 599 1117 cavum
622 1071 714 1118 saxi
738 1083 866 1119 sonat
889 1071 1212 1121 exsultantibus
1235 1071 1365 1119 undis
1386 1092 1395 1119 ε

265 1147 469 1213 Miraque
491 1149 581 1196 res!
606 1147 756 1196 subito
777 1149 919 1197 media
943 1161 1071 1198 tenus
1096 1148 1262 1198 exstitit
1283 1148 1378 1198 alvo

268 1226 494 1274 Incinctus
517 1226 685 1290 juvenis
709 1227 831 1276 flexis
853 1247 966 1276 nova
991 1248 1157 1277 cornua
1181 1228 1352 1286 cannis3

265 1338 361 1383 ῥήξας
390 1341 516 1385 κορυφὴν
545 1340 621 1386 ἔρως
644 1338 796 1381 μεγάλοιο.
820 1356 865 1363 --
898 1338 947 1371 Ul

264 1389 353 1420 vires
380 1389 567 1422 adsumeret
591 1392 702 1423 avitas
714 1416 722 1429 ‚
753 1396 793 1423 ut
819 1388 946 1423 fluvius

266 1437 367 1471 fieret
377 1463 386 1481 ,
404 1438 701 1482 quemadmodum
713 1453 794 1474 avus
807 1440 944 1487 Symae—

266 1489 357 1523 thus.
386 1492 480 1525 Vires
509 1490 713 1525 fluminibus
740 1492 943 1526 tribuuntur

266 1541 372 1575 etiam
383 1543 399 1577 I
409 1568 418 1585 ,
438 1544 500 1588 278
513 1556 521 1577 ε
535 1550 571 1576 et
585 1546 760 1578 adsumere
774 1545 821 1578 sic
836 1544 942 1578 etiam

267 1600 318 1627 est
333 1594 407 1637 XI,
429 1595 510 1642 7893
530 1595 624 1639 XII,
645 1609 671 1629 1.

309 1647 383 1691 887.
414 1648 589 1681 Paem'ceus
608 1672 614 1679 .
635 1673 642 1680 .
660 1674 668 1681 .
687 1661 789 1682 mora.
815 1647 942 1682 Putida

266 1696 340 1731 haec
351 1697 527 1742 diligentia
538 1698 727 1733 condonari
739 1706 850 1744 potest
867 1712 942 1745 gar-

267 1748 397 1783 rulitati
414 1750 536 1793 puellae
552 1776 561 1792 ,
591 1750 707 1785 Acidis
730 1751 782 1785 sui
808 1751 943 1785 obitum

267 1801 582 1836 narrantis.—-Mox
594 1805 696 1836 moles
703 1802 805 1846 jacta
821 1803 943 1837 Heins-

265 1852 355 1886 male
369 1853 514 1888 illustrat
530 1867 570 1887 ex
584 1853 660 1897 illo,
670 1854 780 1898 jactis
794 1858 829 1888 in
840 1855 944 1888 altum

265 1906 425 1945 molibus,
451 1905 544 1950 quod
567 1917 655 1951 saepe
679 1905 771 1951 apud
788 1913 944 1940 auctores

265 1969 430 1991 romanos
445 1957 603 1991 occurrit.
623 1957 701 1991 Imo
712 1984 722 2001 ,
738 1957 826 2002 jacta
841 1970 859 1991 a
872 1958 946 1991 Po-

266 2009 431 2054 lyphemo
441 2035 450 2052 ,
464 2017 503 2044 ut
515 2018 608 2045 recte
618 2010 812 2045 Glareanus
824 2018 858 2046 et
873 2011 944 2045 Mi-

264 2061 382 2107 cyllus.
409 2062 521 2106 Magis
542 2069 660 2096 tamen
688 2062 826 2108 placet,
850 2063 944 2108 quod

264 2111 504 2158 duodeviginti
530 2113 626 2147 MSS
654 2113 783 2147 habent
802 2140 812 2157 ,
843 2117 945 2148 moles

257 2162 378 2209 fracta
396 2167 540 2210 dehiscit
554 2177 572 2198 e
585 2164 745 2198 familiari
761 2165 816 2199 illa
834 2166 944 2210 poetis

266 2224 302 2251 et
328 2217 476 2263 eleganti
502 2217 599 2263 copia
617 2231 626 2258 ;
654 2217 701 2252 sic
724 2217 819 2260 XII,
852 2219 915 2260 488
932 2245 942 2262 ,

259 2270 380 2313 fracta
398 2271 551 2303 dissiluit
568 2282 578 2303 ,·
595 2270 693 2315 Virg.
717 2269 845 2315 Georg.
866 2270 920 2303 IV
932 2296 941 2313 ,

267 2324 289 2364 4
296 2335 334 2356 ιο
345 2349 354 2367 ,
371 2326 407 2356 in
418 2336 526 2367 aquas
540 2328 653 2357 tenues
664 2325 816 2367 dilapsus
828 2325 944 2357 abibit.

267 2375 348 2408 Hoc
358 2375 464 2420 igitur
479 2375 682 2420 recepimus.
692 2393 735 2400 —
748 2374 831 2408 Duo
843 2374 945 2419 Regii

267 2427 376 2461 nostri
393 2426 523 2461 habent
538 2433 630 2461 tacta
643 2454 651 2468 ,
669 2426 762 2472 quod
776 2426 813 2460 in
822 2425 937 2471 pleris-

268 2492 335 2523 que
353 2478 449 2513 MSS
467 2479 591 2523 legitur
603 2505 612 2522 ,
628 2487 663 2514 et
679 2479 722 2514 de
739 2492 808 2524 quo
829 2486 940 2514 tacere

269 2531 465 2576 Gierigium
483 2531 613 2566 miror:
632 2544 703 2565 non
721 2531 810 2565 mala
825 2538 943 2565 tamen

267 2590 319 2617 cst
332 2596 372 2617 ea
387 2583 490 2617 lectio
501 2610 510 2627 ,
530 2591 565 2617 et
580 2586 612 2618 τὸ
621 2590 729 2619 tacta.
752 2583 821 2618 scil.
836 2595 919 2617 ame
933 2608 942 2626 ,

271 2633 499 2669 referendum
521 2642 572 2669 est
596 2635 639 2669 ad
659 2648 699 2669 ea
715 2647 792 2679 quae
809 2647 944 2679 praece—

267 2685 378 2728 dunt,
401 2687 454 2719 At
472 2699 534 2721 nos
546 2714 553 2726 ‚
578 2689 667 2731 quod
682 2690 788 2720 solum
793 2689 877 2732 fieri
884 2699 947 2730 per

258 2736 342 2780 fata
359 2740 500 2778 licebat,
523 2740 675 2772 Fecimus
691 2752 700 2773 .·
726 2746 892 2783 praeterea
916 2739 944 2773 si

266 2798 466 2826 nostrorum
479 2791 640 2827 codicum
651 2792 836 2828 lectionem
850 2792 944 2828 resti-

1008 1345 1107 1374 tuere
1124 1337 1212 1372 nolit
1229 1338 1336 1373 lector
1349 1363 1358 1380 ,
1377 1336 1497 1380 fracta
1511 1344 1684 1384 praestan-

1010 1391 1078 1425 tius
1093 1417 1102 1433 ,
1125 1402 1229 1435 quam
1233 1390 1336 1433 jacta
1348 1389 1494 1424 videtur.
1510 1391 1576 1424 Ed.

1053 1443 1112 1488 891
1119 1467 1126 1475 .
1137 1444 1378 1486 properataque
1387 1468 1394 1474 .
1405 1469 1413 1476 .
1423 1466 1431 1472 .
1441 1443 1577 1476 arundo.
1590 1441 1685 1486 Quia

1008 1493 1198 1526 fluviorum
1215 1505 1275 1526 ora
1292 1491 1463 1527 arundine
1483 1492 1555 1527 sere
1575 1494 1685 1528 cincta

1009 1557 1080 1579 esse
1094 1544 1224 1587 solent,
1240 1544 1322 1579 hinc
1336 1545 1440 1579 etiam
1455 1557 1580 1579 eorum
1592 1545 1686 1579 sron-

1010 1603 1059 1630 tes
1076 1596 1112 1629 in
1130 1597 1370 1630 monumentis
1389 1603 1423 1630 et
1443 1597 1534 1642 apud
1551 1604 1685 1641 poetas:

1009 1649 1086 1683 Art.
1108 1650 1224 1682 Amat.
1237 1648 1253 1682 I
1266 1674 1275 1691 ,
1296 1662 1358 1681 222
1375 1663 1383 1689 ;
1401 1648 1479 1682 vide
1496 1656 1531 1683 et
1550 1648 1591 1683 ad
1612 1649 1683 1691 IX,

1008 1702 1039 1736 3.
1057 1701 1127 1736 Sed
1141 1714 1202 1745 pro
1213 1713 1426 1745 proceraque,
1440 1708 1543 1736 tueor
1556 1701 1682 1746 vulgat.

1001 1759 1239 1797 properataque
1254 1778 1262 1792 ,
1291 1751 1327 1785 id
1351 1758 1428 1796 est,
1457 1760 1686 1798 properanter

1009 1811 1110 1846 nata,
1132 1809 1170 1838 ut
1189 1804 1224 1838 ΙΙ
1244 1816 1285 1838 ex
1300 1804 1414 1839 Ponto
1429 1830 1438 1847 ,
1458 1814 1496 1837 x1
1510 1830 1519 1847 ‚
1536 1817 1558 1853 Ἰι
1574 1829 1584 1846 ,
1603 1818 1686 1847 pro-

1004 1865 1156 1902 peratum
1173 1864 1313 1902 tempore
1328 1860 1418 1892 brevi
1428 1870 1509 1901 opus
1526 1868 1536 1888 :
1549 1856 1627 1891 vide
1642 1857 1685 1892 ad

1010 1911 1043 1945 X
1055 1937 1064 1954 ‚
1087 1912 1140 1945 31.
1158 1910 1250 1944 Alibi
1267 1909 1341 1944 fere
1354 1912 1484 1944 subitus
1499 1909 1543 1944 de
1561 1908 1687 1955 corpo—'-

1009 1963 1104 1997 ribus
1123 1962 1392 2003 transformatis3
1406 1963 1453 2006 V,
1470 1961 1534 1996 560
1545 1987 1554 2005 ,
1565 1964 1686 1996 subitis

998 2016 1181 2059 flavescere
1190 2018 1336 2058 pennis,·
1362 2015 1415 2048 XI
1426 2040 1435 2057 ‚
1459 2014 1519 2057 341
1536 2039 1546 2056 ,
1566 2016 1685 2048 subitis

1003 2067 1199 2109 pendentem
1214 2067 1352 2098 sustulit
1365 2067 1444 2098 alis.
1455 2083 1499 2090 ——
1511 2064 1610 2110 Regii
1627 2076 1684 2099 co-

1009 2114 1100 2148 dices
1115 2114 1244 2149 habent
1254 2127 1415 2158 procera;
1429 2121 1606 2159 properata
1621 2128 1685 2148 au-

1008 2174 1082 2202 tem
1102 2168 1212 2212 magis
1230 2168 1361 2213 placet,
1378 2174 1521 2213 propter
1535 2167 1683 2203 subitam

1009 2220 1362 2255 transformationem.
1383 2222 1449 2254 Ed.

1053 2274 1127 2319 892.
1148 2274 1257 2318 Osque
1271 2285 1388 2307 cavum
1406 2276 1489 2307 saxi
1503 2278 1568 2306 etc.
1589 2270 1684 2316 Qui-

1010 2324 1090 2358 dam
1112 2337 1218 2365 saxo,
1238 2323 1334 2369 quod·
1350 2323 1503 2369 placebat·
1525 2322 1682 2357 Heinsio.

1008 2376 1143 2410 —Cod.
1160 2376 1289 2421 Regius
1305 2376 1335 2410 A
1349 2375 1407 2409 dat
1416 2378 1531 2415 saxis,
1551 2374 1650 2409 litera
1662 2388 1681 2408 s

1009 2435 1102 2462 certe
1127 2427 1344 2470 abundante3
1370 2426 1476 2461 codex
1491 2426 1521 2460 B
1539 2430 1682 2460 saxi.—

1009 2482 1107 2516 Bona
1125 2481 1383 2527 prorumpentis
1393 2494 1411 2514 e
1423 2493 1570 2515 caverna
1585 2480 1681 2515 fluvii

1011 2533 1194 2578 descriptio
1210 2545 1221 2567 a
1233 2535 1399 2567 exsultare
1413 2539 1452 2566 ut
1469 2531 1525 2567 hic
1541 2532 1583 2567 de
1599 2545 1680 2577 pro-

1009 2593 1195 2631 rumpente
1211 2611 1220 2628 ,
1245 2585 1293 2619 sie
1308 2584 1380 2618 Vll
1393 2611 1402 2627 ,
1429 2585 1491 2618 263
1504 2611 1513 2628 ,
1541 2584 1583 2619 de
1600 2585 1679 2619 ser-

1009 2645 1112 2671 vente
1137 2649 1234 2681 aqua.
1246 2655 1291 2661 —
1304 2637 1451 2670 Exstitit
1470 2643 1507 2670 ut
1526 2636 1561 2670 II
1575 2662 1585 2679 ,
1608 2636 1682 2680 264.

1010 2707 1054 2715 —-
1071 2688 1126 2722 De
1157 2691 1310 2723 comibus
1330 2686 1518 2721 fluviorum
1536 2686 1682 2723 diximus

1011 2740 1052 2774 ad
1068 2741 1120 2782 IX
1129 2766 1137 2782 ,
1159 2754 1185 2775 1.
1197 2758 1241 2765 —
1251 2739 1322 2774 Pro
1326 2741 1432 2784 flexis
1443 2767 1451 2780 ,
1465 2739 1586 2773 Heins.
1598 2751 1682 2789 con-

1010 2794 1084 2838 jicit
1095 2796 1223 2838 plexit,
1246 2792 1338 2837 quod
1361 2804 1442 2828 sane
1466 2791 1681 2828 usitatius.—
