1820 3106
352 273 1047 325 METAMORPHOSEON
1084 275 1216 320 LIB.
1256 276 1403 320 XIV.

172 376 307 425 Hunc
325 373 512 424 miratur
531 371 656 421 Abas
673 389 684 429 ;
711 381 756 419 et
778 370 886 418 dum
906 370 1125 419 mirantur
1139 408 1151 429 ,
1177 370 1375 419 eamdem

1523 263 1614 336 469

1548 383 1614 418 505

173 450 414 519 Accipiunt
432 447 588 496 faciem
610 468 620 495 :
642 465 945 513 numerusque
971 466 1022 495 ex
1049 446 1222 510 agmine
1243 447 1387 512 major

175 526 415 584 Subvolat,
441 537 486 575 et
506 543 652 574 remos
676 523 845 592 plausis
871 524 1171 573 circumsonat
1192 523 1286 574 alis.

174 606 223 654 Si
246 603 475 654 volucrum
499 622 597 671 quae
621 602 680 653 sit
702 602 951 651 subitarum
974 603 1116 652 sorma
1136 602 1352 670 requiris3

173 683 238 731 Ut
257 701 351 732 non
375 701 640 750 cycnorum,
668 682 732 731 sic
752 681 865 731 albis
890 681 1089 750 proxima
1114 682 1279 748 cycnis.

171 760 260 810 Vix
285 761 488 829 equidem
509 761 590 810 has
614 760 741 810 sedes
758 799 771 820 ,
797 772 842 810 et
866 760 1045 828 Iapygis
1065 752 1188 808 arida
1212 760 1364 808 Dauni

1515 810 1518 812 ,
1549 771 1615 806 510

160 840 290 891 'Arva
316 861 450 906 gener
473 853 602 891 teneo
619 879 630 900 ,
656 840 836 889 minima
859 859 958 888 cum
981 851 1107 907 parte
1125 858 1337 899 meorum.
1365 861 1389 882 »

236 923 292 970 V.
320 923 550 972 Hactenus
574 920 775 970 OEnides
797 940 808 969 z
828 918 1031 969 Venulus
1056 919 1304 987 Calydonia
1325 939 1482 983 regna,

171 1002 496 1070 Peucetiosque
522 1001 671 1059 sinus,
698 999 1013 1067 Messapiaque
1036 1019 1136 1048 arva
1156 999 1384 1067 relinquit.

170 1079 228 1128 In
252 1079 420 1147 quibus
441 1090 569 1129 antra
587 1077 710 1127 videt
723 1116 736 1137 ,
763 1096 860 1145 quae
881 1076 1022 1126 multa
1044 1076 1203 1126 nubila
1227 1076 1335 1127 silva
1350 1114 1363 1136 ,

218 1196 295 1232 505.
309 1197 412 1232 Hunc
426 1199 568 1232 mit-alm·
578 1196 680 1231 Abas
691 1195 794 1242 Regii
804 1208 863 1231 co-

173 1247 266 1284 dices
277 1247 410 1284 habent
421 1274 431 1293 ,
450 1256 490 1284 ut
505 1261 629 1284 omnes
643 1247 699 1283 alii
709 1275 719 1292 ,
735 1255 863 1293 praeter

172 1299 370 1334 secundum
388 1299 549 1336 Vatican.
572 1307 608 1335 et
632 1298 796 1335 Francos.
820 1312 863 1334 ex

174 1351 300 1397 quibus
312 1352 482 1387 Heinsius
492 1351 790 1398 Burmannusque
803 1378 812 1395 ,
827 1359 863 1387 et

174 1411 253 1450 post
268 1416 328 1440 eos
346 1403 523 1451 Gierigius
536 1431 546 1449 ,
570 1403 661 1440 male
679 1405 863 1440 ediderant

175 1458 281 1492 Hunc
291 1461 453 1492 mitantur
466 1458 568 1492 Abas
580 1484 589 1499 ,
618 1464 658 1491 ut
673 1456 759 1492 illud
777 1471 864 1492 ver-

175 1508 261 1544 bum
281 1509 324 1544 ad
340 1508 572 1554 praecedentia
593 1510 739 1544 nomina
758 1509 866 1544 simul

174 1561 385 1606 referretur,
397 1562 486 1598 sicut
496 1561 685 1597 referenda
697 1568 780 1596 sunt
791 1561 863 1596 duo

173 1613 356 1659 sequentia
374 1614 480 1649 verba
507 1618 673 1649 minantur
690 1641 698 1649 .
716 1642 724 1650 .
740 1640 748 1648 .
767 1608 864 1649 acci-⁷

167 1669 292 1709 piant:
301 1665 365 1701 sed
375 1665 563 1701 maluimus
573 1679 655 1701 cum
668 1667 781 1701 Abate
790 1674 864 1701 tan-

174 1719 476 1766 tumconjungere
486 1720 634 1754 verbum
647 1719 740 1765 quod
754 1718 864 1764 proxi-

172 1783 274 1806 mum
293 1771 470 1808 antecedit
484 1798 495 1816 ‚
519 1771 685 1818 idemque
714 1772 863 1806 verbum

173 1823 408 1870 cumsingulis
420 1824 493 1859 aliis
506 1824 688 1870 praeceden
694 1823 785 1858 tibus
796 1836 865 1858 no—

176 1876 333 1912 minibus
359 1876 621 1923 subintelligere
638 1903 648 1920 ,
668 1877 866 1922 explicare-³

175 1942 243 1975 que
254 1928 321 1965 hoc
328 1930 438 1975 modo
451 1943 459 1965 ς
471 1929 568 1965 hunc
577 1930 728 1964 miratur
737 1930 862 1977 Lycus,

174 1981 271 2017 hunc
286 1981 437 2017 miratur
453 1981 534 2017 Idas
546 2008 555 2026 ,
572 1981 667 2017 hunc
681 1982 775 2016 Abas
794 1982 865 2016 mi-

174 2041 284 2069 ratur.
294 2033 404 2069 Unde
418 2033 605 2070 lectionem
618 2034 780 2069 codicum
798 2047 870 2069 re-

175 2086 462 2122 vocavimustEd.
476 2105 522 2114 -
534 2086 631 2132 Quia
642 2087 750 2122 modo
766 2100 866 2133 prae-

176 2139 280 2175 cessit
297 2152 435 2185 pennas*
449 2142 622 2184 accipiunt
640 2166 650 2182 ,
677 2147 866 2186 propterea

176 2194 302 2229 Burm.
315 2206 398 2228 cum
414 2193 524 2228 tribus
548 2193 680 2238 legeret
694 2199 869 2228 traxerunt

168 2245 300 2290 faciem
311 2273 320 2287 ,
335 2252 376 2280 ut
388 2245 426 2290 l,
445 2247 508 2289 412
523 2257 636 2287 ;unus
652 2245 864 2281 Heinsiias-

176 2296 461 2341 sumitsaciem,ut
469 2297 500 2332 X
505 2297 554 2340 H,
561 2310 573 2331 1
580 2299 869 2332 .-C1·1·cumsonat

182 2357 279 2386 recte
289 2363 331 2386 ex
341 2363 409 2386 sec.
419 2349 582 2386 Palatino
597 2350 734 2396 recepit·
741 2350 867 2385 Hein—

185 2403 256 2440 sius
268 2415 333 2449 pro
349 2404 574 2438 cimumvolat.
583 2419 627 2429 -
637 2402 738 2448 Regii
755 2402 868 2438 nostri

186 2456 319 2500 habent
339 2457 447 2492 etiam
469 2458 700 2497 cimumvolat,
717 2456 778 2492 sed
795 2458 873 2502 jam

187 2509 227 2545 in
239 2509 368 2546 eodem
382 2522 485 2545 versu
501 2509 673 2555 praecessit
693 2512 868 2553 subvola13

189 2561 270 2598 ideo
282 2563 463 2610 probanda
480 2561 691 2599 emendatio.
708 2563 774 2596 Ed.

233 2617 309 2652 508.
325 2619 501 2653 Volucrum
514 2619 709 2652 subitarum.
719 2615 871 2653 Codices

185 2669 290 2716 Regii
300 2695 311 2714 ‚
325 2676 366 2704 ut
380 2668 523 2715 plurimi
537 2696 547 2714 ,
565 2671 737 2704 volucrum
746 2671 870 2705 dubia-

181 2734 283 2767 mm‚·
307 2722 376 2758 hoc
398 2723 488 2758 bene
517 2722 649 2757 refutat
677 2722 867 2767 Heinsius,

181 2789 294 2823 quum
311 2775 454 2811 Venulo
475 2775 549 2811 illas
572 2788 651 2811 aves
668 2801 679 2820 ,
711 2776 870 2822 quamvis
887 2778 890 2782 ’

183 2828 285 2877 cycni
301 2840 375 2865 non
390 2835 524 2873 essent,
539 2840 732 2876 cycnorum
749 2834 869 2865 tamen

928 1194 1161 1230 albitudinem
1180 1194 1317 1230 referre
1333 1193 1511 1240 ignoranti
1525 1220 1534 1236 ‚
1551 1195 1618 1228 du-

928 1249 1018 1282 bium
1033 1248 1126 1283 nasci
1144 1246 1308 1281 nondum
1323 1247 1616 1292 potuerat.Ed.-—

929 1299 1049 1334 Etiam
1066 1298 1239 1347 Lycophr.
1257 1298 1290 1334 d.
1305 1298 1327 1332 l.
1344 1298 1406 1333 has
1426 1311 1505 1333 aves
1525 1292 1618 1332 Di'o-

928 1352 1092 1396 medeas,
1120 1352 1280 1387 anatibus
1305 1351 1407 1397 paulo
1433 1349 1618 1395 ampliores

929 1404 1096 1451 diemque
1117 1403 1283 1451 piscando
1299 1405 1336 1438 in
1356 1402 1475 1438 medio
1493 1403 1616 1448 pelago

921 1457 1124 1503 exigentes,
1153 1469 1235 1492 curn
1263 1456 1380 1504 cycnis
1408 1462 1613 1501 comparat;

926 1510 1062 1546 Plinius
1079 1523 1163 1545 vero
1175 1536 1185 1553 ‚
1202 1511 1237 1544 X
1250 1536 1260 1553 ,
1277 1510 1343 1553 44²,
1366 1508 1555 1543 fulicarum
1577 1507 1619 1542 si-

925 1562 1027 1598 miles
1038 1576 1110 1598 esse
1122 1562 1273 1607 judicat3
1290 1561 1499 1596 referuntur
1511 1559 1617 1594 hodie

925 1617 1020 1652 inter
1032 1630 1172 1651 anseres
1184 1615 1407 1662 procellarios
1417 1622 1619 1649 :versantur

925 1669 1022 1714 juxta
1038 1668 1167 1704 insulas
1187 1667 1404 1703 Diomedeas
1417 1693 1427 1711 ,
1451 1667 1618 1713 Apuliam

926 1729 1050 1757 contra
1064 1736 1072 1764 ;
1092 1722 1228 1757 Plinius
1242 1722 1276 1756 d.
1289 1722 1312 1756 l.
1326 1735 1344 1751 «
1357 1720 1489 1763 AEdem
1502 1721 1516 1763 (
1527 1721 1618 1754 Dio-

929 1789 948 1805 »
964 1775 1094 1817 medis)
1108 1773 1381 1819 quotidie'pleno
1395 1779 1536 1819 gutture
1546 1785 1619 1806 ma-

929 1839 948 1856 »
969 1825 1135 1861 dentibus
1161 1825 1286 1871 pennis
1314 1825 1483 1870 perluunt
1512 1831 1618 1869 atque

929 1894 948 1911 n
966 1878 1159 1925 purificant
1177 1891 1185 1913 ε
1211 1873 1308 1913 υὲηόε
1335 1878 1436 1924 origo
1460 1877 1588 1912 fabulae
1607 1903 1618 1921 ,

929 1946 948 1962 »
965 1930 1152 1966 Diomedis
1168 1930 1279 1965 socios
1291 1930 1330 1965 in
1345 1943 1470 1965 earum
1482 1930 1619 1977 effigies

929 1997 948 2014 >u
968 1989 1131 2018 mutatos.
1145 1997 1165 2013 ι»

974 2039 1050 2071 510.
1066 2036 1186 2070 Arida·
1199 2036 1324 2070 Dauni
1342 2049 1444 2078 arua,
1466 2035 1596 2082 Apulia
1608 2062 1618 2080 ,

929 2102 1101 2135 aquarum
1122 2089 1223 2136 inops
1245 2101 1252 2123 :
1274 2089 1358 2125 hinc
1374 2103 1508 2135 pauper
1525 2104 1620 2135 aquo

929 2144 1078 2178 Da'urms
1092 2142 1217 2177 Horat.
1239 2143 1294 2178 111
1310 2169 1320 2186 ,
1343 2142 1415 2178 od.
1439 2155 1508 2176 xxx
1522 2170 1531 2187 ,
1559 2157 1619 2179 11:

929 2202 966 2230 et
983 2195 1073 2230 male
1091 2194 1158 2230 hoc
1176 2194 1254 2230 loco
1276 2198 1386 2230 ardua
1404 2197 1619 2232 Dauniama

929 2247 966 2282 in
984 2255 1063 2283 octo
1078 2247 1190 2283 MSS.

976 2301 1144 2336 512-525.
1168 2300 1327 2344 Appulus
1350 2306 1469 2346 pastor
1495 2300 1619 2348 Nym-

930 2352 1008 2399 phis
1026 2352 1239 2388 maledicens
1251 2378 1262 2397 ,
1285 2359 1445 2387 mutatur
1460 2353 1498 2387 in
1516 2354 1620 2387 olea-

930 2407 1262 2447 strum.—OEn1·des‚
1285 2405 1479 2440 Diomedes
1496 2406 1538 2440 ab
1555 2419 1621 2441 avo

933 2460 1056 2494 OEneo
1075 2485 1085 2502 ,
1108 2459 1250 2494 AEtoliae
1276 2472 1359 2505 rege
1373 2485 1382 2502 ,
1411 2460 1513 2503 ouius
1536 2453 1620 2494 urbs

935 2513 1104 2558 Calydon,
1125 2511 1207 2546 hinc
1222 2511 1365 2545 Daunia
1378 2511 1487 2546 etiam
1500 2537 1510 2554 ,
1528 2523 1621 2547 nova

931 2563 1032 2599 sedes
1040 2562 1237 2606 Diomedis,
1249 2575 1312 2607 per
1323 2564 1512 2608 Calydonia
1518 2576 1623 2608 regna

933 2615 1140 2650 declaratur.
1157 2632 1201 2642 -
1218 2616 1290 2650 Pro
1319 2616 1495 2650 Peucctt'os
1520 2616 1629 2651 MSS

931 2670 1009 2704 sere
1021 2682 1148 2704 omnes
1157 2668 1293 2704 diversa
1307 2668 1500 2704 lectionum
1514 2682 1623 2705 mon-

933 2730 1003 2758 stra
1015 2721 1181 2757 exhibent
1195 2736 1203 2764 3
1219 2721 1278 2757 sed
1297 2735 1416 2757 veram
1429 2723 1620 2758 restituisse

933 2773 1074 2809 videtur
1089 2771 1319 2809 Burmannus
1340 2787 1494 2820 :nempe
1514 2774 1621 2809 Dau-

934 2826 1002 2862 niis
1011 2826 1115 2862 vicini
1122 2829 1318 2863 Peucetlc‘et
1326 2829 1498 2871 Messapii
1502 2838 1515 2870 ,·
1525 2839 1623 2862 nam·
