1820 3106
349 211 1045 258 METAMORPHOSEON
1076 215 1206 277 leB.
1243 217 1387 261 XIV.

1499 216 1580 272 451

169 308 270 357 Una
288 318 455 365 tamen,
478 323 581 372 quae
603 324 688 354 nos
711 304 946 372 ipsumque
966 304 1156 355 vehebat
1179 306 1362 367 Ulixen,

169 383 344 448 Effugi-t
364 402 375 432 :
393 373 551 432 amissa
573 382 794 431 sociorum
815 395 940 449 parte
954 420 966 441 ‚
987 382 1212 441 dolentes,

171 460 404 528 Multaque
425 459 655 526 conquesti
679 460 807 508 terris
830 459 1077 510 adlabimur
1097 460 1210 519 illis,

169 535 296 604 Quas
308 536 463 605 procul
475 536 580 585 hinc
599 537 739 586 cernis
751 557 761 585 :
773 537 927 604 procul
941 538 1045 587 hinc
1058 539 1156 598 tibi,
1174 557 1317 599 celae,
1328 540 1515 590 videnda
1528 555 1596 591 est

169 614 342 671 Insula,
368 615 460 664 visa
482 614 591 663 mihi
613 634 622 662 ε
645 626 781 681 tuque
796 652 808 674 ‚
831 634 859 663 o
881 615 1120 680 justissime
1140 617 1307 667 Troum
1321 656 1334 677 ,

1531 634 1597 679 245

167 694 280 743 Nate
302 694 396 743 Dea
418 697 590 760 (neque
615 693 732 742 enim
751 691 881 741 finito
904 694 1048 742 Marte
1072 689 1295 743 voca-indus

167 771 325 821 Hostis
348 791 420 830 es,
443 771 633 833 AEnea),
656 789 816 819 moneo
831 809 843 830 ‚
864 770 968 834 fuge
990 770 1123 820 litora
1146 771 1309 821 Circes.

166 851 263 901 Nos
286 869 463 918 quoque
491 850 658 899 Circaeo
682 849 866 913 religata
886 850 933 898 i'n
956 848 1083 899 litore
1105 850 1217 917 pinu

167 929 428 996 Antiphatae
439 945 686 990 memores,
711 928 1080 995 immansuetique
1103 929 1312 996 Cyclopis
1326 968 1338 989 ‚

168 1008 239 1056 Ire
260 1001 531 1071 negabimus
548 1043 560 1064 ‚
584 1017 628 1054 et
651 1017 764 1055 tecta
789 1005 943 1069 ignota
966 1006 1129 1054 subire.

1534 1023 1600 1056 250

171 1087 298 1136 Sorte
322 1104 474 1135 sumus
496 1084 597 1134 lecti
617 1104 626 1132 :
652 1103 749 1133 sors
773 1103 841 1133 me
861 1083 1090 1151 fidumque
1113 1083 1290 1134 Politen

169 1165 560 1234 Eurylochumque
585 1163 742 1222 simul,
768 1164 982 1232 nimiique
1004 1163 1226 1231 Elpenora
1249 1165 1361 1224 vini,

169 1246 338 1314 Bisque
361 1265 520 1295 novem
547 1245 690 1294 socios
711 1244 873 1293 Circaea
899 1243 954 1291 ad
975 1244 1136 1292 moenia
1154 1243 1286 1293 misit.

173 1322 287 1387 Quae
309 1320 442 1372 simul
461 1320 724 1385 adtigimus‚
748 1319 1041 1387 stetimusque
1065 1320 1114 1369 in
1137 1320 1286 1369 limine
1304 1320 1408 1370 tecti
1421 1359 1433 1380 ‚

169 1435 302 1467 tenuare
310 1433 416 1476 dapes
427 1442 439 1474 ‚¹
457 1429 526 1465 vid.
535 1429 703 1465 Heinsius
714 1429 772 1475 qui
783 1429 851 1465 hoc

171 1496 214 1519 ex
229 1482 366 1518 duobus
381 1482 506 1525 MSS',
524 1482 634 1518 altero
658 1481 788 1516 Hamb.
815 1487 850 1516 et

170 1548 236 1583 pro
249 1535 384 1571 diversa
397 1535 547 1571 lectione
562 1547 614 1581 pr.
634 1534 769 1569 Erfurt.
791 1546 851 1569 re—

169 1588 262 1635 cepit
277 1601 342 1635 pro
361 1588 570 1634 Conjae'ct'unt,
594 1586 690 1633 quod
709 1587 745 1621 in
763 1599 850 1621 om-

106 1642 108 1646 '
169 1641 272 1676 uibus
287 1639 359 1676 aliis
375 1640 432 1684 (et
447 1640 485 1675 in
505 1640 647 1686 Regiis)
667 1639 805 1686 legitur.

212 1695 288 1738 244
317 1694 446 1728 Procul
463 1694 544 1727 hinc
574 1695 638 1727 tibi
665 1698 730 1727 etc.
762 1691 851 1728 Haec

167 1745 274 1780 verba
303 1751 399 1780 recte
423 1743 625 1779 emendavit
652 1743 849 1786 Heinsius;

168 1797 273 1843 vulgo
290 1797 349 1841 (et
361 1797 398 1831 in
409 1795 528 1831 codice
546 1796 658 1841 Regio
670 1796 700 1830 B
712 1796 856 1839 >procul

168 1853 248 1887 hinc
257 1852 447 1885 mihicrede
458 1851 624 1891 videnda,·
636 1848 779 1894 quidam
790 1851 856 1884 tibi

170 1905 291 1947 credo,·
305 1902 449 1948 Neapol.
463 1902 523 1949 (et
533 1901 640 1938 codex
655 1902 785 1948 Regius
796 1901 850 1946 A)

165 1959 239 1994 ⁴tibi
259 1950 354 1992 crede
374 1958 563 1992 videndam.
586 1973 629 1981 --
656 1955 711 1989 De
731 1954 852 1990 Circes

172 2009 286 2045 insula
299 2007 378 2044 vide
392 2020 495 2053 supra
512 2006 555 2042 ad
573 2020 658 2042 vers.
676 2020 714 2041 ιο
732 2020 740 2047 ;
759 2006 853 2042 conf.

174 2062 358 2097 Homerus
372 2059 455 2095 iude
472 2072 493 2094 a
512 2071 615 2094 versu
644 2059 715 2093 135.
732 2058 852 2093 Com-

174 2120 292 2150 motus
307 2112 460 2159 periculo
475 2112 524 2147 ibi
538 2119 700 2158 superato
710 2138 721 2156 ‚
747 2125 853 2147 com-

175 2164 281 2201 moda
291 2165 519 2201 conversione
537 2163 690 2199 AEneam
712 2164 855 2200 adstan-

175 2226 250 2254 tem
267 2216 487 2262 adloquitur,
515 2229 591 2262 quae
615 2217 718 2252 simul
742 2216 824 2252 facit
842 2243 851 2261 ,

174 2277 215 2305 ut
234 2269 329 2305 hunc
356 2275 436 2303 ante
465 2267 582 2303 oeulos
598 2275 715 2303 teneat
735 2269 853 2305 lector.

174 2322 300 2368 Neque
311 2321 380 2356 huc
391 2319 604 2366 adpulerunt
614 2320 762 2366 Troiani
773 2348 782 2363 ,
793 2320 854 2356 sed

177 2373 395 2420 prater-vecti
414 2378 498 2407 sunt
513 2371 569 2406 illa
586 2370 708 2414 litora-‚
730 2371 854 2418 virgil.

176 2426 251 2462 VII
263 2453 273 2470 ,
291 2426 414 2460 21-23.

221 2479 296 2526 249.
311 2478 508 2522 Antt'pbatae
523 2488 680 2510 memores
696 2483 760 2511 etc.
774 2476 856 2512 Ho-

179 2540 296 2564 merus
309 2555 318 2573 ,
338 2542 424 2564 vers.
440 2543 501 2576 199
517 2541 524 2563 :
544 2531 754 2572 Μνησαμένοις
765 2532 856 2574 ’ἔργων

179 2584 402 2631 Λαιστρυγόνος
422 2573 599 2627 Α’ντιςτάταο
618 2606 627 2624 ,
650 2583 810 2620 Κύκλωπές
825 2597 856 2616 τε

179 2638 253 2677 βίης
277 2636 478 2682 μεγαλήτορος
510 2632 718 2681 σἰνσῖεοῖοέγοιο.
744 2650 788 2657 -·
814 2632 858 2666 In

178 2690 416 2722 immansuetus
438 2684 567 2719 frustra
589 2684 763 2720 haeserunt
778 2685 856 2720 intt.

180 2738 277 2784 quasi
302 2737 430 2774 leviore
452 2736 556 2773 nimis
570 2750 641 2773 voc.
659 2750 723 2783 pro
742 2738 857 2785 Poly-

914 1428 1034 1475 phemi
1049 1428 1254 1464 crudelitate
1271 1442 1279 1470 ;
1297 1430 1394 1465 saevis
1411 1430 1506 1465 enim
1523 1431 1601 1468 bes·

915 1480 992 1525 tiis,
1012 1487 1050 1515 ut
1070 1481 1151 1524 XV,
1165 1482 1226 1524 85,
1247 1481 1412 1527 tigribus,
1435 1483 1601 1519 tribuitur

913 1536 1166 1574 immansuetum
1182 1537 1360 1579 ingenium.
1371 1553 1416 1561 —-
1427 1537 1482 1570 Ire
1497 1550 1602 1581 nega-

914 1589 1033 1622 bamus
1048 1615 1056 1630 ,
1079 1594 1115 1623 et
1133 1594 1223 1623 tecta
1242 1596 1306 1623 etc.
1329 1588 1478 1624 Codices
1499 1590 1601 1636 Regii

914 1640 1054 1684 nostri,
1082 1647 1118 1675 et
1145 1640 1372 1676 Florentinus
1393 1641 1429 1676 S.
1457 1642 1569 1677 Marci
1588 1669 1599 1687 ,

915 1691 1047 1728 habent
1063 1694 1128 1727 sed
1141 1698 1257 1735 lectu,·
1288 1700 1382 1728 certe
1402 1699 1442 1727 ut
1460 1694 1601 1729 tollatur

915 1745 1041 1779 vitium
1055 1745 1162 1779 metri
1175 1771 1184 1788 ,
1202 1745 1262 1780 sed
1280 1744 1359 1779 vide
1376 1758 1453 1790 quae
1469 1746 1510 1779 ad
1525 1747 1578 1782 lx
1589 1774 1600 1792 ,

918 1799 1003 1840 405,
1031 1796 1180 1831 diximus
1201 1811 1209 1838 ;
1235 1804 1271 1831 et
1298 1804 1424 1842 praeter
1445 1799 1602 1845 exempla

918 1860 994 1894 quae
1011 1847 1053 1882 ad
1068 1849 1183 1883 locum
1197 1848 1328 1883 dictum
1341 1862 1382 1883 ex
1395 1850 1522 1885 Nostro
1538 1851 1603 1885 ad-

917 1901 1060 1936 tulimus
1072 1927 1081 1942 ,
1102 1901 1224 1948 Virgil.
1241 1902 1288 1936 ait
1298 1928 1307 1946 ,
1323 1901 1407 1938 AEn.
1425 1903 1478 1938 lX
1490 1929 1499 1947 ‚
1512 1904 1578 1952 609
1590 1931 1599 1948 ,

916 1965 1077 1998 versaque
1084 1953 1264 1997 juvencum
1288 1955 1395 1998 Terga
1407 1953 1602 2000 fatigamus

916 2006 1027 2039 basta.
1050 2003 1116 2038 Ed.

965 2059 1040 2091 251.
1057 2058 1136 2091 Sors
1150 2069 1202 2091 me
1202 2058 1377 2103 fidumque
1387 2064 1451 2094 etc.
1465 2059 1602 2094 Home-

918 2122 978 2145 rus
990 2109 1111 2156 viginti
1123 2117 1192 2144 tres
1205 2109 1326 2144 missos
1340 2118 1458 2146 narrat
1471 2137 1480 2154 ,
1493 2125 1511 2146 e
1523 2112 1603 2157 qui-

918 2163 982 2198 bus
998 2175 1073 2198 non
1085 2163 1149 2198 nisi
1162 2165 1386 2210 Eurylochum
1399 2163 1526 2199 ducem
1539 2191 1548 2208 ,
1566 2172 1602 2200 et

917 2229 966 2251 vs.
979 2217 1042 2250 225
1052 2242 1062 2259 ,
1074 2217 1204 2250 Politen
1216 2216 1376 2250 nominat
1387 2230 1395 2257 ;
1409 2215 1469 2250 sed
1482 2215 1539 2251 lib.
1553 2224 1578 2253 K
1588 2243 1599 2261 ,

921 2269 1005 2310 552,
1030 2274 1065 2302 et
1086 2274 1115 2302 A
1131 2293 1141 2310 ‚
1168 2267 1213 2300 60
1233 2280 1295 2312 sqq
1311 2292 1320 2309 ,
1348 2269 1496 2311 Elpenor
1515 2268 1601 2302 ine—

919 2320 1050 2355 briatus
1073 2318 1116 2354 de
1144 2317 1264 2355 Circes
1290 2326 1381 2354 tecto
1408 2319 1573 2355 decidisse
1589 2345 1599 2363 ‚

917 2371 1098 2417 fractaque
1114 2372 1246 2407 cervice
1266 2380 1426 2406 mortuus
1444 2386 1516 2407 esse
1536 2386 1600 2406 re—

918 2427 1043 2462 fertur.
1056 2428 1151 2462 Hinc
1164 2431 1262 2462 nimii
1269 2431 1358 2469 vini,
1377 2427 1470 2472 quod
1486 2428 1602 2462 Hein-

920 2480 990 2515 sius
1002 2486 1037 2514 et
1049 2479 1277 2530 Burmannus
1287 2479 1460 2513 illustrant
1471 2492 1510 2513 ex
1522 2480 1603 2514 Ho-

921 2532 1027 2575 ratio,
1047 2531 1083 2574 1,
1103 2530 1175 2566 Od.
1193 2542 1324 2574 xxxvl,
1348 2532 1404 2575 13,
1421 2534 1601 2568 multiHa-

921 2585 1022 2618 mulis·
1032 2586 1133 2624 mer1';
1146 2583 1199 2625 11,
1213 2581 1284 2616 Od.
1302 2596 1312 2616 1
1320 2597 1337 2617 2
1351 2609 1361 2626 ,
1371 2587 1505 2618 nimium
1515 2597 1603 2619 mero

921 2635 1098 2681 Hylaeum;
1116 2633 1289 2668 Suetonio
1302 2660 1311 2677 ,
1336 2636 1424 2681 Aug.
1444 2636 1484 2682 76
1496 2662 1505 2680 ‚
1529 2638 1608 2671 Cibi

922 2690 1055 2721 minimi
1066 2694 1161 2729 erat‚'
1180 2694 1214 2721 et
1231 2685 1426 2724 Columella
1438 2715 1447 2733 ,
1466 2689 1520 2724 VI
1532 2715 1541 2733 ,
1561 2703 1578 2723 2
1592 2714 1601 2732 ,

925 2739 1031 2773 Multi
1042 2741 1113 2773 cibi
1123 2746 1156 2773 et
1168 2741 1297 2776 edaces.
