<?xml version="1.0" encoding="UTF-8"?>
<!DOCTYPE html PUBLIC "-//W3C//DTD XHTML 1.0 Transitional//EN"
    "http://www.w3.org/TR/xhtml1/DTD/xhtml1-transitional.dtd">
<html xmlns="http://www.w3.org/1999/xhtml" xml:lang="en" lang="en">
 <head>
  <title>
</title>
<meta http-equiv="Content-Type" content="text/html;charset=utf-8" />
  <meta name='ocr-system' content='tesseract 3.04.00' />
  <meta name='ocr-capabilities' content='ocr_page ocr_carea ocr_par ocr_line ocrx_word'/>
</head>
<body>
  <div class='ocr_page' id='page_1' title='image "./quaeextantomniao04oviduoft_0448.png"; bbox 0 0 1820 3106; ppageno 0'>
   <div class='ocr_carea' id='block_1_1' title="bbox 280 236 370 292">
    <p class='ocr_par' dir='ltr' id='par_1_1' title="bbox 280 236 370 292">
     <span class='ocr_line' id='line_1_1' title="bbox 280 236 370 292; baseline 0 0"><span class='ocrx_word' id='word_1_1' title='bbox 280 236 370 292; x_wconf 74' lang='lat'>434</span> 
     </span>
    </p>
   </div>
   <div class='ocr_carea' id='block_1_2' title="bbox 652 218 1328 282">
    <p class='ocr_par' dir='ltr' id='par_1_2' title="bbox 652 218 1328 282">
     <span class='ocr_line' id='line_1_2' title="bbox 652 218 1328 282; baseline 0.003 -2"><span class='ocrx_word' id='word_1_2' title='bbox 652 238 704 280; x_wconf 87' lang='lat' dir='ltr'>P.</span> <span class='ocrx_word' id='word_1_3' title='bbox 737 218 990 281; x_wconf 84' lang='lat' dir='ltr'>&#39;ov1D11</span> <span class='ocrx_word' id='word_1_4' title='bbox 1027 236 1328 282; x_wconf 75' lang='lat' dir='ltr'><strong>NASONIS</strong></span> 
     </span>
    </p>
   </div>
   <div class='ocr_carea' id='block_1_3' title="bbox 275 329 1709 549">
    <p class='ocr_par' dir='ltr' id='par_1_3' title="bbox 275 329 1709 549">
     <span class='ocr_line' id='line_1_3' title="bbox 275 329 1497 399; baseline 0.002 -20"><span class='ocrx_word' id='word_1_5' title='bbox 275 330 409 389; x_wconf 87' lang='lat' dir='ltr'>Inde,</span> <span class='ocrx_word' id='word_1_6' title='bbox 436 350 569 379; x_wconf 89' lang='lat' dir='ltr'>manu</span> <span class='ocrx_word' id='word_1_7' title='bbox 592 348 751 392; x_wconf 87' lang='lat' dir='ltr'>magna</span> <span class='ocrx_word' id='word_1_8' title='bbox 773 329 1002 395; x_wconf 87' lang='lat' dir='ltr'>Tyrrhena</span> <span class='ocrx_word' id='word_1_9' title='bbox 1021 348 1102 396; x_wconf 91' lang='lat' dir='ltr'>per</span> <span class='ocrx_word' id='word_1_10' title='bbox 1124 350 1301 398; x_wconf 85' lang='lat' dir='ltr'>aequora</span> <span class='ocrx_word' id='word_1_11' title='bbox 1324 331 1497 399; x_wconf 84' lang='lat' dir='ltr'>lapsus,</span> 
     </span>
     <span class='ocr_line' id='line_1_4' title="bbox 279 405 1365 474; baseline 0 -18"><span class='ocrx_word' id='word_1_12' title='bbox 279 407 539 456; x_wconf 86' lang='lat' dir='ltr'>Herbiferos</span> <span class='ocrx_word' id='word_1_13' title='bbox 563 407 672 456; x_wconf 87' lang='lat' dir='ltr'>adiit</span> <span class='ocrx_word' id='word_1_14' title='bbox 695 405 827 454; x_wconf 89' lang='lat' dir='ltr'>colles</span> <span class='ocrx_word' id='word_1_15' title='bbox 843 443 855 464; x_wconf 81' lang='lat'><strong><em>,</em></strong></span> <span class='ocrx_word' id='word_1_16' title='bbox 879 419 1009 474; x_wconf 85' lang='lat' dir='ltr'>atque</span> <span class='ocrx_word' id='word_1_17' title='bbox 1034 407 1143 455; x_wconf 87' lang='lat' dir='ltr'>atria</span> <span class='ocrx_word' id='word_1_18' title='bbox 1170 406 1365 456; x_wconf 85' lang='lat' dir='ltr'>Glaucus</span> 
     </span>
     <span class='ocr_line' id='line_1_5' title="bbox 279 479 1709 549; baseline 0.001 -16"><span class='ocrx_word' id='word_1_19' title='bbox 279 484 383 533; x_wconf 87' lang='lat' dir='ltr'>Sole</span> <span class='ocrx_word' id='word_1_20' title='bbox 406 496 507 533; x_wconf 83' lang='lat' dir='ltr'>satae</span> <span class='ocrx_word' id='word_1_21' title='bbox 531 484 679 532; x_wconf 82' lang='lat' dir='ltr'>Circes</span> <span class='ocrx_word' id='word_1_22' title='bbox 697 522 708 542; x_wconf 87' lang='lat'>,</span> <span class='ocrx_word' id='word_1_23' title='bbox 731 479 944 532; x_wconf 80' lang='lat' dir='ltr'>variarum</span> <span class='ocrx_word' id='word_1_24' title='bbox 971 483 1100 549; x_wconf 83' lang='lat' dir='ltr'>plena</span> <span class='ocrx_word' id='word_1_25' title='bbox 1121 484 1323 532; x_wconf 87' lang='lat' dir='ltr'>ferarum.</span> <span class='ocrx_word' id='word_1_26' title='bbox 1575 540 1577 542; x_wconf 44' lang='grc'><strong>,</strong></span> <span class='ocrx_word' id='word_1_27' title='bbox 1668 510 1709 534; x_wconf 81' lang='grc' dir='ltr'>ιο</span> 
     </span>
    </p>
   </div>
   <div class='ocr_carea' id='block_1_4' title="bbox 280 561 1478 628">
    <p class='ocr_par' dir='ltr' id='par_1_4' title="bbox 280 561 1478 628">
     <span class='ocr_line' id='line_1_6' title="bbox 280 561 1478 628; baseline 0 -18"><span class='ocrx_word' id='word_1_28' title='bbox 280 563 425 627; x_wconf 84' lang='lat' dir='ltr'>Quam</span> <span class='ocrx_word' id='word_1_29' title='bbox 449 561 580 610; x_wconf 86' lang='lat' dir='ltr'>simul</span> <span class='ocrx_word' id='word_1_30' title='bbox 605 561 808 628; x_wconf 84' lang='lat' dir='ltr'>adspexit</span> <span class='ocrx_word' id='word_1_31' title='bbox 823 599 835 621; x_wconf 91' lang='lat'>‚</span> <span class='ocrx_word' id='word_1_32' title='bbox 862 561 1000 619; x_wconf 86' lang='lat' dir='ltr'>dicta,</span> <span class='ocrx_word' id='word_1_33' title='bbox 1028 573 1291 627; x_wconf 86' lang='lat' dir='ltr'>acceptaque</span> <span class='ocrx_word' id='word_1_34' title='bbox 1314 562 1478 619; x_wconf 83' lang='lat' dir='ltr'>salute;</span> 
     </span>
    </p>
   </div>
   <div class='ocr_carea' id='block_1_5' title="bbox 281 639 1442 705">
    <p class='ocr_par' dir='ltr' id='par_1_5' title="bbox 281 639 1442 705">
     <span class='ocr_line' id='line_1_7' title="bbox 281 639 1442 705; baseline 0.003 -21"><span class='ocrx_word' id='word_1_35' title='bbox 281 663 305 684; x_wconf 88' lang='lat'>«</span> <span class='ocrx_word' id='word_1_36' title='bbox 331 641 469 697; x_wconf 87' lang='lat' dir='ltr'>Diva,</span> <span class='ocrx_word' id='word_1_37' title='bbox 496 640 580 687; x_wconf 85' lang='lat' dir='ltr'>Dei</span> <span class='ocrx_word' id='word_1_38' title='bbox 603 640 828 696; x_wconf 90' lang='lat' dir='ltr'>miserere,</span> <span class='ocrx_word' id='word_1_39' title='bbox 853 657 1012 705; x_wconf 88' lang='lat' dir='ltr'>precor</span> <span class='ocrx_word' id='word_1_40' title='bbox 1032 659 1042 686; x_wconf 93' lang='lat'>:</span> <span class='ocrx_word' id='word_1_41' title='bbox 1062 658 1162 686; x_wconf 87' lang='lat' dir='ltr'>nam</span> <span class='ocrx_word' id='word_1_42' title='bbox 1186 639 1278 687; x_wconf 91' lang='lat' dir='ltr'>sola</span> <span class='ocrx_word' id='word_1_43' title='bbox 1302 639 1442 688; x_wconf 90' lang='lat' dir='ltr'>levare</span> 
     </span>
    </p>
   </div>
   <div class='ocr_carea' id='block_1_6' title="bbox 280 716 1664 859">
    <p class='ocr_par' dir='ltr' id='par_1_6' title="bbox 280 716 1664 859">
     <span class='ocr_line' id='line_1_8' title="bbox 280 716 1664 785; baseline 0.004 -23"><span class='ocrx_word' id='word_1_44' title='bbox 280 741 304 763; x_wconf 90' lang='lat'>»</span> <span class='ocrx_word' id='word_1_45' title='bbox 331 719 403 767; x_wconf 92' lang='lat' dir='ltr'>Tu</span> <span class='ocrx_word' id='word_1_46' title='bbox 428 730 556 785; x_wconf 90' lang='lat' dir='ltr'>potes</span> <span class='ocrx_word' id='word_1_47' title='bbox 579 717 722 774; x_wconf 88' lang='lat' dir='ltr'>hunc,</span> <span class='ocrx_word' id='word_1_48' title='bbox 749 716 887 774; x_wconf 81' lang='lat' dir='ltr'>dixit,</span> <span class='ocrx_word' id='word_1_49' title='bbox 912 716 1060 764; x_wconf 87' lang='lat' dir='ltr'>videar</span> <span class='ocrx_word' id='word_1_50' title='bbox 1083 717 1215 764; x_wconf 90' lang='lat' dir='ltr'>modo</span> <span class='ocrx_word' id='word_1_51' title='bbox 1234 717 1422 779; x_wconf 84' lang='lat' dir='ltr'>dignus,</span> <span class='ocrx_word' id='word_1_52' title='bbox 1447 736 1664 767; x_wconf 86' lang='lat' dir='ltr'>amorem:</span> 
     </span>
     <span class='ocr_line' id='line_1_9' title="bbox 281 792 1469 859; baseline 0.002 -21"><span class='ocrx_word' id='word_1_53' title='bbox 281 817 305 839; x_wconf 69' lang='grc' dir='ltr'><strong>υ</strong></span> <span class='ocrx_word' id='word_1_54' title='bbox 335 796 516 859; x_wconf 81' lang='lat' dir='ltr'>Quanta</span> <span class='ocrx_word' id='word_1_55' title='bbox 540 794 598 841; x_wconf 87' lang='lat' dir='ltr'>sit</span> <span class='ocrx_word' id='word_1_56' title='bbox 621 793 858 841; x_wconf 89' lang='lat' dir='ltr'>herbarum</span> <span class='ocrx_word' id='word_1_57' title='bbox 873 830 884 850; x_wconf 87' lang='lat'><strong>‚</strong></span> <span class='ocrx_word' id='word_1_58' title='bbox 909 792 1085 850; x_wconf 80' lang='lat' dir='ltr'>Titani,</span> <span class='ocrx_word' id='word_1_59' title='bbox 1110 793 1309 858; x_wconf 85' lang='lat' dir='ltr'>potentia</span> <span class='ocrx_word' id='word_1_60' title='bbox 1330 792 1469 849; x_wconf 86' lang='lat' dir='ltr'>nulli,</span> 
     </span>
    </p>
   </div>
   <div class='ocr_carea' id='block_1_7' title="bbox 225 869 1708 1326">
    <p class='ocr_par' dir='ltr' id='par_1_7' title="bbox 225 869 1706 1005">
     <span class='ocr_line' id='line_1_10' title="bbox 280 869 1706 936; baseline 0.002 -20"><span class='ocrx_word' id='word_1_61' title='bbox 280 894 304 916; x_wconf 71' lang='lat' dir='ltr'>n</span> <span class='ocrx_word' id='word_1_62' title='bbox 335 873 480 935; x_wconf 84' lang='lat' dir='ltr'>Quam</span> <span class='ocrx_word' id='word_1_63' title='bbox 504 871 610 919; x_wconf 81' lang='lat' dir='ltr'>mihi</span> <span class='ocrx_word' id='word_1_64' title='bbox 638 870 884 934; x_wconf 75' lang='lat' dir='ltr'>cognitiuS‚</span> <span class='ocrx_word' id='word_1_65' title='bbox 911 870 988 936; x_wconf 91' lang='lat' dir='ltr'>qui</span> <span class='ocrx_word' id='word_1_66' title='bbox 1010 889 1106 917; x_wconf 92' lang='lat' dir='ltr'>sum</span> <span class='ocrx_word' id='word_1_67' title='bbox 1131 881 1327 917; x_wconf 82' lang='lat' dir='ltr'>mutatus</span> <span class='ocrx_word' id='word_1_68' title='bbox 1346 869 1402 917; x_wconf 87' lang='lat' dir='ltr'>ab</span> <span class='ocrx_word' id='word_1_69' title='bbox 1428 869 1528 918; x_wconf 88' lang='lat' dir='ltr'>illis.</span> <span class='ocrx_word' id='word_1_70' title='bbox 1667 885 1706 919; x_wconf 83' lang='lat'>1⁵</span> 
     </span>
     <span class='ocr_line' id='line_1_11' title="bbox 225 946 1356 1005; baseline 0 -11"><span class='ocrx_word' id='word_1_71' title='bbox 225 975 228 979; x_wconf 94' lang='lat'>·</span> <span class='ocrx_word' id='word_1_72' title='bbox 281 973 304 994; x_wconf 91' lang='lat'>»</span> <span class='ocrx_word' id='word_1_73' title='bbox 334 953 452 998; x_wconf 88' lang='lat' dir='ltr'>Neve</span> <span class='ocrx_word' id='word_1_74' title='bbox 473 949 559 997; x_wconf 87' lang='lat' dir='ltr'>mei</span> <span class='ocrx_word' id='word_1_75' title='bbox 585 968 677 996; x_wconf 89' lang='lat' dir='ltr'>non</span> <span class='ocrx_word' id='word_1_76' title='bbox 698 960 806 996; x_wconf 85' lang='lat' dir='ltr'>nota</span> <span class='ocrx_word' id='word_1_77' title='bbox 830 948 913 995; x_wconf 85' lang='lat' dir='ltr'>tibi</span> <span class='ocrx_word' id='word_1_78' title='bbox 938 948 996 996; x_wconf 90' lang='lat' dir='ltr'>sit</span> <span class='ocrx_word' id='word_1_79' title='bbox 1019 966 1146 995; x_wconf 86' lang='lat' dir='ltr'>causa</span> <span class='ocrx_word' id='word_1_80' title='bbox 1167 946 1356 1005; x_wconf 84' lang='lat' dir='ltr'>furoris,</span> 
     </span>
    </p>

    <p class='ocr_par' dir='ltr' id='par_1_8' title="bbox 282 1024 1392 1086">
     <span class='ocr_line' id='line_1_12' title="bbox 282 1024 1392 1086; baseline -0.005 -10"><span class='ocrx_word' id='word_1_81' title='bbox 282 1050 306 1072; x_wconf 84' lang='lat'>»</span> <span class='ocrx_word' id='word_1_82' title='bbox 334 1027 484 1076; x_wconf 80' lang='lat' dir='ltr'>Litore</span> <span class='ocrx_word' id='word_1_83' title='bbox 507 1027 553 1074; x_wconf 87' lang='lat' dir='ltr'>in</span> <span class='ocrx_word' id='word_1_84' title='bbox 578 1026 732 1074; x_wconf 89' lang='lat' dir='ltr'>Italico</span> <span class='ocrx_word' id='word_1_85' title='bbox 748 1064 760 1083; x_wconf 82' lang='lat'>‚</span> <span class='ocrx_word' id='word_1_86' title='bbox 787 1025 1009 1074; x_wconf 79' lang='lat' dir='ltr'>Messania</span> <span class='ocrx_word' id='word_1_87' title='bbox 1033 1024 1191 1073; x_wconf 88' lang='lat' dir='ltr'>moenia</span> <span class='ocrx_word' id='word_1_88' title='bbox 1218 1036 1392 1086; x_wconf 81' lang='lat' dir='ltr'>contra,</span> 
     </span>
    </p>

    <p class='ocr_par' dir='ltr' id='par_1_9' title="bbox 240 1102 1657 1171">
     <span class='ocr_line' id='line_1_13' title="bbox 240 1102 1657 1171; baseline 0.001 -22"><span class='ocrx_word' id='word_1_89' title='bbox 240 1108 243 1112; x_wconf 84' lang='lat'>&#39;</span> <span class='ocrx_word' id='word_1_90' title='bbox 282 1127 306 1149; x_wconf 87' lang='lat'>»</span> <span class='ocrx_word' id='word_1_91' title='bbox 335 1104 612 1171; x_wconf 67' lang='lat' dir='ltr'>Scylla‘mihi</span> <span class='ocrx_word' id='word_1_92' title='bbox 637 1104 729 1152; x_wconf 82' lang='lat' dir='ltr'>visa</span> <span class='ocrx_word' id='word_1_93' title='bbox 754 1115 819 1152; x_wconf 87' lang='lat' dir='ltr'>est</span> <span class='ocrx_word' id='word_1_94' title='bbox 843 1124 851 1151; x_wconf 92' lang='lat'>:</span> <span class='ocrx_word' id='word_1_95' title='bbox 872 1103 1020 1170; x_wconf 89' lang='lat' dir='ltr'>pudor</span> <span class='ocrx_word' id='word_1_96' title='bbox 1045 1114 1111 1150; x_wconf 82' lang='lat' dir='ltr'>est</span> <span class='ocrx_word' id='word_1_97' title='bbox 1133 1102 1372 1168; x_wconf 84' lang='lat' dir='ltr'>promissa,</span> <span class='ocrx_word' id='word_1_98' title='bbox 1395 1120 1657 1169; x_wconf 87' lang='lat' dir='ltr'><strong>precesque,</strong></span> 
     </span>
    </p>

    <p class='ocr_par' dir='ltr' id='par_1_10' title="bbox 280 1179 1515 1249">
     <span class='ocr_line' id='line_1_14' title="bbox 280 1179 1515 1249; baseline -0.002 -18"><span class='ocrx_word' id='word_1_99' title='bbox 280 1205 303 1226; x_wconf 87' lang='lat'>»</span> <span class='ocrx_word' id='word_1_100' title='bbox 330 1182 664 1249; x_wconf 76' lang='lat' dir='ltr'>Blanditiasque</span> <span class='ocrx_word' id='word_1_101' title='bbox 685 1202 827 1239; x_wconf 82' lang='lat' dir='ltr'>meas,</span> <span class='ocrx_word' id='word_1_102' title='bbox 854 1192 1162 1246; x_wconf 88' lang='lat' dir='ltr'>contemtaque</span> <span class='ocrx_word' id='word_1_103' title='bbox 1186 1179 1318 1227; x_wconf 86' lang='lat' dir='ltr'>verba</span> <span class='ocrx_word' id='word_1_104' title='bbox 1341 1179 1515 1228; x_wconf 86' lang='lat' dir='ltr'>referre.</span> 
     </span>
    </p>

    <p class='ocr_par' dir='ltr' id='par_1_11' title="bbox 279 1257 1708 1326">
     <span class='ocr_line' id='line_1_15' title="bbox 279 1257 1708 1326; baseline -0.003 -18"><span class='ocrx_word' id='word_1_105' title='bbox 279 1283 303 1302; x_wconf 91' lang='lat'>»</span> <span class='ocrx_word' id='word_1_106' title='bbox 332 1260 396 1308; x_wconf 85' lang='lat' dir='ltr'>At</span> <span class='ocrx_word' id='word_1_107' title='bbox 420 1272 493 1318; x_wconf 85' lang='lat' dir='ltr'>tu,</span> <span class='ocrx_word' id='word_1_108' title='bbox 521 1259 609 1308; x_wconf 85' lang='lat' dir='ltr'>sive</span> <span class='ocrx_word' id='word_1_109' title='bbox 632 1259 801 1326; x_wconf 89' lang='lat' dir='ltr'>aliquid</span> <span class='ocrx_word' id='word_1_110' title='bbox 825 1259 950 1322; x_wconf 86' lang='lat' dir='ltr'>regni</span> <span class='ocrx_word' id='word_1_111' title='bbox 975 1270 1042 1307; x_wconf 81' lang='lat' dir='ltr'>est</span> <span class='ocrx_word' id='word_1_112' title='bbox 1064 1257 1110 1304; x_wconf 92' lang='lat' dir='ltr'>in</span> <span class='ocrx_word' id='word_1_113' title='bbox 1136 1257 1352 1316; x_wconf 85' lang='lat' dir='ltr'>carmine,</span> <span class='ocrx_word' id='word_1_114' title='bbox 1378 1275 1551 1305; x_wconf 89' lang='lat' dir='ltr'>carmen</span> <span class='ocrx_word' id='word_1_115' title='bbox 1664 1281 1708 1304; x_wconf 76' lang='lat'>20</span> 
     </span>
    </p>
   </div>
   <div class='ocr_carea' id='block_1_8' title="bbox 274 1394 961 2792">
    <p class='ocr_par' dir='ltr' id='par_1_12' title="bbox 274 1394 959 1596">
     <span class='ocr_line' id='line_1_16' title="bbox 276 1394 958 1429; baseline -0.003 0"><span class='ocrx_word' id='word_1_116' title='bbox 276 1402 368 1429; x_wconf 86' lang='lat' dir='ltr'>terra</span> <span class='ocrx_word' id='word_1_117' title='bbox 394 1402 429 1428; x_wconf 90' lang='lat' dir='ltr'>et</span> <span class='ocrx_word' id='word_1_118' title='bbox 450 1394 622 1429; x_wconf 86' lang='lat' dir='ltr'>terminus</span> <span class='ocrx_word' id='word_1_119' title='bbox 644 1394 737 1429; x_wconf 86' lang='lat' dir='ltr'>inter</span> <span class='ocrx_word' id='word_1_120' title='bbox 761 1394 897 1429; x_wconf 79' lang='lat' dir='ltr'>Italiam</span> <span class='ocrx_word' id='word_1_121' title='bbox 922 1400 958 1428; x_wconf 88' lang='lat' dir='ltr'>et</span> 
     </span>
     <span class='ocr_line' id='line_1_17' title="bbox 277 1446 957 1493; baseline -0.003 -12"><span class='ocrx_word' id='word_1_122' title='bbox 277 1447 451 1488; x_wconf 82' lang='lat' dir='ltr'>Siciliam;</span> <span class='ocrx_word' id='word_1_123' title='bbox 471 1446 550 1480; x_wconf 83' lang='lat' dir='ltr'>vide</span> <span class='ocrx_word' id='word_1_124' title='bbox 574 1447 666 1489; x_wconf 90' lang='lat' dir='ltr'>XV,</span> <span class='ocrx_word' id='word_1_125' title='bbox 697 1460 771 1493; x_wconf 85' lang='lat'>291.</span> <span class='ocrx_word' id='word_1_126' title='bbox 790 1446 957 1480; x_wconf 82' lang='lat' dir='ltr'>Heinsius</span> 
     </span>
     <span class='ocr_line' id='line_1_18' title="bbox 274 1499 959 1545; baseline -0.003 -11"><span class='ocrx_word' id='word_1_127' title='bbox 274 1499 396 1534; x_wconf 84' lang='lat' dir='ltr'>suadet</span> <span class='ocrx_word' id='word_1_128' title='bbox 411 1502 490 1532; x_wconf 81' lang='lat' dir='ltr'>terit</span> <span class='ocrx_word' id='word_1_129' title='bbox 499 1502 644 1545; x_wconf 81' lang='lat' dir='ltr'>confinia</span> <span class='ocrx_word' id='word_1_130' title='bbox 655 1526 663 1540; x_wconf 91' lang='lat'>‚</span> <span class='ocrx_word' id='word_1_131' title='bbox 681 1506 721 1533; x_wconf 93' lang='lat' dir='ltr'>ut</span> <span class='ocrx_word' id='word_1_132' title='bbox 733 1499 809 1533; x_wconf 84' lang='lat' dir='ltr'>alibi</span> <span class='ocrx_word' id='word_1_133' title='bbox 825 1502 959 1533; x_wconf 82' lang='lat' dir='ltr'>reddere</span> 
     </span>
     <span class='ocr_line' id='line_1_19' title="bbox 275 1553 643 1596; baseline -0.008 -10"><span class='ocrx_word' id='word_1_134' title='bbox 275 1558 312 1586; x_wconf 76' lang='lat' dir='ltr'>et</span> <span class='ocrx_word' id='word_1_135' title='bbox 327 1563 474 1594; x_wconf 78' lang='lat' dir='ltr'>rumpere</span> <span class='ocrx_word' id='word_1_136' title='bbox 491 1553 643 1596; x_wconf 81' lang='lat' dir='ltr'>confinia.</span> 
     </span>
    </p>

    <p class='ocr_par' dir='ltr' id='par_1_13' title="bbox 276 1603 961 2792">
     <span class='ocr_line' id='line_1_20' title="bbox 320 1603 954 1646; baseline 0 -10"><span class='ocrx_word' id='word_1_137' title='bbox 320 1603 350 1636; x_wconf 86' lang='lat'>8.</span> <span class='ocrx_word' id='word_1_138' title='bbox 367 1604 475 1637; x_wconf 82' lang='lat' dir='ltr'>Manu</span> <span class='ocrx_word' id='word_1_139' title='bbox 487 1616 624 1646; x_wconf 79' lang='lat' dir='ltr'>magna.</span> <span class='ocrx_word' id='word_1_140' title='bbox 637 1628 644 1635; x_wconf 91' lang='lat'><strong>.</strong></span> <span class='ocrx_word' id='word_1_141' title='bbox 656 1628 663 1635; x_wconf 89' lang='lat'><em>.</em></span> <span class='ocrx_word' id='word_1_142' title='bbox 676 1605 803 1646; x_wconf 78' lang='lat' dir='ltr'>lapsus.</span> <span class='ocrx_word' id='word_1_143' title='bbox 820 1603 954 1642; x_wconf 82' lang='lat' dir='ltr'>Manus,</span> 
     </span>
     <span class='ocr_line' id='line_1_21' title="bbox 278 1653 958 1699; baseline 0 -12"><span class='ocrx_word' id='word_1_144' title='bbox 278 1666 346 1699; x_wconf 86' lang='lat' dir='ltr'>qua</span> <span class='ocrx_word' id='word_1_145' title='bbox 360 1653 519 1698; x_wconf 86' lang='lat' dir='ltr'>inprimis</span> <span class='ocrx_word' id='word_1_146' title='bbox 536 1666 621 1698; x_wconf 87' lang='lat' dir='ltr'>opus</span> <span class='ocrx_word' id='word_1_147' title='bbox 633 1661 684 1688; x_wconf 91' lang='lat' dir='ltr'>est</span> <span class='ocrx_word' id='word_1_148' title='bbox 700 1654 834 1688; x_wconf 72' lang='lat' dir='ltr'>natanti</span> <span class='ocrx_word' id='word_1_149' title='bbox 849 1679 858 1697; x_wconf 85' lang='lat'>,</span> <span class='ocrx_word' id='word_1_150' title='bbox 875 1654 958 1687; x_wconf 84' lang='lat' dir='ltr'>ima-</span> 
     </span>
     <span class='ocr_line' id='line_1_22' title="bbox 276 1705 955 1751; baseline -0.001 -11"><span class='ocrx_word' id='word_1_151' title='bbox 276 1707 395 1751; x_wconf 83' lang='lat' dir='ltr'>ginem</span> <span class='ocrx_word' id='word_1_152' title='bbox 409 1705 726 1750; x_wconf 83' lang='lat' dir='ltr'>sensibussubjicit:</span> <span class='ocrx_word' id='word_1_153' title='bbox 740 1705 799 1743; x_wconf 80' lang='lat' dir='ltr'>sed</span> <span class='ocrx_word' id='word_1_154' title='bbox 812 1719 935 1749; x_wconf 72' lang='lat' dir='ltr'>magna</span> <span class='ocrx_word' id='word_1_155' title='bbox 947 1732 955 1745; x_wconf 92' lang='lat'><em>,</em></span> 
     </span>
     <span class='ocr_line' id='line_1_23' title="bbox 277 1756 959 1802; baseline -0.003 -11"><span class='ocrx_word' id='word_1_156' title='bbox 277 1757 358 1802; x_wconf 88' lang='lat' dir='ltr'>quia</span> <span class='ocrx_word' id='word_1_157' title='bbox 372 1756 481 1791; x_wconf 92' lang='lat' dir='ltr'>Deus.</span> <span class='ocrx_word' id='word_1_158' title='bbox 495 1756 579 1790; x_wconf 93' lang='lat' dir='ltr'>Duo</span> <span class='ocrx_word' id='word_1_159' title='bbox 595 1763 631 1790; x_wconf 86' lang='lat' dir='ltr'>et</span> <span class='ocrx_word' id='word_1_160' title='bbox 647 1756 812 1791; x_wconf 87' lang='lat' dir='ltr'>Politiani</span> <span class='ocrx_word' id='word_1_161' title='bbox 828 1756 959 1793; x_wconf 83' lang='lat' dir='ltr'>habent</span> 
     </span>
     <span class='ocr_line' id='line_1_24' title="bbox 276 1810 959 1855; baseline 0 -11"><span class='ocrx_word' id='word_1_162' title='bbox 276 1811 481 1854; x_wconf 82' lang='lat' dir='ltr'><em>manuforti.</em></span> <span class='ocrx_word' id='word_1_163' title='bbox 498 1828 541 1836; x_wconf 90' lang='lat'>—</span> <span class='ocrx_word' id='word_1_164' title='bbox 564 1811 651 1844; x_wconf 82' lang='lat' dir='ltr'><em>Labi</em></span> <span class='ocrx_word' id='word_1_165' title='bbox 664 1810 706 1844; x_wconf 89' lang='lat' dir='ltr'>de</span> <span class='ocrx_word' id='word_1_166' title='bbox 720 1810 840 1855; x_wconf 61' lang='lat' dir='ltr'>quovis</span> <span class='ocrx_word' id='word_1_167' title='bbox 856 1810 959 1844; x_wconf 84' lang='lat' dir='ltr'>celeri</span> 
     </span>
     <span class='ocr_line' id='line_1_25' title="bbox 277 1862 961 1904; baseline -0.003 -6"><span class='ocrx_word' id='word_1_168' title='bbox 277 1871 376 1898; x_wconf 82' lang='lat' dir='ltr'>motu</span> <span class='ocrx_word' id='word_1_169' title='bbox 392 1870 427 1898; x_wconf 88' lang='lat' dir='ltr'>et</span> <span class='ocrx_word' id='word_1_170' title='bbox 441 1876 543 1897; x_wconf 86' lang='lat' dir='ltr'>cursu</span> <span class='ocrx_word' id='word_1_171' title='bbox 559 1877 567 1904; x_wconf 76' lang='lat'><em>3</em></span> <span class='ocrx_word' id='word_1_172' title='bbox 585 1862 618 1897; x_wconf 80' lang='lat' dir='ltr'>h.</span> <span class='ocrx_word' id='word_1_173' title='bbox 635 1862 655 1896; x_wconf 91' lang='grc' dir='ltr'>Ι.</span> <span class='ocrx_word' id='word_1_174' title='bbox 673 1863 961 1897; x_wconf 49' lang='lat' dir='ltr'>natantis—Cir-</span> 
     </span>
     <span class='ocr_line' id='line_1_26' title="bbox 277 1913 960 1960; baseline -0.001 -10"><span class='ocrx_word' id='word_1_175' title='bbox 277 1929 359 1956; x_wconf 82' lang='lat' dir='ltr'>cen,</span> <span class='ocrx_word' id='word_1_176' title='bbox 385 1915 561 1960; x_wconf 84' lang='lat' dir='ltr'>insignem</span> <span class='ocrx_word' id='word_1_177' title='bbox 578 1913 773 1953; x_wconf 83' lang='lat' dir='ltr'>veneficam</span> <span class='ocrx_word' id='word_1_178' title='bbox 787 1940 796 1957; x_wconf 87' lang='lat'><em>,</em></span> <span class='ocrx_word' id='word_1_179' title='bbox 820 1915 908 1948; x_wconf 82' lang='lat' dir='ltr'>Solis</span> <span class='ocrx_word' id='word_1_180' title='bbox 925 1919 960 1949; x_wconf 88' lang='lat' dir='ltr'>et</span> 
     </span>
     <span class='ocr_line' id='line_1_27' title="bbox 278 1966 959 2011; baseline -0.001 -8"><span class='ocrx_word' id='word_1_181' title='bbox 278 1970 395 2003; x_wconf 83' lang='lat' dir='ltr'>Persae</span> <span class='ocrx_word' id='word_1_182' title='bbox 417 1968 547 2011; x_wconf 83' lang='lat' dir='ltr'>filiam,</span> <span class='ocrx_word' id='word_1_183' title='bbox 577 1967 713 2010; x_wconf 86' lang='lat' dir='ltr'>AEetae‚</span> <span class='ocrx_word' id='word_1_184' title='bbox 743 1966 959 2002; x_wconf 78' lang='lat' dir='ltr'>Colchorum</span> 
     </span>
     <span class='ocr_line' id='line_1_28' title="bbox 277 2020 959 2066; baseline -0.001 -12"><span class='ocrx_word' id='word_1_185' title='bbox 277 2021 387 2066; x_wconf 82' lang='lat' dir='ltr'>regis,</span> <span class='ocrx_word' id='word_1_186' title='bbox 405 2033 585 2063; x_wconf 89' lang='lat' dir='ltr'>sororem,</span> <span class='ocrx_word' id='word_1_187' title='bbox 608 2020 643 2053; x_wconf 86' lang='lat' dir='ltr'>in</span> <span class='ocrx_word' id='word_1_188' title='bbox 662 2020 810 2054; x_wconf 84' lang='lat' dir='ltr'>insulam</span> <span class='ocrx_word' id='word_1_189' title='bbox 827 2033 959 2064; x_wconf 89' lang='lat' dir='ltr'>quam-</span> 
     </span>
     <span class='ocr_line' id='line_1_29' title="bbox 280 2072 960 2106; baseline -0.001 0"><span class='ocrx_word' id='word_1_190' title='bbox 280 2072 362 2106; x_wconf 88' lang='lat' dir='ltr'>dam</span> <span class='ocrx_word' id='word_1_191' title='bbox 375 2072 509 2106; x_wconf 84' lang='lat' dir='ltr'>Oceani</span> <span class='ocrx_word' id='word_1_192' title='bbox 528 2072 749 2106; x_wconf 80' lang='lat' dir='ltr'>occidentalis</span> <span class='ocrx_word' id='word_1_193' title='bbox 765 2072 960 2106; x_wconf 79' lang='lat' dir='ltr'>transtule-</span> 
     </span>
     <span class='ocr_line' id='line_1_30' title="bbox 278 2123 960 2168; baseline 0 -10"><span class='ocrx_word' id='word_1_194' title='bbox 278 2130 332 2158; x_wconf 84' lang='lat' dir='ltr'>rat</span> <span class='ocrx_word' id='word_1_195' title='bbox 341 2136 477 2158; x_wconf 85' lang='lat' dir='ltr'>summa</span> <span class='ocrx_word' id='word_1_196' title='bbox 489 2124 674 2168; x_wconf 81' lang='lat' dir='ltr'>antiquitas</span> <span class='ocrx_word' id='word_1_197' title='bbox 685 2150 693 2165; x_wconf 91' lang='lat'>,</span> <span class='ocrx_word' id='word_1_198' title='bbox 708 2123 865 2157; x_wconf 76' lang='lat' dir='ltr'>locorum</span> <span class='ocrx_word' id='word_1_199' title='bbox 876 2123 960 2158; x_wconf 81' lang='lat' dir='ltr'>situs</span> 
     </span>
     <span class='ocr_line' id='line_1_31' title="bbox 278 2175 958 2222; baseline -0.001 -11"><span class='ocrx_word' id='word_1_200' title='bbox 278 2178 453 2222; x_wconf 86' lang='lat' dir='ltr'>ignorans.</span> <span class='ocrx_word' id='word_1_201' title='bbox 472 2176 651 2210; x_wconf 83' lang='lat' dir='ltr'>Homerus</span> <span class='ocrx_word' id='word_1_202' title='bbox 673 2175 797 2220; x_wconf 82' lang='lat' dir='ltr'>igitur,</span> <span class='ocrx_word' id='word_1_203' title='bbox 819 2175 888 2210; x_wconf 87' lang='lat' dir='ltr'>Od.</span> <span class='ocrx_word' id='word_1_204' title='bbox 906 2182 934 2210; x_wconf 86' lang='lat' dir='ltr'><strong>K</strong></span> <span class='ocrx_word' id='word_1_205' title='bbox 948 2201 958 2218; x_wconf 82' lang='grc'>,</span> 
     </span>
     <span class='ocr_line' id='line_1_32' title="bbox 283 2228 957 2275; baseline -0.004 -10"><span class='ocrx_word' id='word_1_206' title='bbox 283 2231 343 2265; x_wconf 84' lang='lat'>135</span> <span class='ocrx_word' id='word_1_207' title='bbox 362 2242 425 2274; x_wconf 84' lang='lat' dir='ltr'>sqq</span> <span class='ocrx_word' id='word_1_208' title='bbox 439 2256 448 2272; x_wconf 92' lang='lat'>,</span> <span class='ocrx_word' id='word_1_209' title='bbox 467 2236 506 2264; x_wconf 89' lang='lat' dir='ltr'>ut</span> <span class='ocrx_word' id='word_1_210' title='bbox 524 2228 689 2275; x_wconf 87' lang='lat' dir='ltr'>Ulyssem</span> <span class='ocrx_word' id='word_1_211' title='bbox 713 2241 755 2262; x_wconf 93' lang='lat' dir='ltr'>eo</span> <span class='ocrx_word' id='word_1_212' title='bbox 780 2228 957 2271; x_wconf 84' lang='lat' dir='ltr'>deferret,</span> 
     </span>
     <span class='ocr_line' id='line_1_33' title="bbox 279 2279 957 2325; baseline -0.004 -9"><span class='ocrx_word' id='word_1_213' title='bbox 279 2283 374 2317; x_wconf 78' lang='lat' dir='ltr'>illam</span> <span class='ocrx_word' id='word_1_214' title='bbox 401 2281 580 2316; x_wconf 87' lang='lat' dir='ltr'>collocavit</span> <span class='ocrx_word' id='word_1_215' title='bbox 603 2281 697 2325; x_wconf 77' lang='lat' dir='ltr'>juxta</span> <span class='ocrx_word' id='word_1_216' title='bbox 720 2280 799 2315; x_wconf 82' lang='lat' dir='ltr'>litus</span> <span class='ocrx_word' id='word_1_217' title='bbox 822 2279 928 2315; x_wconf 76' lang='lat' dir='ltr'>Italiae</span> <span class='ocrx_word' id='word_1_218' title='bbox 948 2306 957 2323; x_wconf 91' lang='lat'>,</span> 
     </span>
     <span class='ocr_line' id='line_1_34' title="bbox 280 2332 959 2379; baseline -0.004 -11"><span class='ocrx_word' id='word_1_219' title='bbox 280 2335 340 2369; x_wconf 89' lang='lat' dir='ltr'>ubi</span> <span class='ocrx_word' id='word_1_220' title='bbox 353 2341 470 2379; x_wconf 84' lang='lat' dir='ltr'>postea</span> <span class='ocrx_word' id='word_1_221' title='bbox 483 2332 657 2369; x_wconf 84' lang='lat' dir='ltr'>Circaeum</span> <span class='ocrx_word' id='word_1_222' title='bbox 674 2332 959 2378; x_wconf 86' lang='lat' dir='ltr'>promontorium</span> 
     </span>
     <span class='ocr_line' id='line_1_35' title="bbox 279 2383 959 2429; baseline -0.006 -9"><span class='ocrx_word' id='word_1_223' title='bbox 279 2386 358 2420; x_wconf 83' lang='lat' dir='ltr'>fuit.</span> <span class='ocrx_word' id='word_1_224' title='bbox 376 2385 516 2420; x_wconf 84' lang='lat' dir='ltr'>Siccatis</span> <span class='ocrx_word' id='word_1_225' title='bbox 533 2385 628 2419; x_wconf 90' lang='lat' dir='ltr'>enim</span> <span class='ocrx_word' id='word_1_226' title='bbox 646 2384 827 2429; x_wconf 88' lang='lat' dir='ltr'>paludibus</span> <span class='ocrx_word' id='word_1_227' title='bbox 841 2410 850 2427; x_wconf 88' lang='lat'>‚</span> <span class='ocrx_word' id='word_1_228' title='bbox 873 2383 959 2428; x_wconf 89' lang='lat' dir='ltr'>qui-</span> 
     </span>
     <span class='ocr_line' id='line_1_36' title="bbox 280 2436 959 2482; baseline -0.004 -9"><span class='ocrx_word' id='word_1_229' title='bbox 280 2438 344 2473; x_wconf 91' lang='lat' dir='ltr'>bus</span> <span class='ocrx_word' id='word_1_230' title='bbox 359 2437 442 2472; x_wconf 92' lang='lat' dir='ltr'>olim</span> <span class='ocrx_word' id='word_1_231' title='bbox 458 2437 658 2482; x_wconf 84' lang='lat' dir='ltr'>cingeretur</span> <span class='ocrx_word' id='word_1_232' title='bbox 669 2462 678 2479; x_wconf 89' lang='lat'>,</span> <span class='ocrx_word' id='word_1_233' title='bbox 699 2436 793 2470; x_wconf 84' lang='lat' dir='ltr'>illam</span> <span class='ocrx_word' id='word_1_234' title='bbox 808 2436 959 2470; x_wconf 86' lang='lat' dir='ltr'>insulam</span> 
     </span>
     <span class='ocr_line' id='line_1_37' title="bbox 281 2487 959 2535; baseline -0.003 -12"><span class='ocrx_word' id='word_1_235' title='bbox 281 2496 418 2535; x_wconf 85' lang='lat' dir='ltr'>partem</span> <span class='ocrx_word' id='word_1_236' title='bbox 434 2501 506 2523; x_wconf 87' lang='lat' dir='ltr'>esse</span> <span class='ocrx_word' id='word_1_237' title='bbox 520 2488 649 2522; x_wconf 83' lang='lat' dir='ltr'>factam</span> <span class='ocrx_word' id='word_1_238' title='bbox 666 2487 877 2522; x_wconf 83' lang='lat' dir='ltr'>continentis</span> <span class='ocrx_word' id='word_1_239' title='bbox 890 2500 959 2521; x_wconf 89' lang='lat' dir='ltr'>ve-</span> 
     </span>
     <span class='ocr_line' id='line_1_38' title="bbox 281 2539 959 2587; baseline -0.003 -12"><span class='ocrx_word' id='word_1_240' title='bbox 281 2549 372 2575; x_wconf 84' lang='lat' dir='ltr'>teres</span> <span class='ocrx_word' id='word_1_241' title='bbox 383 2540 526 2575; x_wconf 83' lang='lat' dir='ltr'>tradunt</span> <span class='ocrx_word' id='word_1_242' title='bbox 539 2554 548 2581; x_wconf 84' lang='lat'><strong>;</strong></span> <span class='ocrx_word' id='word_1_243' title='bbox 568 2540 646 2574; x_wconf 90' lang='lat' dir='ltr'>vide</span> <span class='ocrx_word' id='word_1_244' title='bbox 662 2540 781 2587; x_wconf 89' lang='lat' dir='ltr'>Heyn.</span> <span class='ocrx_word' id='word_1_245' title='bbox 794 2539 875 2574; x_wconf 86' lang='lat' dir='ltr'>Exc.</span> <span class='ocrx_word' id='word_1_246' title='bbox 887 2540 904 2574; x_wconf 93' lang='grc' dir='ltr'>Ι</span> <span class='ocrx_word' id='word_1_247' title='bbox 916 2539 959 2573; x_wconf 90' lang='lat' dir='ltr'>ad</span> 
     </span>
     <span class='ocr_line' id='line_1_39' title="bbox 282 2591 961 2637; baseline -0.003 -11"><span class='ocrx_word' id='word_1_248' title='bbox 282 2592 381 2637; x_wconf 87' lang='lat' dir='ltr'>Virg.</span> <span class='ocrx_word' id='word_1_249' title='bbox 395 2592 478 2625; x_wconf 86' lang='lat' dir='ltr'>AEn.</span> <span class='ocrx_word' id='word_1_250' title='bbox 496 2591 579 2627; x_wconf 85' lang='lat' dir='ltr'>VII.</span> <span class='ocrx_word' id='word_1_251' title='bbox 598 2591 702 2626; x_wconf 87' lang='lat' dir='ltr'>Plura</span> <span class='ocrx_word' id='word_1_252' title='bbox 715 2592 758 2626; x_wconf 90' lang='lat' dir='ltr'>de</span> <span class='ocrx_word' id='word_1_253' title='bbox 773 2591 837 2626; x_wconf 86' lang='lat' dir='ltr'>hac</span> <span class='ocrx_word' id='word_1_254' title='bbox 851 2604 961 2625; x_wconf 82' lang='lat' dir='ltr'>vene-</span> 
     </span>
     <span class='ocr_line' id='line_1_40' title="bbox 282 2643 961 2687; baseline 0 -10"><span class='ocrx_word' id='word_1_255' title='bbox 282 2643 347 2678; x_wconf 82' lang='lat' dir='ltr'>fica</span> <span class='ocrx_word' id='word_1_256' title='bbox 365 2643 457 2677; x_wconf 85' lang='lat' dir='ltr'>infra</span> <span class='ocrx_word' id='word_1_257' title='bbox 474 2643 668 2678; x_wconf 86' lang='lat' dir='ltr'>videbimus</span> <span class='ocrx_word' id='word_1_258' title='bbox 693 2644 775 2678; x_wconf 88' lang='lat' dir='ltr'>inde</span> <span class='ocrx_word' id='word_1_259' title='bbox 795 2656 814 2678; x_wconf 84' lang='lat' dir='ltr'>a</span> <span class='ocrx_word' id='word_1_260' title='bbox 831 2656 877 2677; x_wconf 82' lang='lat' dir='ltr'>vs.</span> <span class='ocrx_word' id='word_1_261' title='bbox 896 2645 961 2687; x_wconf 76' lang='lat'>244</span> 
     </span>
     <span class='ocr_line' id='line_1_41' title="bbox 280 2695 959 2740; baseline 0.001 -12"><span class='ocrx_word' id='word_1_262' title='bbox 280 2708 353 2740; x_wconf 85' lang='lat' dir='ltr'>sqq.</span> <span class='ocrx_word' id='word_1_263' title='bbox 367 2713 410 2720; x_wconf 92' lang='lat'><strong>—</strong></span> <span class='ocrx_word' id='word_1_264' title='bbox 421 2695 615 2738; x_wconf 79' lang='lat' dir='ltr'>Herbt‘seros</span> <span class='ocrx_word' id='word_1_265' title='bbox 626 2698 713 2730; x_wconf 73' lang='lat' dir='ltr'><em>adiit</em></span> <span class='ocrx_word' id='word_1_266' title='bbox 725 2699 838 2730; x_wconf 81' lang='lat' dir='ltr'>colles.</span> <span class='ocrx_word' id='word_1_267' title='bbox 855 2696 959 2730; x_wconf 85' lang='lat' dir='ltr'>Her-</span> 
     </span>
     <span class='ocr_line' id='line_1_42' title="bbox 281 2745 959 2792; baseline 0.001 -12"><span class='ocrx_word' id='word_1_268' title='bbox 281 2745 333 2780; x_wconf 84' lang='lat' dir='ltr'>bis</span> <span class='ocrx_word' id='word_1_269' title='bbox 350 2758 436 2790; x_wconf 88' lang='lat' dir='ltr'>opus</span> <span class='ocrx_word' id='word_1_270' title='bbox 454 2753 528 2780; x_wconf 84' lang='lat' dir='ltr'>erat</span> <span class='ocrx_word' id='word_1_271' title='bbox 545 2747 581 2781; x_wconf 89' lang='lat' dir='ltr'>in</span> <span class='ocrx_word' id='word_1_272' title='bbox 604 2754 676 2781; x_wconf 77' lang='lat' dir='ltr'>arte</span> <span class='ocrx_word' id='word_1_273' title='bbox 694 2748 842 2792; x_wconf 61' lang='lat' dir='ltr'>magio-*313</span> <span class='ocrx_word' id='word_1_274' title='bbox 865 2747 959 2782; x_wconf 81' lang='lat' dir='ltr'>conf.</span> 
     </span>
    </p>
   </div>
   <div class='ocr_carea' id='block_1_9' title="bbox 1023 1392 1708 1848">
    <p class='ocr_par' dir='ltr' id='par_1_14' title="bbox 1023 1392 1708 1848">
     <span class='ocr_line' id='line_1_43' title="bbox 1024 1392 1705 1438; baseline 0.003 -12"><span class='ocrx_word' id='word_1_275' title='bbox 1024 1406 1071 1427; x_wconf 82' lang='lat' dir='ltr'>vs.</span> <span class='ocrx_word' id='word_1_276' title='bbox 1085 1393 1149 1427; x_wconf 79' lang='lat'>266</span> <span class='ocrx_word' id='word_1_277' title='bbox 1161 1406 1235 1438; x_wconf 86' lang='lat' dir='ltr'>sqq;</span> <span class='ocrx_word' id='word_1_278' title='bbox 1250 1393 1336 1436; x_wconf 85' lang='lat' dir='ltr'>VII,</span> <span class='ocrx_word' id='word_1_279' title='bbox 1353 1394 1417 1437; x_wconf 79' lang='lat'>224</span> <span class='ocrx_word' id='word_1_280' title='bbox 1428 1406 1501 1438; x_wconf 88' lang='lat' dir='ltr'>sqq.</span> <span class='ocrx_word' id='word_1_281' title='bbox 1513 1393 1561 1428; x_wconf 82' lang='lat' dir='ltr'>Et</span> <span class='ocrx_word' id='word_1_282' title='bbox 1572 1392 1705 1428; x_wconf 86' lang='lat' dir='ltr'>dictum</span> 
     </span>
     <span class='ocr_line' id='line_1_44' title="bbox 1025 1444 1707 1495; baseline 0.003 -17"><span class='ocrx_word' id='word_1_283' title='bbox 1025 1458 1096 1479; x_wconf 82' lang='lat' dir='ltr'>esse</span> <span class='ocrx_word' id='word_1_284' title='bbox 1110 1445 1193 1478; x_wconf 86' lang='lat' dir='ltr'>olim</span> <span class='ocrx_word' id='word_1_285' title='bbox 1204 1444 1302 1478; x_wconf 79' lang='lat' dir='ltr'>illum</span> <span class='ocrx_word' id='word_1_286' title='bbox 1314 1444 1429 1479; x_wconf 89' lang='lat' dir='ltr'>locum</span> <span class='ocrx_word' id='word_1_287' title='bbox 1441 1448 1625 1495; x_wconf 62' lang='grc' dir='ltr'>πολύῇριζον,</span> <span class='ocrx_word' id='word_1_288' title='bbox 1634 1458 1707 1479; x_wconf 89' lang='lat' dir='ltr'>mo-</span> 
     </span>
     <span class='ocr_line' id='line_1_45' title="bbox 1024 1496 1708 1542; baseline 0.003 -12"><span class='ocrx_word' id='word_1_289' title='bbox 1024 1504 1086 1530; x_wconf 84' lang='lat' dir='ltr'>net</span> <span class='ocrx_word' id='word_1_290' title='bbox 1098 1496 1238 1540; x_wconf 82' lang='lat' dir='ltr'>Strabo,</span> <span class='ocrx_word' id='word_1_291' title='bbox 1254 1498 1300 1540; x_wconf 91' lang='lat' dir='ltr'>V,</span> <span class='ocrx_word' id='word_1_292' title='bbox 1314 1510 1389 1542; x_wconf 84' lang='lat' dir='ltr'>pag.</span> <span class='ocrx_word' id='word_1_293' title='bbox 1401 1497 1476 1532; x_wconf 86' lang='lat'>355.</span> <span class='ocrx_word' id='word_1_294' title='bbox 1488 1515 1532 1523; x_wconf 92' lang='lat'>—</span> <span class='ocrx_word' id='word_1_295' title='bbox 1542 1496 1597 1532; x_wconf 86' lang='lat' dir='ltr'>De</span> <span class='ocrx_word' id='word_1_296' title='bbox 1609 1500 1708 1533; x_wconf 78' lang='lat' dir='ltr'>atn&#39;is</span> 
     </span>
     <span class='ocr_line' id='line_1_46' title="bbox 1025 1547 1683 1591; baseline 0.006 -10"><span class='ocrx_word' id='word_1_297' title='bbox 1025 1554 1059 1581; x_wconf 87' lang='lat' dir='ltr'>et</span> <span class='ocrx_word' id='word_1_298' title='bbox 1071 1548 1160 1591; x_wconf 78' lang='lat' dir='ltr'>seris</span> <span class='ocrx_word' id='word_1_299' title='bbox 1180 1547 1298 1582; x_wconf 84' lang='lat' dir='ltr'>Circes</span> <span class='ocrx_word' id='word_1_300' title='bbox 1314 1548 1383 1581; x_wconf 87' lang='lat' dir='ltr'>vid.</span> <span class='ocrx_word' id='word_1_301' title='bbox 1399 1561 1487 1583; x_wconf 84' lang='lat' dir='ltr'>vers.</span> <span class='ocrx_word' id='word_1_302' title='bbox 1502 1551 1566 1584; x_wconf 83' lang='lat'>255</span> <span class='ocrx_word' id='word_1_303' title='bbox 1578 1575 1587 1591; x_wconf 87' lang='lat'>,</span> <span class='ocrx_word' id='word_1_304' title='bbox 1609 1550 1683 1585; x_wconf 81' lang='lat'><strong>260.</strong></span> 
     </span>
     <span class='ocr_line' id='line_1_47' title="bbox 1074 1600 1705 1645; baseline 0.008 -14"><span class='ocrx_word' id='word_1_305' title='bbox 1074 1613 1122 1632; x_wconf 85' lang='lat'>12.</span> <span class='ocrx_word' id='word_1_306' title='bbox 1140 1600 1249 1638; x_wconf 65' lang='lat' dir='ltr'><em>Diva,</em></span> <span class='ocrx_word' id='word_1_307' title='bbox 1271 1601 1508 1635; x_wconf 75' lang='lat' dir='ltr'>Deimiscrere.</span> <span class='ocrx_word' id='word_1_308' title='bbox 1527 1600 1684 1644; x_wconf 84' lang='lat' dir='ltr'>Quidam</span> <span class='ocrx_word' id='word_1_309' title='bbox 1695 1628 1705 1645; x_wconf 90' lang='lat'>,</span> 
     </span>
     <span class='ocr_line' id='line_1_48' title="bbox 1027 1651 1705 1696; baseline 0.004 -11"><span class='ocrx_word' id='word_1_310' title='bbox 1027 1651 1168 1686; x_wconf 86' lang='lat' dir='ltr'>Ciofani</span> <span class='ocrx_word' id='word_1_311' title='bbox 1180 1677 1189 1693; x_wconf 93' lang='lat'>‚</span> <span class='ocrx_word' id='word_1_312' title='bbox 1213 1658 1291 1686; x_wconf 79' lang='lat' dir='ltr'>tum</span> <span class='ocrx_word' id='word_1_313' title='bbox 1308 1651 1410 1687; x_wconf 79' lang='lat' dir='ltr'>Basil.</span> <span class='ocrx_word' id='word_1_314' title='bbox 1427 1652 1563 1686; x_wconf 85' lang='lat' dir='ltr'>Bersm.</span> <span class='ocrx_word' id='word_1_315' title='bbox 1578 1660 1614 1688; x_wconf 87' lang='lat' dir='ltr'>et</span> <span class='ocrx_word' id='word_1_316' title='bbox 1628 1654 1682 1688; x_wconf 74' lang='lat' dir='ltr'>atii</span> <span class='ocrx_word' id='word_1_317' title='bbox 1695 1679 1705 1696; x_wconf 87' lang='lat'>,</span> 
     </span>
     <span class='ocr_line' id='line_1_49' title="bbox 1024 1702 1708 1748; baseline 0.004 -12"><span class='ocrx_word' id='word_1_318' title='bbox 1024 1707 1094 1737; x_wconf 83' lang='lat' dir='ltr'>mei</span> <span class='ocrx_word' id='word_1_319' title='bbox 1107 1706 1266 1737; x_wconf 78' lang='lat' dir='ltr'>miserere.</span> <span class='ocrx_word' id='word_1_320' title='bbox 1285 1702 1481 1739; x_wconf 80' lang='lat' dir='ltr'>Videbatur</span> <span class='ocrx_word' id='word_1_321' title='bbox 1504 1716 1632 1748; x_wconf 84' lang='lat' dir='ltr'>nempe</span> <span class='ocrx_word' id='word_1_322' title='bbox 1658 1704 1708 1739; x_wconf 85' lang='lat' dir='ltr'>li—</span> 
     </span>
     <span class='ocr_line' id='line_1_50' title="bbox 1024 1753 1708 1799; baseline 0.003 -11"><span class='ocrx_word' id='word_1_323' title='bbox 1024 1754 1146 1789; x_wconf 85' lang='lat' dir='ltr'>brariis</span> <span class='ocrx_word' id='word_1_324' title='bbox 1164 1753 1344 1799; x_wconf 80' lang='lat' dir='ltr'>superbius</span> <span class='ocrx_word' id='word_1_325' title='bbox 1365 1754 1461 1799; x_wconf 88' lang='lat' dir='ltr'>loqui</span> <span class='ocrx_word' id='word_1_326' title='bbox 1485 1753 1638 1792; x_wconf 83' lang='lat' dir='ltr'>Glaucus</span> <span class='ocrx_word' id='word_1_327' title='bbox 1651 1782 1660 1798; x_wconf 85' lang='lat'><strong><em>‚</em></strong></span> <span class='ocrx_word' id='word_1_328' title='bbox 1679 1756 1708 1790; x_wconf 84' lang='lat' dir='ltr'>si</span> 
     </span>
     <span class='ocr_line' id='line_1_51' title="bbox 1023 1806 1706 1848; baseline 0.003 -6"><span class='ocrx_word' id='word_1_329' title='bbox 1023 1821 1058 1842; x_wconf 90' lang='lat' dir='ltr'>se</span> <span class='ocrx_word' id='word_1_330' title='bbox 1070 1808 1189 1848; x_wconf 81' lang='lat' dir='ltr'>Deum,</span> <span class='ocrx_word' id='word_1_331' title='bbox 1202 1807 1330 1842; x_wconf 87' lang='lat' dir='ltr'>Circen</span> <span class='ocrx_word' id='word_1_332' title='bbox 1341 1808 1466 1844; x_wconf 74' lang='lat' dir='ltr'>Divom</span> <span class='ocrx_word' id='word_1_333' title='bbox 1477 1815 1626 1843; x_wconf 83' lang='lat' dir='ltr'>vocaret.</span> <span class='ocrx_word' id='word_1_334' title='bbox 1635 1806 1706 1844; x_wconf 86' lang='lat' dir='ltr'>Sed</span> 
     </span>
    </p>
   </div>
   <div class='ocr_carea' id='block_1_10' title="bbox 1024 1859 1777 1906">
    <p class='ocr_par' dir='ltr' id='par_1_15' title="bbox 1024 1859 1777 1906">
     <span class='ocr_line' id='line_1_52' title="bbox 1024 1859 1777 1906; baseline 0.004 -13"><span class='ocrx_word' id='word_1_335' title='bbox 1024 1859 1093 1893; x_wconf 87' lang='lat' dir='ltr'>vid.</span> <span class='ocrx_word' id='word_1_336' title='bbox 1108 1859 1335 1894; x_wconf 85' lang='lat' dir='ltr'>Burmannus</span> <span class='ocrx_word' id='word_1_337' title='bbox 1352 1859 1411 1904; x_wconf 89' lang='lat' dir='ltr'>qui</span> <span class='ocrx_word' id='word_1_338' title='bbox 1429 1866 1572 1903; x_wconf 86' lang='lat' dir='ltr'>monet,</span> <span class='ocrx_word' id='word_1_339' title='bbox 1590 1868 1709 1906; x_wconf 84' lang='lat' dir='ltr'>poetas</span> <span class='ocrx_word' id='word_1_340' title='bbox 1774 1865 1777 1869; x_wconf 87' lang='grc'><em>’</em></span> 
     </span>
    </p>
   </div>
   <div class='ocr_carea' id='block_1_11' title="bbox 1023 1911 1709 2793">
    <p class='ocr_par' dir='ltr' id='par_1_16' title="bbox 1023 1911 1709 2483">
     <span class='ocr_line' id='line_1_53' title="bbox 1026 1911 1708 1956; baseline 0.004 -12"><span class='ocrx_word' id='word_1_341' title='bbox 1026 1911 1222 1956; x_wconf 88' lang='lat' dir='ltr'>promiscue</span> <span class='ocrx_word' id='word_1_342' title='bbox 1238 1913 1335 1945; x_wconf 67' lang='lat' dir='ltr'>divas</span> <span class='ocrx_word' id='word_1_343' title='bbox 1350 1918 1386 1946; x_wconf 90' lang='lat' dir='ltr'>et</span> <span class='ocrx_word' id='word_1_344' title='bbox 1401 1913 1485 1946; x_wconf 82' lang='lat' dir='ltr'>deas</span> <span class='ocrx_word' id='word_1_345' title='bbox 1500 1924 1648 1947; x_wconf 85' lang='lat' dir='ltr'>vocasse.</span> <span class='ocrx_word' id='word_1_346' title='bbox 1665 1931 1708 1939; x_wconf 90' lang='lat'>--</span> 
     </span>
     <span class='ocr_line' id='line_1_54' title="bbox 1027 1963 1709 2015; baseline -0.001 -15"><span class='ocrx_word' id='word_1_347' title='bbox 1027 1964 1148 2000; x_wconf 86' lang='lat' dir='ltr'>Nostri</span> <span class='ocrx_word' id='word_1_348' title='bbox 1163 1963 1263 2008; x_wconf 79' lang='lat' dir='ltr'>Regii</span> <span class='ocrx_word' id='word_1_349' title='bbox 1279 1963 1383 1998; x_wconf 80' lang='lat' dir='ltr'>ambo</span> <span class='ocrx_word' id='word_1_350' title='bbox 1399 1965 1509 2005; x_wconf 73' lang='lat' dir='ltr'><em>Diva,</em></span> <span class='ocrx_word' id='word_1_351' title='bbox 1528 1965 1709 2015; x_wconf 69' lang='lat' dir='ltr'>Deimise-</span> 
     </span>
     <span class='ocr_line' id='line_1_55' title="bbox 1025 2015 1707 2061; baseline 0.003 -12"><span class='ocrx_word' id='word_1_352' title='bbox 1025 2015 1193 2049; x_wconf 58' lang='lat' dir='ltr'>reree-In</span> <span class='ocrx_word' id='word_1_353' title='bbox 1206 2028 1307 2050; x_wconf 87' lang='lat' dir='ltr'>versu</span> <span class='ocrx_word' id='word_1_354' title='bbox 1318 2015 1478 2060; x_wconf 83' lang='lat' dir='ltr'>sequenti</span> <span class='ocrx_word' id='word_1_355' title='bbox 1490 2027 1554 2061; x_wconf 89' lang='lat' dir='ltr'>pro</span> <span class='ocrx_word' id='word_1_356' title='bbox 1563 2029 1707 2051; x_wconf 81' lang='lat' dir='ltr'>amorem</span> 
     </span>
     <span class='ocr_line' id='line_1_56' title="bbox 1026 2068 1707 2114; baseline 0.003 -12"><span class='ocrx_word' id='word_1_357' title='bbox 1026 2068 1128 2103; x_wconf 82' lang='lat' dir='ltr'>multi</span> <span class='ocrx_word' id='word_1_358' title='bbox 1144 2068 1275 2103; x_wconf 82' lang='lat' dir='ltr'>habent</span> <span class='ocrx_word' id='word_1_359' title='bbox 1291 2082 1419 2109; x_wconf 81' lang='lat' dir='ltr'>amore,</span> <span class='ocrx_word' id='word_1_360' title='bbox 1434 2076 1474 2104; x_wconf 90' lang='lat' dir='ltr'>ut</span> <span class='ocrx_word' id='word_1_361' title='bbox 1488 2081 1570 2103; x_wconf 89' lang='lat' dir='ltr'>cum</span> <span class='ocrx_word' id='word_1_362' title='bbox 1586 2071 1707 2114; x_wconf 61' lang='lat' dir='ltr'>dignus</span> 
     </span>
     <span class='ocr_line' id='line_1_57' title="bbox 1026 2121 1699 2168; baseline 0.001 -11"><span class='ocrx_word' id='word_1_363' title='bbox 1026 2124 1203 2168; x_wconf 78' lang='lat' dir='ltr'>jungatur.</span> <span class='ocrx_word' id='word_1_364' title='bbox 1219 2121 1340 2156; x_wconf 81' lang='lat' dir='ltr'>Codex</span> <span class='ocrx_word' id='word_1_365' title='bbox 1358 2122 1488 2168; x_wconf 86' lang='lat' dir='ltr'>Regius</span> <span class='ocrx_word' id='word_1_366' title='bbox 1501 2123 1699 2164; x_wconf 78' lang='lat' dir='ltr'>Aamorem,</span> 
     </span>
     <span class='ocr_line' id='line_1_58' title="bbox 1024 2174 1708 2218; baseline 0.001 -10"><span class='ocrx_word' id='word_1_367' title='bbox 1024 2174 1133 2209; x_wconf 88' lang='lat' dir='ltr'>codex</span> <span class='ocrx_word' id='word_1_368' title='bbox 1145 2174 1174 2208; x_wconf 95' lang='grc' dir='ltr'>Β</span> <span class='ocrx_word' id='word_1_369' title='bbox 1195 2180 1312 2209; x_wconf 81' lang='lat' dir='ltr'>autem</span> <span class='ocrx_word' id='word_1_370' title='bbox 1327 2176 1446 2212; x_wconf 81' lang='lat' dir='ltr'>videar</span> <span class='ocrx_word' id='word_1_371' title='bbox 1460 2177 1558 2210; x_wconf 83' lang='lat' dir='ltr'>modo</span> <span class='ocrx_word' id='word_1_372' title='bbox 1576 2177 1708 2218; x_wconf 72' lang='lat' dir='ltr'>dt&#39;gnior</span> 
     </span>
     <span class='ocr_line' id='line_1_59' title="bbox 1025 2225 1706 2272; baseline -0.001 -11"><span class='ocrx_word' id='word_1_373' title='bbox 1025 2239 1119 2269; x_wconf 56' lang='grc' dir='ltr'>σπη’,-</span> <span class='ocrx_word' id='word_1_374' title='bbox 1151 2226 1199 2259; x_wconf 86' lang='lat' dir='ltr'>ita</span> <span class='ocrx_word' id='word_1_375' title='bbox 1223 2225 1260 2260; x_wconf 88' lang='lat' dir='ltr'>in</span> <span class='ocrx_word' id='word_1_376' title='bbox 1288 2226 1443 2271; x_wconf 86' lang='lat' dir='ltr'>quinque</span> <span class='ocrx_word' id='word_1_377' title='bbox 1469 2227 1534 2272; x_wconf 88' lang='lat' dir='ltr'>legi</span> <span class='ocrx_word' id='word_1_378' title='bbox 1560 2233 1706 2271; x_wconf 77' lang='lat' dir='ltr'>testatur</span> 
     </span>
     <span class='ocr_line' id='line_1_60' title="bbox 1023 2281 1705 2324; baseline -0.001 -10"><span class='ocrx_word' id='word_1_379' title='bbox 1023 2281 1262 2314; x_wconf 80' lang='lat' dir='ltr'>Burmannus.</span> <span class='ocrx_word' id='word_1_380' title='bbox 1277 2282 1575 2315; x_wconf 84' lang='lat' dir='ltr'>Ed.—Herbarum</span> <span class='ocrx_word' id='word_1_381' title='bbox 1585 2287 1705 2324; x_wconf 81' lang='lat' dir='ltr'>poten-</span> 
     </span>
     <span class='ocr_line' id='line_1_61' title="bbox 1025 2331 1706 2376; baseline -0.001 -9"><span class='ocrx_word' id='word_1_382' title='bbox 1025 2335 1095 2374; x_wconf 79' lang='lat' dir='ltr'><em>lz’a;</em></span> <span class='ocrx_word' id='word_1_383' title='bbox 1114 2331 1192 2366; x_wconf 81' lang='lat' dir='ltr'>vide</span> <span class='ocrx_word' id='word_1_384' title='bbox 1211 2331 1253 2366; x_wconf 88' lang='lat' dir='ltr'>ad</span> <span class='ocrx_word' id='word_1_385' title='bbox 1269 2332 1286 2367; x_wconf 93' lang='lat' dir='ltr'>I</span> <span class='ocrx_word' id='word_1_386' title='bbox 1298 2358 1307 2376; x_wconf 91' lang='lat'>,</span> <span class='ocrx_word' id='word_1_387' title='bbox 1328 2335 1402 2367; x_wconf 80' lang='lat'><strong>522.</strong></span> <span class='ocrx_word' id='word_1_388' title='bbox 1412 2350 1457 2358; x_wconf 89' lang='lat'>—</span> <span class='ocrx_word' id='word_1_389' title='bbox 1468 2334 1620 2375; x_wconf 79' lang='lat' dir='ltr'>Que&#39;sum</span> <span class='ocrx_word' id='word_1_390' title='bbox 1632 2345 1706 2366; x_wconf 85' lang='lat' dir='ltr'>mu—</span> 
     </span>
     <span class='ocr_line' id='line_1_62' title="bbox 1024 2385 1705 2425; baseline 0.001 -7"><span class='ocrx_word' id='word_1_391' title='bbox 1024 2390 1139 2425; x_wconf 82' lang='lat' dir='ltr'>talus,·</span> <span class='ocrx_word' id='word_1_392' title='bbox 1158 2385 1324 2419; x_wconf 79' lang='lat' dir='ltr'>Heinsius</span> <span class='ocrx_word' id='word_1_393' title='bbox 1340 2392 1463 2419; x_wconf 84' lang='lat' dir='ltr'>monet</span> <span class='ocrx_word' id='word_1_394' title='bbox 1480 2397 1499 2418; x_wconf 91' lang='lat' dir='ltr'>e</span> <span class='ocrx_word' id='word_1_395' title='bbox 1515 2391 1705 2420; x_wconf 76' lang='lat' dir='ltr'>consuetu-</span> 
     </span>
     <span class='ocr_line' id='line_1_63' title="bbox 1025 2437 1651 2483; baseline 0.002 -12"><span class='ocrx_word' id='word_1_396' title='bbox 1025 2437 1106 2472; x_wconf 88' lang='lat' dir='ltr'>dine</span> <span class='ocrx_word' id='word_1_397' title='bbox 1122 2438 1241 2473; x_wconf 84' lang='lat' dir='ltr'>Nostri</span> <span class='ocrx_word' id='word_1_398' title='bbox 1253 2438 1475 2472; x_wconf 88' lang='lat' dir='ltr'>scribendum</span> <span class='ocrx_word' id='word_1_399' title='bbox 1486 2464 1494 2480; x_wconf 93' lang='lat'>,</span> <span class='ocrx_word' id='word_1_400' title='bbox 1511 2442 1571 2483; x_wconf 81' lang='lat' dir='ltr'>qui</span> <span class='ocrx_word' id='word_1_401' title='bbox 1578 2442 1651 2473; x_wconf 83' lang='lat' dir='ltr'>sim.</span> 
     </span>
    </p>

    <p class='ocr_par' dir='ltr' id='par_1_17' title="bbox 1025 2490 1704 2680">
     <span class='ocr_line' id='line_1_64' title="bbox 1073 2490 1704 2533; baseline 0.002 -10"><span class='ocrx_word' id='word_1_402' title='bbox 1073 2501 1085 2522; x_wconf 81' lang='grc' dir='ltr'><strong>ι</strong></span> <span class='ocrx_word' id='word_1_403' title='bbox 1093 2502 1121 2533; x_wconf 84' lang='lat'>7.</span> <span class='ocrx_word' id='word_1_404' title='bbox 1140 2490 1254 2523; x_wconf 68' lang='lat' dir='ltr'>litore</span> <span class='ocrx_word' id='word_1_405' title='bbox 1263 2492 1300 2523; x_wconf 80' lang='lat' dir='ltr'>in</span> <span class='ocrx_word' id='word_1_406' title='bbox 1312 2490 1455 2532; x_wconf 74' lang='lat' dir='ltr'>Italico5</span> <span class='ocrx_word' id='word_1_407' title='bbox 1471 2502 1528 2523; x_wconf 85' lang='lat' dir='ltr'>sex</span> <span class='ocrx_word' id='word_1_408' title='bbox 1539 2491 1640 2525; x_wconf 70' lang='lat' dir='ltr'><em>ltalia</em></span> <span class='ocrx_word' id='word_1_409' title='bbox 1649 2502 1659 2524; x_wconf 89' lang='lat'>.·</span> <span class='ocrx_word' id='word_1_410' title='bbox 1669 2495 1704 2524; x_wconf 77' lang='lat' dir='ltr'>et</span> 
     </span>
     <span class='ocr_line' id='line_1_65' title="bbox 1025 2539 1700 2585; baseline 0.003 -12"><span class='ocrx_word' id='word_1_411' title='bbox 1025 2552 1106 2574; x_wconf 86' lang='lat' dir='ltr'>mox</span> <span class='ocrx_word' id='word_1_412' title='bbox 1116 2541 1268 2585; x_wconf 89' lang='lat' dir='ltr'>quinque</span> <span class='ocrx_word' id='word_1_413' title='bbox 1277 2539 1455 2574; x_wconf 56' lang='lat' dir='ltr'>filesa-ania</span> <span class='ocrx_word' id='word_1_414' title='bbox 1463 2544 1564 2575; x_wconf 81' lang='lat' dir='ltr'>litora</span> <span class='ocrx_word' id='word_1_415' title='bbox 1574 2548 1700 2581; x_wconf 83' lang='lat' dir='ltr'>contra,</span> 
     </span>
     <span class='ocr_line' id='line_1_66' title="bbox 1025 2592 1702 2638; baseline 0.001 -12"><span class='ocrx_word' id='word_1_416' title='bbox 1025 2605 1130 2637; x_wconf 89' lang='lat' dir='ltr'>quarn</span> <span class='ocrx_word' id='word_1_417' title='bbox 1142 2593 1389 2638; x_wconf 87' lang='lat' dir='ltr'>repetitionem</span> <span class='ocrx_word' id='word_1_418' title='bbox 1403 2593 1598 2638; x_wconf 76' lang='lat' dir='ltr'>elegantem</span> <span class='ocrx_word' id='word_1_419' title='bbox 1607 2592 1702 2638; x_wconf 85' lang='lat' dir='ltr'>judi-</span> 
     </span>
     <span class='ocr_line' id='line_1_67' title="bbox 1025 2644 1325 2680; baseline 0.003 -3"><span class='ocrx_word' id='word_1_420' title='bbox 1025 2651 1078 2678; x_wconf 83' lang='lat' dir='ltr'>cat</span> <span class='ocrx_word' id='word_1_421' title='bbox 1089 2644 1325 2680; x_wconf 85' lang='lat' dir='ltr'>Burmannus.</span> 
     </span>
    </p>

    <p class='ocr_par' dir='ltr' id='par_1_18' title="bbox 1026 2696 1699 2793">
     <span class='ocr_line' id='line_1_68' title="bbox 1070 2696 1699 2743; baseline 0.005 -13"><span class='ocrx_word' id='word_1_422' title='bbox 1070 2709 1122 2730; x_wconf 91' lang='lat'>20.</span> <span class='ocrx_word' id='word_1_423' title='bbox 1145 2698 1290 2741; x_wconf 83' lang='lat' dir='ltr'>Aliquid</span> <span class='ocrx_word' id='word_1_424' title='bbox 1308 2701 1425 2742; x_wconf 66' lang='lat' dir='ltr'>regne&#39;f</span> <span class='ocrx_word' id='word_1_425' title='bbox 1451 2698 1553 2743; x_wconf 86' lang='lat' dir='ltr'>vulgo</span> <span class='ocrx_word' id='word_1_426' title='bbox 1575 2700 1589 2742; x_wconf 91' lang='lat'><strong>(</strong></span> <span class='ocrx_word' id='word_1_427' title='bbox 1608 2705 1644 2733; x_wconf 81' lang='lat' dir='ltr'>et</span> <span class='ocrx_word' id='word_1_428' title='bbox 1662 2696 1699 2732; x_wconf 76' lang='lat' dir='ltr'>in</span> 
     </span>
     <span class='ocr_line' id='line_1_69' title="bbox 1026 2748 1698 2793; baseline 0 -11"><span class='ocrx_word' id='word_1_429' title='bbox 1026 2748 1142 2793; x_wconf 81' lang='lat' dir='ltr'>Regiis</span> <span class='ocrx_word' id='word_1_430' title='bbox 1167 2748 1370 2793; x_wconf 84' lang='lat' dir='ltr'>codicibus)</span> <span class='ocrx_word' id='word_1_431' title='bbox 1396 2752 1538 2793; x_wconf 67' lang='lat' dir='ltr'>aliquod</span> <span class='ocrx_word' id='word_1_432' title='bbox 1557 2762 1698 2793; x_wconf 71' lang='lat' dir='ltr'>regnum.</span> 
     </span>
    </p>
   </div>
  </div>
 </body>
</html>
