1820 3106
342 274 1030 324 METAMORPHOSEON
1066 281 1195 327 LIB.
1237 287 1314 329 XI
1332 287 1390 333 V.

1496 289 1583 344 483

162 367 376 417 Postibus
392 368 609 427 intendi-t,
633 371 874 438 posuitque
898 374 945 421 in
965 374 1115 424 limine
1132 377 1254 427 duro

161 444 303 494 Molle
326 445 470 503 latus,
494 446 700 515 tristique
724 469 829 498 serae
848 453 1051 501 convicia
1075 454 1191 503 fecit.

1522 486 1589 522 710

157 522 349 572 Surdior
369 522 443 573 illa
462 524 580 574 freto
606 539 836 589 surgente,
858 529 1117 580 cadentibus
1142 533 1291 582 Haedis
1309 571 1321 591 ‚

161 601 328 649 Durior
345 613 396 651 et
418 602 559 662 ferro,
586 605 709 671 quod
733 607 923 655 Noricus
943 610 1153 675 excoquit
1173 611 1290 675 ignis
1305 649 1318 671 ,

160 679 221 727 Et
234 697 346 728 saxo
359 717 372 738 ‚
393 681 519 748 quod
542 681 686 731 adhuc
708 683 805 732 viva
825 685 968 734 radice
994 698 1196 747 tenetur;

154 757 340 824 Spernit
354 796 366 818 ‚
391 772 436 808 et
457 760 637 820 irridet,
660 762 875 829 factisque
893 762 1139 814 immitibus
1159 767 1287 816 addit

157 834 307 884 Verba
327 837 518 903 superba
537 837 658 886 ferox
677 858 688 896 ;
704 850 752 887 et
769 858 847 905 spe
870 859 1050 907 quoque
1067 842 1243 892 fraudat
1259 857 1490 896 amantem.
1522 861 1585 908 715

155 912 262 961 Non
287 913 390 963 tulit
412 915 648 983 impatiens
671 915 796 980 longi
816 929 1042 967 ,tormenta
1065 921 1231 971 doloris

157 989 310 1056 Iphis,
337 1002 381 1039 et
402 1003 505 1041 ante
528 992 646 1041 fbres
668 993 761 1042 haec
782 995 916 1044 verba
939 998 1176 1047 novissima
1199 999 1339 1049 dixit:

157 1091 183 1111 «ι
211 1069 365 1118 Vincis
379 1107 392 1128 ‚
417 1071 663 1120 Anaxarete
686 1093 696 1120 :
717 1091 860 1140 neque
885 1087 1017 1123 erunt
1039 1076 1123 1124 tibi
1150 1076 1276 1127 taedia
1299 1078 1478 1128 tandem

161 1167 185 1188 »
213 1144 316 1194 Ulla
337 1145 515 1195 ferenda
542 1148 628 1197 mei
648 1168 658 1197 :
680 1148 803 1198 lae-tos
825 1149 981 1200 molire
1007 1151 1284 1220 triumphos,

159 1247 184 1268 π
212 1226 272 1274 Et
292 1226 450 1275 Paeana
471 1246 579 1276 voca
594 1265 606 1285 ‚
631 1229 858 1295 nitidaque
881 1230 1103 1294 incingere
1129 1232 1271 1282 lauro.

1525 1260 1591 1297 720

158 1325 183 1346 ιο
208 1304 363 1353 Vincis
386 1305 502 1354 enim
519 1342 531 1364 ‚
555 1306 810 1373 moriorque
833 1306 1005 1367 libens;
1027 1328 1107 1372 age
1122 1348 1134 1366 ,
1160 1311 1324 1371 ferrea,
1350 1312 1503 1375 gaude.

159 1406 183 1426 »
213 1383 345 1432 Certe
368 1382 539 1451 aliquid
562 1383 739 1433 laudare
762 1386 848 1434 mei
870 1387 1046 1449 cogeris
1063 1424 1074 1445 ‚
1097 1388 1271 1455 eritque
1369 1381 1371 1384 ⁵

152 1495 222 1530 tius
232 1520 242 1539 ,
256 1495 327 1539 IV,
344 1509 423 1543 ¹¹7¹
437 1509 446 1537 ;
459 1495 683 1542 Propertius,
699 1497 716 1531 1
727 1523 736 1541 ,
750 1507 834 1541 xvr,

152 1564 185 1596 7.
201 1550 285 1586 Non
305 1549 414 1584 modo
429 1562 575 1585 coronas
591 1576 601 1594 ,
626 1549 686 1585 sed
711 1550 835 1595 januas

151 1603 259 1639 etiam
274 1603 362 1649 ipsas
377 1606 598 1650 lacrymarum
612 1616 686 1639 rore
702 1602 834 1649 irriga-

149 1655 256 1697 δίπαις
267 1654 422 1690 Martial.
431 1654 479 1699 X,
491 1654 611 1702 Epigr.
621 1655 669 1690 13.
682 1655 724 1690 In
739 1654 835 1690 nuda

147 1708 262 1744 humo
278 1715 338 1744 aut
353 1711 436 1745 duro
451 1712 568 1744 limine
586 1712 602 1755 (
611 1710 667 1745 cui
683 1710 835 1745 suaviter

149 1760 341 1807 opponitur
364 1763 465 1795 molle
488 1764 581 1796 latus
604 1763 618 1806 )
645 1762 832 1807 jacebant3

148 1812 376 1858 Propertius,
399 1812 478 1856 111,
495 1823 588 1856 xm,
613 1813 675 1855 ¹63
705 1814 835 1848 Noster

149 1864 228 1900 Art.
240 1863 324 1900 Am.
340 1865 378 1900 11
392 1890 402 1908 ‚
425 1865 500 1899 238.
516 1864 632 1900 Stulte
651 1864 758 1900 etiam
779 1867 835 1910 ja-

148 1917 228 1951 nuis
240 1916 296 1951 vel
309 1928 429 1962 preces
445 1915 676 1960 adhibebant,
692 1918 747 1952 vel
758 1931 834 1952 con-

147 1967 440 2013 patefaciebant,
457 1969 559 2014 eique
571 1969 740 2004 imbrium
756 1962 834 2005 {er-

145 2024 232 2058 bera
241 2022 411 2068 Jovisque
422 2022 573 2058 fulmina
590 2024 833 2068 imprecaban—

150 2083 227 2117 tur;
237 2074 354 2110 Tibul.
364 2075 382 2110 1
391 2100 402 2118 ,
415 2085 446 2109 11
455 2101 465 2119 ‚
481 2074 502 2109 6
513 2087 586 2120 sqq.
606 2076 728 2109 Tu‘stzzc
734 2089 829 2118 sera,

147 2136 190 2164 ut
205 2128 319 2174 samm
334 2128 493 2175 vdiJJ'fciaVis
508 2127 597 2174 apud
621 2128 800 2163 Tibullum
818 2155 828 2172 ‚

149 2180 184 2216 d.
198 2180 219 2215 l.
238 2181 420 2226 Tristisque
439 2192 505 2226 pro
525 2183 679 2226 mittique
700 2181 831 2227 accepit

148 2234 319 2269 Heinsius
331 2247 373 2269 ex
387 2246 462 2268 uno
477 2233 579 2269 Basil.

195 2301 213 2332 7
221 2301 232 2321 ι
243 2300 269 2321 1.
277 2287 417 2320 Surdior
419 2284 523 2328 frelo.
537 2285 593 2319 De
610 2285 677 2322 hoc
689 2299 829 2332 prover-

145 2337 207 2375 bio
216 2337 295 2373 vide
308 2337 496 2373 Heinsium
514 2336 557 2371 ad
573 2336 608 2371 h.
622 2337 829 2384 l.—Surgens

146 2390 370 2427 fluctibus.—
385 2391 512 2424 Cadere
529 2388 572 2423 de
589 2402 711 2425 occasu
728 2391 828 2427 side-

147 2456 239 2478 rum.
254 2462 299 2469 —
315 2443 387 2478 Pro
408 2443 527 2477 lia-dne
550 2442 652 2476 multi
669 2443 821 2485 Austris,

147 2494 204 2530 vel
218 2496 333 2530 Euris.
342 2514 386 2521 —
398 2493 521 2529 Codex
536 2493 667 2540 Regius
680 2495 710 2529 B
724 2495 829 2531 habet

150 2548 276 2588 Euri&
299 2547 360 2581 sed
383 2547 450 2582 hoc
472 2547 590 2581 vocab.
613 2546 668 2581 vel
692 2548 828 2582 Austris·

148 2599 296 2645 glossam
310 2605 382 2634 esse
396 2606 491 2645 puto.
507 2601 573 2634 Ed.
584 2617 628 2624 ——
637 2599 739 2633 Hoedi
749 2598 828 2635 duae

149 2651 255 2688 stellae
266 2678 275 2695 ,
295 2665 380 2697 quas
395 2665 503 2687 manu
520 2659 617 2687 tenet
630 2651 760 2697 Auriga
770 2665 828 2688 su-

147 2717 212 2751 pra
225 2704 335 2739 Tauri
349 2716 481 2739 cornua
493 2730 502 2747 ‚
521 2716 670 2750 quarum
683 2711 719 2738 et
730 2711 827 2740 ortus

148 2764 184 2793 et
196 2770 334 2792 occasus
349 2756 561 2802 gravissimas
576 2756 724 2791 excitant
739 2764 827 2791 tem-

146 2815 315 2855 penaten
336 2808 513 2849 Theocrit.
532 2808 585 2846 td.
603 2809 675 2849 vll
688 2834 698 2854 ,
718 2810 769 2845 53.
783 2827 828 2838 --

901 1498 1036 1532 Ferrum
1059 1500 1215 1534 Noricum
1241 1507 1317 1536 erat
1343 1502 1590 1547 praestantissi-

901 1562 1024 1592 mum;
1042 1551 1202 1596 Plinius,
1220 1553 1402 1598 XXXIV,
1425 1557 1486 1600 143
1506 1555 1589 1592 hinc

900 1605 1046 1639 Noricus
1059 1609 1151 1640 ensis
1166 1607 1292 1643 Horat.
1308 1608 1325 1643 1
1335 1634 1345 1651 ,
1364 1607 1435 1644 Od.
1451 1620 1513 1643 xvl
1523 1636 1532 1653 ,
1546 1622 1588 1656 9:

901 1663 976 1691 erat
991 1664 1109 1691 autem
1126 1660 1286 1694 Noricum
1301 1660 1429 1707 Illyrici
1446 1674 1534 1706 pars.
1545 1679 1588 1687 —-—

897 1709 989 1743 Saxi
999 1711 1130 1744 radices
1145 1722 1190 1745 ex
1206 1711 1371 1747 Lucretio
1383 1739 1394 1756 ,
1421 1713 1458 1748 ΙΙ
1472 1739 1482 1756 ,
1513 1726 1591 1748 102.

899 1779 943 1788 —
955 1761 1026 1796 Pro
1036 1766 1114 1796 viva
1128 1765 1244 1797 radice
1257 1769 1398 1806 tenetur,
1417 1765 1499 1799 olim
1525 1766 1587 1808 (ut

900 1820 952 1847 est
965 1813 1002 1847 in
1014 1814 1142 1849 nostris
1154 1815 1329 1850 codicibus
1342 1817 1460 1863 Regiis
1473 1819 1486 1862 )
1499 1817 1587 1853 ede-

899 1864 1003 1899 batur
1015 1869 1125 1900 vivum
1144 1869 1259 1901 radice
1273 1875 1402 1902 tenetur
1416 1882 1426 1902 :
1444 1876 1479 1904 et
1496 1882 1586 1915 saepe

898 1919 976 1951 vim
998 1930 1106 1959 saxa,
1134 1926 1174 1953 ut
1192 1919 1265 1954 Vll
1279 1945 1288 1963 ‚
1315 1922 1391 1964 204.
1409 1939 1453 1947 —
1468 1923 1584 1956 Frau-

898 1973 967 2005 dat.
984 1971 1134 2006 Plurimi
1140 1971 1251 2016 fallit.
1263 1991 1308 1999 —
1319 1971 1469 2009 Codices
1481 1974 1584 2020 Regii

889 2022 1049 2066 fraudat.

944 2075 1017 2120 716.
1028 2077 1214 2119 Impatiens
1226 2103 1235 2117 ‚
1253 2077 1312 2122 qui
1327 2077 1473 2123 repulsae
1489 2078 1583 2113 dolo-

898 2141 975 2162 rem
987 2141 1062 2162 non
1077 2141 1179 2174 aequo
1189 2128 1261 2165 fert
1273 2131 1393 2165 animo
1404 2144 1412 2166 :
1424 2132 1583 2177 sequitur

895 2185 1171 2230 παρακλαυσίθυμν
1190 2208 1199 2225 ,
1227 2182 1263 2218 h.
1290 2192 1435 2217 carmen
1464 2182 1581 2220 flebile

896 2239 976 2267 ante
993 2231 1088 2267 fores
1105 2240 1228 2268 amatae
1243 2241 1433 2269 cantatum.

941 2297 1014 2329 720.
1030 2286 1080 2318 Et
1088 2287 1215 2320 Poeana
1223 2299 1317 2320 voca.
1331 2286 1389 2321 Sic
1404 2287 1484 2321 alibi
1495 2286 1581 2323 Ovi-

895 2335 994 2371 dius:
1010 2338 1145 2378 Dicite,
1168 2339 1209 2372 Io
1226 2339 1351 2378 Poean,
1372 2344 1425 2378 et,
1448 2340 1505 2379 Io,
1526 2342 1580 2373 bis

894 2391 996 2424 dicite
1015 2415 1025 2430 ‚
1057 2390 1169 2424 Poean.
1198 2389 1250 2424 Ea
1282 2390 1512 2435 gratulatione
1540 2391 1580 2425 in

893 2440 1080 2487 triumphis
1092 2448 1128 2476 et
1138 2441 1290 2476 victoriis
1301 2443 1351 2476 usi
1361 2450 1443 2476 sunt
1453 2468 1462 2485 ,
1473 2449 1578 2487 atque
1595 2443 1604 2450 “

894 2493 981 2528 adeo
999 2506 1136 2539 paeanas
1152 2493 1268 2528 dixere
1286 2494 1405 2528 omnia
1420 2494 1578 2539 epinicia.

893 2547 1076 2590 Nitidaque
1091 2549 1259 2591 incingere
1274 2550 1377 2581 laura.
1394 2547 1450 2581 De
1467 2550 1579 2582 nilida

893 2599 971 2633 vide
989 2598 1032 2632 ad
1049 2599 1066 2633 1
1078 2623 1088 2642 ,
1114 2600 1189 2633 552.
1206 2598 1391 2634 Coronare
1408 2625 1418 2643 ,
1435 2599 1573 2645 inquit,

893 2652 993 2686 viridi
1013 2652 1112 2686 lauro
1127 2666 1134 2694 ;
1151 2652 1187 2686 id
1204 2653 1298 2698 quod
1316 2654 1573 2700 triumphantes

892 2704 1060 2740 solebant.
1081 2706 1200 2739 Ed.—
1215 2707 1332 2741 Vincis
1352 2709 1450 2741 enim.
1473 2706 1573 2742 Olim

893 2757 1062 2792 edebatur
1083 2759 1218 2801 Vincit,
1235 2763 1287 2796 ait
1295 2771 1308 2806 ‚·
1327 2760 1494 2798 Heinsius
1507 2772 1574 2805 pu-

895 2810 991 2847 tabat
1012 2811 1132 2848 Vincis
1150 2812 1199 2845 Io.
