1820 3106
287 239 370 296 146

653 241 707 285 P.
749 241 989 287 OVIDII
1022 240 1327 286 NASONIS

279 358 303 379 »
331 335 457 400 Quin
476 333 670 383 animum
690 333 837 382 firmas
850 373 866 393 ,
887 346 1017 401 teque
1037 334 1134 401 ipsa
1159 333 1381 397 recolligis
1395 372 1406 393 ,
1431 336 1535 402 Iphi
1558 323 1588 397 ,-

278 436 302 457 »
332 411 609 478 Consiliique
633 412 789 478 inopes
814 423 858 460 et
879 411 1042 461 stultos
1063 412 1231 461 excutis
1252 413 1410 475 ignes?

1637 429 1703 476 74⁵

279 512 301 533 n
330 489 455 554 Quid
478 488 537 538 sis
559 501 661 537 nata
684 488 782 538 vide
800 526 811 547 ,
835 489 924 536 nisi
949 500 991 537 te
1016 508 1195 555 quoque
1214 489 1380 555 decipis
1401 490 1542 556 ipsam
1561 511 1573 540 ε

280 590 303 613 »
332 569 394 616 Et
415 578 516 634 pete
541 567 662 633 quod
686 565 752 615 fas
775 578 866 624 est3
892 578 936 614 et
960 586 1074 624 ama,
1103 567 1224 633 quod
1246 567 1407 616 femina
1429 559 1577 618 debes.

282 667 305 687 »
334 645 444 710 Spes
468 657 556 701 est,
583 663 679 710 quae
702 644 870 710 capiat,
898 663 999 710 spes
1025 655 1119 703 est,
1143 656 1239 710 quae
1261 657 1412 711 pascat
1434 665 1638 695 amorem.

282 746 304 768 »
333 725 461 772 Hanc
485 723 570 772 tibi
593 742 663 771 res
687 722 868 770 adimit:
889 741 979 770 non
1006 734 1048 770 te
1068 722 1269 770 custodia
1294 743 1393 771 caro

278 823 300 844 >³
327 802 462 849 Arcet
483 800 538 848 ab
562 798 791 866 amplexu,
817 818 899 847 nec
923 799 1040 847 cauti
1065 818 1168 846 cura
1190 800 1416 862 magistri,

1636 816 1702 861 750

278 900 300 919 ι)
329 879 433 925 Non
457 876 596 942 patris
619 875 834 941 asperitas
850 914 861 934 ,
882 894 974 923 non
996 894 1042 923 se
1061 887 1194 938 negat
1217 876 1312 942 ipsa
1333 876 1522 938 roganti.

279 977 301 996 »
328 955 422 1001 Nec
445 965 588 1001 tamen
610 963 677 1001 est
698 951 917 1018 potiunda
943 951 1024 999 tibi
1045 970 1054 998 ε
1078 969 1156 999 nec
1173 988 1184 1009 ,
1208 963 1259 999 ut
1284 952 1430 999 omnia
1448 951 1555 1000 fiant
1570 988 1586 1011 ‚‹

278 1052 300 1072 »
327 1032 436 1079 Esse
460 1042 589 1095 potes
613 1029 744 1086 felix;
770 1041 822 1076 ut
841 1030 990 1095 Dique
1010 1029 1298 1094 hominesque
1321 1029 1538 1078 laborent.

278 1130 301 1150 »
329 1108 462 1154 Nunc
483 1123 664 1172 quoque
684 1117 893 1153 votorum
918 1124 1020 1172 pars
1042 1125 1130 1154 una
1151 1118 1218 1154 est
1238 1125 1347 1155 vana
1365 1125 1562 1155 meorum
1582 1125 1592 1154 :

316 1242 388 1285 744.
405 1241 494 1283 Quin
505 1242 652 1273 animum
654 1241 787 1284 firmas.
798 1239 822 1274 J
825 1252 881 1273 am
893 1240 951 1274 in-
983 1270 985 1272 .

270 1294 352 1339 cipit
367 1306 403 1327 se
421 1292 582 1336 colligere
600 1317 609 1333 ,
637 1298 673 1325 et
690 1304 773 1325 sana
790 1298 862 1335 est,
888 1291 949 1326 sed

270 1358 351 1379 mox
364 1371 373 1387 ,
392 1351 431 1377 ut
442 1343 504 1386 fit,
522 1343 565 1376 ad
577 1343 711 1377 malum
722 1356 824 1377 suum
840 1343 950 1378 redit:

256 1400 383 1444 firmas
399 1409 462 1442 pro
475 1397 630 1439 obfirmas
640 1422 648 1436 ,
667 1395 772 1440 idque
787 1397 953 1431 Heinsius

272 1450 307 1484 h.
318 1450 339 1484 l.
350 1448 597 1494 reponendum
609 1455 726 1483 censet
739 1448 831 1489 ;sine
841 1462 953 1483 causa.

271 1502 430 1537 Tibullus
442 1502 510 1544 ait,
525 1501 581 1536 III
592 1527 601 1545 ,
617 1512 646 1535 ΙΙ
660 1527 669 1544 ,
687 1503 705 1535 5
721 1503 860 1545 ‚firmus
871 1529 879 1542 ,
894 1503 953 1547 qui

272 1554 401 1599 aliquid
419 1553 557 1588 sortiter
573 1553 705 1598 perfert
720 1567 728 1594 ;
748 1553 895 1597 Noster,
915 1555 952 1597 l,

272 1607 365 1641 Fast.
384 1607 446 1652 497
461 1606 619 1650 ,firmam
634 1617 726 1638 mens
739 1615 750 1646 ,⁸
775 1611 810 1638 et
826 1618 928 1650 supra
941 1631 951 1648 ,

273 1657 331 1693 III
350 1682 360 1700 ,
385 1657 450 1703 689
468 1682 477 1698 ,
501 1662 638 1689 mentem
650 1658 773 1700 firmat
791 1658 895 1690 Deus.
909 1675 954 1682 —-

273 1712 422 1745 Consilii
429 1713 561 1752 inopes,
581 1708 705 1752 quibus
721 1708 900 1743 consulere
915 1722 954 1744 ac

272 1761 409 1796 mederi
431 1772 539 1804 nemo
563 1765 676 1805 potest
698 1773 707 1801 3
741 1759 928 1793 Terentius
942 1787 951 1803 ‚

275 1813 368 1847 Eun.
387 1812 427 1854 I,
454 1822 468 1844 1
486 1836 495 1853 ‚
526 1823 563 1844 12
584 1836 592 1853 ,
617 1823 689 1854 qua*
710 1822 763 1844 res
788 1809 805 1855 (
824 1822 952 1855 nempe

273 1876 372 1898 amor
387 1862 403 1909 )
422 1867 458 1897 in
473 1875 510 1897 se
525 1874 627 1907 neque
641 1864 834 1902 consilium,
852 1874 955 1907 neque

271 1918 402 1950 modum
418 1917 520 1949 habet
531 1917 645 1948 ullum.
661 1932 706 1939 ——
722 1915 772 1948 Et
780 1921 867 1958 pete.
886 1914 955 1948 Sex

271 1969 389 2014 scripti
402 1970 449 2002 ld
455 1973 533 2012 pete
550 1980 560 2001 .-
578 1966 660 2001 inde
679 1966 846 2002 Heinsius
859 1980 953 2002 con-

272 2021 346 2066 jicit
362 2022 400 2061 I,
414 2027 514 2062 pete,·
533 2031 603 2064 quo
618 2025 761 2064 recepto
774 2018 953 2063 vulgatum

273 2074 369 2107 vides
379 2072 414 2105 in
424 2084 527 2105 versu
537 2070 748 2115 praecedenti
762 2096 771 2113 ,
784 2082 847 2115 pro
859 2072 950 2110 vide,

272 2125 401 2160 servari
414 2119 672 2169 posset—RQ.
683 2124 806 2166 nostri,
817 2126 866 2158 El
867 2130 952 2166 pete.

321 2178 393 2223 748.
410 2179 491 2220 Spes
503 2183 556 2211 est
567 2190 637 2220 quoe
649 2179 775 2220 capiat.
787 2175 952 2210 Heinsius

274 2236 392 2275 putat,
410 2228 611 2263 carnificem
629 2227 780 2271 aliquem
801 2226 856 2260 hic
878 2239 951 2260 esse

274 2282 464 2318 sententias
480 2282 648 2315 locutum.
666 2280 736 2314 Sed
751 2292 819 2324 quo
835 2279 952 2314 minus

273 2335 330 2369 hic
340 2347 459 2369 versus
467 2333 636 2376 deleatur,
646 2331 791 2377 impedit
801 2332 837 2365 in
849 2344 951 2366 versu

273 2400 344 2432 seq.
360 2399 412 2420 ms
424 2413 432 2426 ,
452 2398 529 2431 quae
544 2385 634 2419 bene
653 2383 843 2429 opponitur
857 2387 949 2427 spei,

273 2445 440 2472 monente
449 2437 554 2471 etiam
561 2436 778 2470 Burmanno.
787 2435 876 2469 Tan.
889 2436 918 2469 F
919 2448 950 2469 a·

272 2493 336 2525 ber
359 2494 477 2535 capiat
500 2497 613 2524 mutat
635 2490 671 2523 in
688 2489 827 2532 saciat,
855 2487 949 2533 quod

275 2551 391 2589 postea
408 2544 444 2577 in
463 2556 535 2577 uno
554 2542 622 2577 MS
638 2548 817 2587 repertum
840 2541 950 2593 placet

273 2595 379 2628 etiam
395 2596 604 2629 Burmanno
615 2619 624 2637 ,
647 2593 727 2638 quia
742 2593 810 2627 etl
826 2618 835 2636 ,
859 2592 923 2635 468
937 2618 947 2636 ,

261 2647 381 2690 facere
395 2659 558 2689 amorem‚·
579 2658 780 2692 quanquam
794 2657 867 2679 non
883 2658 950 2679 ne-

272 2705 328 2743 gat
341 2724 351 2742 ,
368 2703 484 2743 capiat
501 2713 642 2733 amorem
659 2711 755 2743 posse
774 2697 863 2731 sumi
879 2724 887 2740 ,
908 2703 948 2731 ut

271 2763 371 2784 versu
385 2751 449 2785 615
462 2777 471 2795 ,
491 2765 607 2795 capere
621 2754 729 2787 laclia.
748 2750 839 2784 Mihi
854 2750 947 2784 locus

1019 1241 1151 1286 optime
1167 1254 1203 1275 se
1219 1240 1346 1275 habere
1358 1240 1507 1275 videtur.
1519 1241 1571 1275 Ut
1587 1252 1703 1285 capere

1005 1296 1184 1339 flammas,
1210 1306 1301 1337 spem
1312 1321 1320 1334 ,
1334 1294 1470 1338 fastum
1481 1320 1489 1334 ,
1510 1301 1545 1328 et
1561 1293 1704 1337 similia,

1017 1346 1066 1381 sic
1082 1354 1118 1381 et
1133 1359 1249 1390 capere
1263 1359 1406 1380 amorem
1423 1345 1466 1379 de
1483 1346 1559 1390 ejus
1572 1345 1678 1380 initiis
1689 1371 1699 1388 ,

1018 1411 1096 1444 quae
1108 1405 1207 1443 capta
1222 1398 1301 1432 dein
1307 1397 1348 1432 de
1356 1397 1699 1443 pascuatam—Regii

1016 1450 1126 1485 nostri
1145 1476 1153 1494 ,
1178 1462 1242 1495 pro
1262 1456 1391 1494 pascat
1414 1449 1546 1484 habent
1562 1453 1698 1494 pascit:

1019 1502 1136 1536 minus
1151 1502 1253 1535 bene.

1062 1553 1136 1600 749.
1151 1551 1253 1586 Hanc
1263 1554 1330 1585 tibi
1335 1564 1389 1586 res
1399 1554 1528 1586 adimit.
1543 1552 1678 1587 Omnia
1687 1576 1697 1594 ,

1018 1615 1096 1648 quae
1113 1604 1310 1638 amantibus
1326 1616 1416 1649 saepe
1433 1603 1576 1639 adversa
1592 1611 1675 1638 sunt
1688 1629 1698 1647 ,

1017 1655 1263 1697 mihisavent3
1286 1655 1357 1690 sola
1377 1662 1503 1689 natura
1523 1655 1610 1689 mihi
1631 1668 1700 1689 no-

1017 1709 1291 1752 cet—Magistri
1302 1720 1321 1741 e
1336 1706 1426 1741 cod.
1440 1707 1600 1741 Francos.
1612 1713 1647 1742 et
1661 1708 1700 1742 18

1019 1758 1092 1793 aliis
1112 1766 1206 1794 recte
1226 1759 1397 1793 Burman.
1417 1759 1548 1804 recepit
1560 1784 1570 1802 ,
1589 1771 1698 1803 quum

1019 1817 1122 1846 antea
1147 1813 1264 1845 mariti
1280 1810 1464 1851 ederetur,
1488 1809 1583 1855 quod
1602 1811 1700 1846 nullo
1745 1817 1747 1819 '

1018 1863 1126 1897 modo
1138 1864 1222 1898 serri
1233 1870 1381 1909 poterat.
1393 1863 1432 1898 Si
1442 1866 1636 1908 magistrum
1647 1864 1698 1898 in—

1018 1915 1141 1961 telligis
1153 1915 1270 1949 literas
1282 1914 1469 1950 docentem
1481 1928 1500 1950 e
1511 1928 1600 1951 vers.
1615 1928 1674 1960 7¹7
1686 1941 1696 1957 ,

1017 1969 1172 2001 custodia
1187 1966 1374 2001 reserenda
1395 1974 1447 2002 est
1467 1966 1510 2001 ad
1529 1966 1697 2012 paedago—

1019 2032 1102 2064 gum
1112 2045 1121 2063 ‚
1139 2019 1197 2064 qui
1212 2019 1328 2064 pueris
1342 2019 1533 2064 puellisque
1548 2019 1697 2053 addeba-

1017 2078 1088 2114 tur,
1103 2078 1144 2105 ut
1159 2078 1246 2106 esset
1258 2077 1372 2106 custos
1388 2071 1467 2106 vitae
1482 2078 1518 2106 et
1533 2083 1695 2112 mornm;

1018 2122 1163 2156 Terent.
1174 2122 1324 2167 Adelph.
1335 2123 1352 2156 I
1362 2148 1371 2166 ,
1385 2133 1399 2156 1
1411 2149 1421 2166 ,
1434 2137 1486 2157 αι.
1496 2122 1696 2157 A‘Juvena-

1015 2174 1130 2217 li,VII
1141 2201 1150 2217 ,
1163 2188 1180 2207 2
1188 2176 1238 2217 ι8,
1251 2181 1394 2209 vocatur
1404 2177 1696 2219 dtlrcz‘pulicustos;

1018 2227 1060 2260 ab
1079 2227 1205 2261 Horat.
1217 2227 1246 2270 Ι,
1259 2226 1330 2261 Od.
1341 2237 1466 2270 xxxw,
1479 2229 1512 2270 8,
1529 2240 1588 2261 rex
1596 2239 1695 2271 puer-

1015 2283 1082 2314 tiae.
1097 2281 1268 2314 Burman.
1284 2293 1369 2315 vero
1383 2281 1694 2324 magzlrtrinomine

1020 2347 1118 2368 nunc
1141 2334 1241 2368 illum
1267 2341 1441 2368 rectorem
1462 2340 1497 2368 et
1514 2333 1694 2368 custodem

1015 2385 1174 2419 indicari.
1181 2385 1284 2419 Tunc
1293 2387 1448 2419 custodia
1457 2383 1578 2431 matris
1587 2391 1674 2418 esset
1685 2399 1692 2426 ;

1015 2437 1142 2471 Horat.
1157 2437 1172 2471 Ι
1185 2463 1194 2480 ,
1215 2437 1278 2482 Ep.
1295 2447 1308 2469 1
1319 2462 1329 2479 ,
1348 2450 1388 2469 22
1401 2462 1411 2479 ,
1425 2448 1507 2481 quos
1519 2438 1604 2470 dura
1614 2448 1694 2479 pre-

1015 2493 1078 2522 mit
1098 2491 1252 2522 custodia
1272 2494 1421 2522 matrum.
1445 2487 1537 2521 Vide
1561 2499 1625 2522 nos
1649 2487 1692 2521 ad

1016 2542 1171 2584 Plinium
1186 2567 1195 2585 ‚
1214 2542 1247 2573 V
1259 2567 1269 2584 ‚
1294 2540 1359 2585 Ep.
1375 2550 1439 2574 XVI
1451 2565 1461 2583 ,
1485 2541 1516 2575 3.
1531 2559 1574 2566 --
1590 2540 1692 2585 Regii

1014 2594 1125 2628 nostri
1148 2592 1296 2627 Codices
1309 2618 1318 2636 ,
1342 2605 1423 2626 cura
1440 2596 1570 2634 mariti,
1597 2591 1691 2637 quod

1015 2645 1183 2680 Heinsius
1199 2646 1326 2678 mutari
1341 2651 1444 2679 vetat.
1458 2646 1525 2679 Ed.

1059 2700 1131 2743 754.
1144 2700 1240 2732 Nunc
1249 2710 1374 2742 quoque
1385 2705 1449 2732 etc.
1465 2697 1516 2731 Ita
1530 2697 1624 2731 hunc
1635 2695 1689 2730 lo-

1012 2763 1092 2784 cum
1121 2751 1345 2784 Burmannus
1374 2749 1553 2785 constituit
1580 2747 1687 2782 ductu
